3650 5675
723 512 813 584 1847,
836 511 891 574 2-5
913 510 982 574 mai.
1488 513 1552 578 818

184 673 220 730 et
241 672 434 750 pennntata
458 663 551 729 licite
575 662 748 741 obtinere;
770 670 806 728 et
832 661 924 745 quod
949 660 991 727 de
1018 661 1083 727 def.
1112 663 1299 748 hujusmodi
1327 665 1360 728 in
1383 665 1547 747 aliquibus

184 768 298 853 gratiis
322 788 384 854 pro
410 787 452 832 eo
478 767 521 831 de
547 765 662 832 cetero
688 764 906 850 impetrandis
928 783 996 830 non
1018 773 1174 830 teneatur
1196 766 1304 833 facere
1327 768 1551 848 mentionem,¹

185 872 385 938 auctoritate
408 879 516 957 apost.
536 890 651 936 secum
666 868 849 953 dignemini
864 867 1067 952 dispensare,
1084 868 1259 954 ipsumque
1274 870 1413 956 perinde
1428 871 1546 936 habili-

184 985 257 1042 tare
272 997 313 1042 ac
329 975 355 1040 si
372 974 459 1040 soret
473 973 516 1040 de
531 972 683 1058 legitimo
697 972 916 1038 matrimonio
931 980 1135 1058 procreatus.
1150 1010 1182 1022 -
1199 973 1307 1040 Possit
1320 975 1471 1040 obtinere
1482 975 1544 1040 tria

186 1079 358 1157 beneficia,
379 1079 483 1144 etiam
505 1078 533 1142 si
556 1079 699 1142 alterum
714 1076 758 1142 sit
774 1085 936 1156 curatum,
952 1085 988 1141 et
1003 1076 1105 1142 etiam
1122 1077 1148 1141 si
1165 1097 1239 1143 can.
1254 1085 1290 1142 et
1305 1079 1396 1163 preb.
1413 1079 1446 1141 in
1464 1079 1546 1144 eccl.

187 1182 346 1261 cathedr,
363 1190 398 1246 et
413 1181 518 1267 possit
533 1188 734 1267 permutare.
747 1179 787 1246 R.

229 1285 308 1351 Dat.
323 1286 422 1351 Avia.
441 1289 459 1349 6
475 1284 544 1350 kal.
559 1284 637 1350 maii
653 1291 688 1350 a⁰
705 1291 746 1368 5⁰.
763 1285 836 1367 (10,
852 1288 956 1368 1461).

237 1420 375 1503 1194.
1273 1455 1368 1520 1347,
1389 1458 1408 1500 2
1425 1439 1502 1502 mai.

227 1538 329 1623 Supp.
354 1536 528 1615 Johannes
552 1537 685 1602 Greelle
703 1552 723 1618 ¹,
751 1537 935 1602 Nivemen.
960 1536 1047 1602 dioc,
1072 1537 1159 1618 cler,
1184 1541 1379 1605 secretarius
1415 1542 1553 1608 comitis.

185 1639 441 1723 valentinensis,
467 1649 558 1726 quat.
581 1642 642 1706 sibi
667 1641 709 1707 de
734 1661 807 1706 cau.
835 1649 870 1706 et
899 1642 992 1725 preb.
1016 1642 1097 1706 eccl.
1122 1640 1340 1725 Burdegalen.
1364 1641 1544 1728 dignemini

184 1745 381 1830 providere3
409 1766 478 1811 non
503 1748 588 1810 obst.
613 1745 704 1828 quod
728 1764 801 1810 can.
826 1747 887 1810 sub
913 1765 989 1828 exp.
1017 1747 1109 1830 preb.
1135 1746 1216 1810 eccl.
1242 1745 1273 1810 S.
1294 1747 1477 1813 Andomari
1503 1747 1545 1813 de

184 1849 216 1912 S.
226 1849 431 1930 Audomam,
444 1848 611 1914 Morinen.
622 1849 720 1930 dioc,
730 1848 879 1913 noscitur
894 1847 1057 1913 obtinere.
1067 1888 1110 1896 —
1121 1847 1196 1914 Fiat
1208 1847 1250 1913 de
1263 1869 1335 1914 can.
1349 1857 1384 1915 et
1398 1854 1490 1936 preb.
1505 1851 1546 1920 R.

228 1952 305 2018 Dat.
320 1953 422 2018 Avin.
441 1958 458 2017 6
474 1953 649 2019 nominali
666 1960 698 2017 a⁰
716 1959 758 2036 5⁰.
776 1954 847 2035 (10,
868 1958 971 2034 1511).

238 2091 372 2175 1195.
1277 2123 1372 2187 1347,
1389 2127 1408 2168 2
1426 2107 1502 2170 anai.

227 2208 327 2294 Supp.
343 2206 529 2272 Winandus
550 2207 593 2273 de
616 2207 767 2287 Diteren,
784 2207 865 2272 olim
885 2227 978 2291 perp.
995 2225 1068 2291 cap.
1085 2207 1198 2272 altaris
1215 2207 1246 2272 S.
1263 2207 1414 2290 Quintilii
1442 2209 1495 2274 siti
1513 2210 1551 2274 in

184 2312 386 2378 monasterio
411 2309 575 2390 Blisiensi,
601 2311 643 2376 O.
668 2311 700 2375 S.
728 2310 777 2390 B,
803 2310 925 2375 valoris
946 2330 982 2392 14
1002 2309 1074 2374 flor.
1091 2311 1172 2390 auri,
1197 2319 1231 2375 et
1254 2309 1437 2392 Jolrannes,
1461 2313 1546 2376 filins

183 2416 351 2498 quondam
376 2415 563 2481 Franconis
587 2413 742 2480 Mercerii
770 2413 813 2478 de
836 2413 1002 2497 Trajecto,
1031 2414 1111 2478 olim
1134 2435 1226 2500 perp.
1251 2417 1496 2481 matricularius
1512 2417 1544 2481 in

182 2521 264 2584 cccl.
290 2520 322 2585 S.
345 2521 479 2584 Amoris
499 2518 734 2604 Trajectensis,
751 2516 912 2582 Leodien.
929 2516 1027 2594 dioc,
1044 2516 1134 2599 qnod
1150 2537 1226 2581 cum
1242 2517 1303 2602 ipsi
1321 2519 1471 2602 predicta
1487 2540 1545 2584 sua

181 2625 268 2702 beu,
284 2644 350 2707 que
366 2633 447 2688 tunc
463 2623 671 2700 obtinebant,
688 2629 849 2686 consueta
864 2640 924 2704 per
940 2621 1105 2683 seculares
1121 2621 1198 2684 cler.
1214 2621 1400 2703 gubernari,
1410 2622 1444 2685 in
1454 2642 1544 2686 man.

183 2725 223 2790 R.
239 2725 276 2791 P.
292 2727 384 2792 dom.
401 2726 573 2811 Stephani,
590 2725 691 2810 episc.
716 2725 748 2788 S.
770 2723 881 2788 Pontii
902 2721 1169 2802 'l‘lromeriarnm
1188 2724 1359 2788 camerarii
1376 2724 1487 2804 vestri,
1504 2746 1544 2788 ex

181 2851 281 2896 cansa
296 2829 554 2916 permutationis
569 2829 611 2895 de
627 2827 706 2914 ipsis
718 2831 794 2893 ben.
805 2827 885 2892 hinc
898 2827 976 2892 inde
989 2826 1150 2907 faciende,
1166 2826 1321 2894 duxerint
1337 2828 1543 2912 resignanda,

180 2933 337 3017 idemque
352 2934 442 2999 dom.
459 2933 561 3019 episc.
577 2932 747 3018 predictas
761 2931 1005 3014 resignationes
1019 2930 1061 2996 de
1078 2930 1213 3017 speciali
1226 2932 1387 2997 mandato
1398 2952 1458 3019 per
1470 2932 1543 2998 SV.

181 3037 257 3100 vive
283 3038 376 3103 vocis
403 3039 540 3103 oraculo
564 3036 625 3100 sibi
653 3036 743 3099 facto
770 3034 968 3114 adrniserit;
995 3042 1160 3117 quatenus
1190 3035 1282 3101 dicto
1307 3035 1475 3101 Winando
1501 3036 1543 3101 de

179 3141 403 3206 matricularie
426 3140 549 3220 officio,
565 3148 601 3204 et
616 3138 710 3204 dicto
725 3137 872 3216 Jobanni
889 3139 932 3203 de
947 3158 1040 3223 perp.
1058 3139 1174 3223 capell.
1199 3140 1404 3225 supradictis,
1428 3141 1542 3224 digne-

179 3243 262 3307 mini
278 3245 464 3329 providere.
479 3284 523 3295 --
540 3243 617 3309 Fiat
634 3264 695 3329 pro
710 3251 852 3325 utroque
870 3242 909 3307 R.

224 3345 304 3411 Dat.
319 3348 419 3413 Avin.
438 3354 455 3413 6
472 3370 551 3414 non.
567 3348 649 3413 maii
664 3356 698 3412 a⁰
715 3356 756 3431 5⁰.
776 3354 847 3430 (10,
869 3350 956 3431 158).

235 3481 371 3565 1196.
1271 3514 1366 3581 1317,
1384 3521 1402 3561 2
1420 3500 1497 3563 mal.

224 3597 324 3685 Supp.
351 3598 499 3677 Jacobus
525 3602 568 3667 de
596 3600 777 3680 Placentia,
803 3600 834 3666 S.
851 3599 890 3664 V.
917 3621 991 3686 cap.
1026 3610 1061 3665 et
1094 3600 1248 3666 Albricus
1270 3602 1312 3665 de
1337 3600 1477 3665 Nicellis
1499 3601 1541 3665 de

182 3698 352 3767 Placentia
367 3703 457 3787 qnod
481 3723 558 3769 cum
581 3702 729 3781 Jacobus
741 3724 815 3768 can.
828 3710 863 3767 et
875 3706 967 3789 preb.
981 3706 1012 3768 S.
1027 3703 1203 3768 Michaelis
1220 3703 1354 3785 majoris
1370 3702 1542 3787 Papiensis

178 3810 215 3867 et
228 3805 382 3873 Albricus
398 3826 471 3872 can.
490 3815 525 3872 et
540 3810 633 3893 preb.
647 3807 832 3872 Placentin.
845 3807 928 3871 ecel.
942 3826 1041 3871 causa
1063 3804 1320 3890 permutationis
1334 3804 1541 3888 resignarint,

179 3915 270 3991 quat.
301 3908 584 3995 [permutationes
612 3910 893 3995 conlinnentrrr];
918 3931 987 3975 non
1009 3911 1094 3975 obst.
1111 3908 1201 3992 quod
1225 3907 1371 3993 prefatus
1394 3906 1542 3985 Jacobus

178 4014 423 4098 preposituram
439 4023 588 4081 curatam
605 4022 640 4079 et
655 4035 729 4079 can.
746 4034 787 4079 ac
803 4014 884 4079 duas
900 4013 1087 4098 prebendas
1103 4012 1137 4076 iu
1153 4012 1330 4075 S.Antouii
1343 4010 1540 4092 Placentini,

178 4124 215 4179 et
231 4115 265 4179 in
282 4116 313 4181 S.
330 4115 469 4183 Martini
486 4118 515 4183 T
517 4139 655 4185 uronen.
677 4138 750 4183 can.
776 4127 811 4181 et
835 4120 938 4201 preb,
955 4137 996 4181 ac
1019 4117 1052 4180 in
1077 4117 1108 4180 S.
1125 4114 1306 4179 Andomari
1322 4113 1365 4178 de
1381 4114 1412 4179 S.
1428 4114 1540 4180 nudo-

179 4240 282 4301 mam,
311 4219 479 4287 Morinen.
506 4223 603 4304 dioc,
632 4242 705 4287 can.
732 4224 792 4287 sub
819 4241 894 4306 exp.
923 4224 1014 4307 preb.
1039 4220 1187 4285 noscitur
1211 4218 1361 4283 obtinere
1377 4239 1435 4284 seu
1451 4220 1541 4303 quod

180 4324 326 4410 prefatus
349 4327 504 4392 Albricus
531 4327 564 4391 in
591 4326 743 4413 predicta
767 4327 849 4391 eccl.
875 4325 906 4390 S.
931 4324 1113 4390 Audornari
1138 4344 1213 4388 can.
1229 4330 1264 4387 et
1279 4324 1370 4408 preb.
1393 4323 1541 4388 noscitur

179 4426 342 4493 obtinere.
364 4464 397 4476 -
419 4427 495 4495 Fiat
512 4428 553 4494 R.

222 4530 303 4597 Dat.
317 4532 419 4598 Avin.
438 4536 455 4596 6
479 4554 558 4599 non.
574 4533 652 4598 maii
670 4540 704 4599 a⁰
721 4539 763 4615 5⁰.
781 4532 854 4616 (10,
876 4533 963 4615 160).

233 4669 367 4752 1197.
1269 4698 1365 4764 1347,
1380 4683 1495 4762 511101.

222 4786 322 4873 Supp.
350 4786 471 4868 Guido,
496 4788 548 4853 tit.
570 4788 602 4853 S.
620 4787 745 4854 Cecilie
767 4791 875 4873 presb.
897 4786 996 4868 card,
1020 4794 1110 4869 quat.
1127 4785 1186 4849 sibi
1212 4785 1244 4849 in
1268 4806 1352 4870 pers.
1377 4784 1541 4851 Dalmatii

210 4945 234 4993 l..
246 4943 307 4990 Voir
318 4958 343 4992 n.
358 4946 426 5002 11111,
442 4946 512 4993 1185.
