3650 5675
729 477 816 551 1344,
840 479 874 541 21
897 476 1015 543 ie'vrier.
1088 439 1089 442 Ἴ
1500 484 1557 547 155

193 624 479 711 [permutationes
502 627 654 715 valeant]
671 652 679 708 ;
702 650 770 695 non
788 632 873 694 obst.
890 628 981 714 quod
1006 629 1115 694 dictus
1131 628 1298 697 Gerardus
1323 653 1398 697 can.
1414 642 1449 699 et
1464 637 1556 719 preb.

194 729 227 793 in
245 732 327 795 eccl.
344 730 515 813 Leodien.,
533 731 571 798 B.
590 730 639 797 M.
654 733 830 816 Aquensis,
848 734 879 799 S.
896 732 1052 817 Gengulfi
1077 732 1378 819 Heynsbergensis,
1395 737 1556 803 Leodien.

189 833 291 915 dioc.‚
317 834 349 899 S.
375 834 523 900 Severini
545 834 722 901 Colonien.
747 857 882 903 necnon
898 856 972 902 can.
993 844 1028 901 et
1050 840 1142 921 preb.
1160 858 1236 903 curn
1262 842 1497 925 supplemento
1522 850 1557 907 et

192 938 404 1003 scolastriam
429 938 460 1003 S.
477 939 660 1007 Salvatoris
675 939 865 1025 Trajecten.
881 940 1030 1007 noscitur
1046 940 1207 1006 obtinere.
1217 982 1260 990 -
1277 940 1354 1007 Fiat
1371 943 1411 1009 R.

237 1042 316 1107 Dat.
332 1063 385 1128 ap.
402 1042 649 1109 villamnovam
667 1065 684 1125 9
702 1043 766 1109 kal.
783 1052 879 1109 mart.
895 1052 929 1109 a⁰
946 1051 987 1109 2⁰.
1005 1045 1057 1127 (4,
1076 1045 1166 1128 211).

242 1203 355 1286 667.
1209 1243 1304 1307 1344,
1321 1242 1361 1286 21
1370 1222 1512 1309 sevrier.
1634 1271 1636 1276 .

234 1322 290 1385 S'l‘
307 1321 417 1387 Pater.
436 1320 563 1408 Nuper,
580 1323 622 1388 ad
649 1325 788 1410 supplic.
807 1323 962 1409 Hugonis
989 1325 1031 1391 de
1048 1324 1231 1412 Maupiliis‚
1255 1326 1445 1392 cancellarii
1474 1325 1557 1390 Tor-

189 1446 317 1507 nacen,
334 1447 374 1491 ac
401 1426 535 1511 nepotis
549 1447 615 1492 rec.
632 1448 732 1493 mem.
759 1428 849 1495 dom.
876 1429 1022 1510 Andree,
1038 1430 1091 1494 tit.
1118 1429 1149 1493 S.
1166 1430 1315 1495 Susanne
1330 1433 1439 1515 presb.
1455 1428 1555 1509 card,

189 1528 341 1606 Johanni
358 1529 400 1594 de
416 1528 590 1597 Galicariis
606 1531 648 1596 de
666 1530 849 1613 Florentia,
865 1554 953 1617 mag.
979 1534 1013 1597 in
1030 1541 1103 1614 art,
1131 1542 1165 1597 et
1193 1534 1311 1599 scolari
1336 1533 1369 1597 in
1383 1534 1457 1619 jure
1480 1533 1555 1611 civ,

191 1634 309 1719 nepoti
334 1633 435 1720 ipsius
452 1632 611 1719 Hugonis
628 1643 646 1715 ¹,
664 1634 695 1700 S.
714 1634 752 1700 V.
777 1636 926 1722 providit
950 1637 993 1701 de
1017 1633 1203 1722 plebanatu
1227 1638 1335 1723 plebis
1351 1637 1382 1701 S.
1399 1635 1488 1713 Julie
1514 1636 1556 1701 de

193 1735 353 1818 Liburna,
370 1738 522 1803 Pisanen.
538 1738 635 1821 dioc.‚
652 1760 726 1805 vac.
743 1760 802 1826 per
829 1743 882 1806 ob.
899 1740 1001 1825 ipsius
1017 1739 1107 1805 dom.
1124 1741 1234 1806 card...
1251 1763 1258 1819 ;
1276 1762 1341 1825 que
1356 1742 1471 1826 plebes
1486 1760 1555 1804 non

195 1841 298 1906 solvit
313 1842 520 1927 prodecima
536 1843 622 1907 ultra
639 1864 677 1927 25
696 1843 788 1924 flor.;
815 1864 883 1909 non
909 1847 995 1910 obst.
1012 1842 1103 1929 quod
1119 1845 1207 1911 idern
1233 1844 1408 1922 Jobannes
1423 1844 1456 1907 in
1474 1842 1555 1908 Tor-

190 1965 311 2011 nacen.
328 1966 402 2011 can.
419 1954 455 2011 et
469 1949 571 2034 preb,
588 1947 670 2011 etin
689 1946 858 2013 Morinen.
875 1969 949 2014 can.
966 1950 1026 2013 sub
1043 1970 1118 2035 exp.
1131 1951 1222 2034 preb.
1234 1948 1384 2013 noscitur
1393 1947 1556 2012 obtinere.

188 2048 327 2129 Verum,
352 2049 542 2115 beatissime
576 2060 682 2137 pater,
708 2072 785 2116 cum
812 2052 906 2117 stilus
932 2060 1041 2117 vestre
1066 2052 1274 2132 cancellarie,
1298 2059 1336 2115 ut
1366 2050 1497 2129 dicitur,
1521 2049 1554 2112 in

190 2174 285 2218 more
300 2174 359 2218 seu
374 2175 433 2218 usu
460 2175 529 2219 non
554 2155 679 2221 babeat
695 2176 821 2241 ponere
845 2157 995 2222 valorem
1021 2156 1262 2222 beneficiorum
1281 2158 1341 2221 sub
1357 2141 1465 2220 forma
1481 2174 1555 2239 pre·

188 2257 306 2337 dicta;
333 2259 440 2344 suppl.
466 2259 645 2324 clementie
672 2268 782 2325 vestre
807 2258 896 2325 idem
922 2259 1104 2341 lohannes,
1129 2268 1220 2344 quat.
1247 2260 1281 2324 in
1307 2258 1553 2345 supplicatione

191 2360 294 2447 priori
310 2360 493 2446 dignemini
520 2361 679 2427 mandare
703 2362 826 2448 apponi
855 2370 889 2427 et
906 2362 994 2443 addi,
1022 2362 1112 2446 quod
1135 2362 1243 2448 plebis
1268 2362 1370 2447 ipsius
1385 2360 1554 2441 fructus...,

189 2466 288 2551 juxta
303 2474 373 2531 tax.
389 2466 527 2551 antique
551 2465 691 2547 decime,
719 2487 780 2551 250
797 2466 868 2532 flor.
884 2469 1034 2532 valorem
1059 2486 1208 2530 annuum
1232 2485 1301 2529 non
1318 2464 1503 2543 excedunt,
1515 2483 1555 2527 ac

190 2570 298 2634 etiam
315 2570 404 2654 quod
420 2570 446 2635 si
463 2570 639 2655 collegiata
655 2571 725 2656 ipsa
751 2572 875 2656 plebes,
892 2578 927 2635 et
952 2590 1037 2656 pers.
1064 2589 1122 2634 seu
1138 2568 1228 2654 dign.
1253 2568 1386 2648 existat,
1413 2576 1448 2631 et
1472 2567 1555 2631 alius

191 2672 295 2737 etiam
332 2673 434 2759 ipsius
470 2673 671 2759 possessioni
699 2673 873 2738 incumbat
897 2673 977 2737 licet
1004 2672 1135 2757 injuste,
1174 2670 1393 2757 expediantur
1444 2669 1555 2734 littere

190 2776 300 2861 gratie
315 2776 526 2863 supradicte;
544 2798 612 2844 non
630 2781 716 2843 obst.
732 2777 822 2864 quod
849 2797 947 2863 super
974 2777 1047 2863 ipsa
1071 2778 1168 2863 plebe
1185 2785 1219 2841 et
1242 2775 1349 2861 gratia
1364 2772 1503 2861 prefata,
1520 2781 1554 2838 et

192 2901 310 2946 eorum
326 2881 514 2963 occasione,
531 2882 618 2946 inter
633 2881 764 2968 Lapum
781 2881 947 2963 Falconis,
965 2881 1019 2966 qui
1037 2901 1072 2945 se
1087 2881 1169 2947 dicit
1184 2887 1350 2964 rectorem
1367 2877 1469 2963 ipsius
1484 2879 1553 2965 ple·

192 2985 253 3064 bis,
270 3005 312 3049 ex
328 3005 396 3050 una
411 2994 517 3071 parte,
534 2993 568 3050 et
584 2985 712 3051 dictum
736 2986 931 3064 Jolrannem
957 3006 1000 3050 ex
1027 2987 1143 3066 altera,
1160 3005 1258 3070 super
1283 2985 1382 3070 plebe
1397 2990 1432 3046 et
1447 2981 1555 3066 grat'a

192 3087 341 3173 prefatis,
357 3089 398 3154 lis
425 3096 460 3154 et
486 3089 617 3173 questio
642 3090 782 3154 vertitur
806 3097 841 3154 et
866 3089 1012 3174 agitatur
1036 3110 1150 3154 coram
1173 3086 1311 3153 domino
1338 3085 1491 3150 Olivario
1513 3084 1556 3150 de

192 3191 337 3272 Serzet0‚
354 3192 389 3256 in
405 3201 518 3258 vestro
534 3213 627 3258 sacro
649 3194 776 3279 palatio
792 3193 953 3276 auditore,
970 3215 1084 3259 coram
1101 3213 1168 3277 quo
1184 3192 1228 3257 ad
1242 3189 1421 3256 dicendum
1438 3198 1556 3254 contra

194 3295 466 3361 commissionem
481 3317 543 3382 pro
558 3306 653 3383 parte
679 3297 780 3384 ipsius
807 3295 892 3383 Lapi
909 3297 1134 3385 impetratam,
1162 3295 1255 3361 etad
1271 3292 1505 3379 excipiendum
1521 3300 1555 3357 et

193 3399 424 3484 replicandum
439 3399 519 3466 hinc
534 3400 623 3480 inde,
640 3408 674 3465 et
700 3400 971 3485 respondendum
995 3399 1259 3484 interrogatoriis
1282 3399 1384 3485 ipsius
1410 3396 1505 3483 Lapi,
1521 3405 1556 3461 et

192 3503 238 3569 ad
250 3504 430 3569 nonnullos
446 3503 530 3568 alios
546 3511 650 3584 actus,
667 3513 702 3568 et
717 3507 957 3587 subsequenter
969 3503 1013 3569 ad
1024 3503 1173 3568 dandum
1185 3509 1220 3568 et
1231 3499 1459 3588 recipiendum
1475 3500 1555 3565 binc

194 3606 271 3672 inde
281 3607 431 3672 libellum
446 3607 480 3671 in
503 3627 604 3672 causa
620 3607 692 3693 ipsa
709 3608 795 3672 inter
813 3608 983 3694 predictos
997 3627 1190 3694 processum
1206 3606 1318 3671 extitit
1334 3627 1448 3671 coram
1464 3604 1554 3669 audi-

193 3719 267 3776 tore
282 3712 434 3798 prefat03
451 3732 520 3778 non
546 3714 632 3778 obst.
648 3712 750 3778 etiam
766 3713 857 3796 quod
880 3713 1006 3799 patitur
1033 3713 1067 3776 in
1091 3721 1184 3777 etate
1209 3710 1388 3789 deiectum,
1416 3729 1492 3774 cum
1520 3708 1554 3771 in

195 3823 250 3880 22⁰
260 3836 319 3881 sue
334 3815 436 3881 etatis
451 3836 543 3882 anno
568 3817 699 3906 existat,
715 3837 814 3902 super
841 3837 907 3901 quo
934 3816 1000 3882 def.
1015 3837 1131 3882 secum
1155 3812 1338 3899 dignemini
1353 3811 1555 3897 dispensare,

194 3927 231 3985 ut
247 3940 289 3985 eo
304 3939 374 3986 non
389 3922 475 3985 obst.
491 3920 598 4006 possit
613 3921 802 4006 hujusmodi
817 3921 1018 3986 beneficium
1033 3921 1135 3984 libere
1151 3916 1298 4001 recipere
1323 3923 1358 3978 et
1372 3913 1463 3979 licite
1479 3914 1555 3978 reti-

196 4043 286 4104 nere,
303 4026 363 4089 sub
380 4023 459 4090 data
474 4024 509 4090 in
526 4026 769 4112 supplicatione
780 4033 952 4092 contenta.
967 4065 1010 4074 —
1027 4023 1104 4090 Fiat
1119 4031 1154 4087 et
1169 4021 1411 4106 dispensamus.
1429 4017 1469 4084 R.

237 4126 317 4192 Dat.
333 4148 386 4213 ap.
402 4125 650 4195 Villamnovam
668 4150 685 4210 9
702 4129 768 4195 kal.
784 4138 880 4195 mart.
897 4136 930 4194 a⁰
947 4136 989 4194 2⁰.
1006 4129 1058 4213 (4,
1076 4127 1181 4209 Μ’).

246 4290 364 4373 668.
1112 4293 1115 4296 ’
1213 4300 1511 4387 134n21s⁶⁵vrier·

237 4407 339 4494 Supp.
357 4408 587 4496 RaymunduS,
604 4409 706 4496 episc.
730 4406 909 4488 Morinen,
937 4415 1029 4490 quat.
1045 4405 1155 4471 eidem
1171 4404 1357 4471 concedere
1372 4402 1554 4488 dignemini

188 4521 231 4578 ut
245 4511 330 4579 duos
345 4514 545 4580 tabelliones
560 4535 619 4579 seu
633 4513 783 4580 notarios
800 4533 913 4578 creare
929 4511 1045 4598 possit.
1061 4552 1103 4560 -
1121 4509 1198 4576 Fiat
1218 4509 1258 4576 R.

237 4617 317 4684 Dat.
334 4639 389 4704 ap.
405 4617 654 4685 Villamnovam
672 4617 769 4700 9kal.
785 4624 883 4683 mart.
901 4625 935 4682 a⁰
951 4623 993 4682 2⁰.
1012 4617 1063 4701 (4,
1081 4635 1141 4701 215
1160 4615 1185 4700 ).

226 4915 250 4963 1.
262 4913 325 4963 Voir
341 4927 366 4962 n.
379 4915 434 4963 484.
