3650 5675
309 515 371 590 322
839 523 929 603 1317,
953 523 1008 588 ul
1025 523 1136 605 iuillet

364 674 502 758 1224.
1360 703 1455 770 1347,
1470 707 1491 770 3
1503 687 1628 769 juillet.

354 794 477 883 Supp...
501 792 520 871 J
523 792 674 862 ohannes
688 793 731 861 de
754 794 850 860 Serra
863 805 883 876 ¹,
900 792 1117 860 Lemovicen.
1133 792 1231 874 dioc,
1247 793 1301 859 lic.
1323 791 1357 857 in
1383 792 1484 872 decr,
1501 802 1592 878 quat.
1608 794 1671 860 sibi

309 899 491 985 specialem
514 899 655 985 gratiam
679 899 851 982 facientes,
868 905 905 964 ut
922 897 1143 965 collacionem
1166 895 1276 963 eidem
1293 895 1416 962 factam
1433 915 1492 982 per
1509 895 1549 963 R.
1567 897 1604 965 P.
1626 897 1669 965 D.

309 1001 509 1085 Guidonem,
533 1005 634 1091 episc.
662 1003 889 1086 Cameracen,
911 1002 954 1069 de
981 1001 1094 1069 officio
1110 1000 1391 1088 aggravacionum
1407 999 1497 1066 curie
1512 999 1668 1069 Camera-

308 1107 424 1189 censis,
441 1109 534 1195 cnjus
546 1109 740 1176 collacionis
754 1117 853 1176 tenor
867 1107 1016 1194 sequitur
1032 1106 1065 1173 in
1081 1107 1144 1174 hec
1161 1109 1264 1174 verba
1284 1125 1291 1172 :
1310 1103 1459 1188 «Guido,
1476 1106 1540 1172 Dei
1556 1108 1667 1194 gracia

308 1209 520 1280 Cameracen.
534 1206 645 1302 episc,
661 1213 785 1281 dilecto
801 1205 1089 1280 familiari'nostro
1104 1231 1191 1297 mag.
1207 1211 1228 1289 J
1231 1210 1355 1278 ohanni
1370 1211 1413 1276 de
1425 1210 1528 1294 Serra,
1546 1211 1667 1279 Lemo·

305 1315 413 1386 vicen.
429 1317 527 1400 dioc,
537 1307 592 1384 lic.
608 1315 642 1384 in
655 1317 754 1401 decr,
771 1318 913 1385 salutem
926 1318 960 1384 in
977 1316 1137 1384 Domino.
1150 1314 1335 1384 Probitatis
1350 1322 1386 1382 et
1397 1315 1542 1383 sciencie
1557 1325 1667 1384 vestre

305 1423 456 1491 merita...
472 1412 766 1506 considerantes...
793 1422 942 1490 officium
960 1422 1246 1508 aggravacionum
1266 1420 1357 1488 curie
1372 1429 1486 1489 nostre
1510 1421 1667 1490 Camera-

308 1529 426 1612 censis,
442 1525 600 1597 videlicet
623 1529 800 1596 scribendo
826 1529 954 1595 litteras
981 1547 1098 1594 omnes
1124 1526 1528 1610 excommunicacionum,
1552 1546 1668 1615 aggra-

307 1633 485 1701 vacionum
510 1640 546 1702 et
571 1633 854 1702 absolucionum...
881 1633 978 1700 vobis
1010 1641 1128 1699 tenore
1156 1631 1367 1720 presencium
1403 1633 1603 1701 conserimus
1633 1643 1668 1700 et

306 1740 588 1808 committimus...
616 1740 743 1807 Datum
769 1740 859 1830 apud
875 1738 1061 1805 Castellum
1086 1746 1237 1805 nostrum
1263 1737 1297 1802 in
1322 1735 1556 1804 Cameracesio
1583 1736 1668 1804 XII⁰

305 1842 359 1910 die
374 1843 496 1911 mensis
511 1845 709 1934 septembris
723 1866 812 1911 anno
833 1843 972 1912 Domini
990 1841 1268 1912 M⁰CCC⁰XLVI⁰
1279 1863 1308 1924 u,
1325 1841 1507 1928 dignemini
1520 1863 1562 1908 ex
1573 1852 1666 1911 certa

308 1948 453 2015 sciencia
469 1942 701 2017 confirmare...
712 1986 756 1999 —-
772 1947 849 2015 Fiat
865 1947 906 2018 R.

348 2051 427 2118 Dat.
443 2053 543 2121 Avin.
557 2073 574 2141 5
592 2075 670 2121 non.
683 2051 756 2139 julii
771 2061 804 2120 a⁰
822 2057 863 2119 6⁰.
880 2053 953 2139 (13,
976 2052 1055 2140 84l).

359 2190 498 2275 1225.
1349 2220 1445 2288 1347,
1464 2226 1483 2287 4
1495 2203 1619 2286 juillet.

348 2309 447 2375 Pater
463 2309 528 2376 8⁰¹⁰.
549 2308 682 2377 Pridem
701 2315 850 2375 creature
866 2315 976 2374 vestre
993 2303 1149 2386 Guidoni,
1171 2304 1223 2372 tit.
1240 2305 1271 2371 S.
1288 2304 1412 2372 Cecilie
1428 2311 1535 2394 presb.
1559 2309 1660 2392 card,

304 2412 346 2478 de
367 2414 576 2502 prepositura
591 2415 623 2481 S.
639 2411 827 2481 Donaciani
844 2411 1031 2499 BrugensiS,
1042 2411 1229 2477 Tornacen.
1245 2409 1342 2491 dioc,
1359 2409 1561 2498 providistis,
1597 2434 1663 2497 que

303 2518 445 2585 cedente
461 2520 514 2586 vel
529 2513 715 2586 decedente
731 2517 906 2586 Ottobone
928 2517 970 2584 de
987 2518 1147 2584 Carreto²
1171 2517 1295 2584 dictam
1312 2517 1555 2606 preposituram
1577 2527 1661 2586 tunc

301 2622 477 2690 obtinente
503 2623 620 2705 tuerat,
646 2624 726 2689 dum
752 2623 787 2689 in
811 2623 966 2689 humanis
981 2629 1106 2708 ageret,
1122 2643 1182 2710 per
1197 2621 1251 2688 sel.
1266 2642 1332 2688 rec.
1349 2620 1439 2689 dom.
1466 2621 1660 2700 Johannem

301 2747 425 2815 papam
440 2722 554 2811 XXII,
574 2727 749 2796 collacioni
767 2728 854 2795 sedis
869 2727 1055 2816 apostolice
1078 2735 1256 2809 reservata,
1272 2733 1433 2814 tanquam
1449 2727 1492 2794 de
1514 2736 1659 2795 vacante

299 2852 359 2919 per
391 2832 493 2920 ipsius
517 2830 683 2900 Ottoboni
710 2831 850 2915 obitum,
879 2832 932 2899 cui
956 2831 1138 2920 provisioni
1155 2831 1272 2899 Petrus
1287 2831 1329 2899 de
1354 2830 1593 2899 Cambeliaco³
1623 2854 1659 2898 se

300 2957 485 3023 opponens,
502 2954 636 3004 causam
652 2958 673 3003 a
689 2938 720 3003 S.
744 2937 783 3004 V.
795 2937 934 3004 domino
944 2936 1149 3023 B(emard0)
1175 2936 1363 3024 H(ugonis)
1380 2935 1422 3003 de
1438 2936 1657 3019 CardalhacO,

297 3038 399 3106 vestri
429 3040 513 3107 sacri
545 3041 665 3128 palacii
696 3040 838 3108 auditori
854 3053 875 3123 ⁴,
903 3041 1070 3108 committi
1099 3041 1253 3123 obtinuit,
1285 3042 1318 3107 in
1346 3062 1412 3125 qua
1442 3061 1543 3108 causa
1572 3041 1658 3109 adeo

299 3164 493 3231 processum
508 3146 630 3229 extitit,
647 3147 737 3232 quod
760 3145 804 3213 ad
817 3146 1071 3234 producendum
1088 3145 1200 3211 omnia
1214 3145 1366 3212 terminis
1381 3145 1494 3211 extitit
1510 3146 1656 3231 assigna-

297 3249 342 3315 tis
357 3257 392 3315 et
408 3249 452 3317 ad
478 3252 657 3318 nonnullos
688 3252 771 3319 alios
798 3261 893 3318 actus
920 3251 982 3317 fuit
1007 3271 1121 3318 coram
1146 3271 1188 3317 eo
1213 3269 1416 3337 processum.
1433 3249 1556 3316 Verum
1578 3271 1655 3317 cum

297 3353 386 3420 idem
418 3355 536 3423 Petrus
565 3376 671 3443 nuper
696 3356 786 3425 viam
810 3355 909 3423 luerit
930 3356 1083 3422 universe
1109 3354 1219 3421 carnis
1244 3354 1417 3441 ingressus,
1445 3376 1540 3441 supp.
1565 3355 1654 3421 idem

297 3459 472 3526 cardinalis
496 3468 586 3547 quat.
603 3462 712 3548 ipsum
736 3461 770 3525 in
797 3461 889 3528 omni
901 3462 985 3546 jure,
1016 3460 1043 3527 si
1062 3458 1155 3545 'quod
1179 3459 1272 3526 dicto
1296 3458 1398 3525 Petro
1424 3458 1601 3545 competiit
1618 3458 1654 3523 in

296 3564 505 3652 prepositura
539 3566 728 3651 hujusmodi
764 3569 982 3653 subrogantes
1002 3572 1021 3647 ⁵,
1046 3564 1156 3630 velitis
1185 3563 1411 3650 provisionem
1438 3562 1498 3628 sibi
1530 3562 1654 3630 factam

295 3669 408 3736 valere
434 3669 504 3736 sive
519 3689 579 3756 per
594 3670 723 3737 obitum
746 3671 867 3759 prefati
894 3668 1071 3753 Ottoboni,
1089 3670 1165 3741 ,sive
1191 3689 1251 3757 per
1273 3668 1526 3755 promocionem
1553 3668 1655 3756 ipsius

295 3773 339 3840 ad
354 3774 548 3860 Aquensem
564 3775 782 3842 ecclesiamin
798 3774 915 3843 Italia⁶
925 3783 983 3842 aut
999 3775 1117 3862 quovis
1128 3774 1195 3841 alio
1207 3774 1309 3841 modo
1318 3793 1457 3840 vacasse
1466 3780 1654 3841 noscatur...

294 3916 338 3929 —
354 3875 430 3945 Fiat
445 3879 763 3966 quomodocumque
778 3889 886 3949 vacet.
904 3880 945 3949 R.

337 3981 418 4051 Dat.
433 3983 535 4051 Avin.
552 4007 572 4071 4
595 4006 674 4063 non.
687 3986 760 4073 julii
777 3994 811 4052 a⁰
829 3991 867 4051 6⁰.
886 3988 956 4072 (13,
974 3987 1055 4073 87⁹).

345 4120 483 4204 1226.
1341 4152 1437 4221 1347,
1454 4156 1473 4219 4
1482 4130 1604 4215 juillet.

335 4239 424 4327 Sign.
441 4241 473 4309 S.
489 4238 529 4309 V.
545 4239 694 4308 notarius
709 4250 820 4308 vester
837 4239 1031 4330 Raynaldus
1046 4241 1088 4309 de
1104 4240 1179 4307 filiis
1196 4239 1285 4323 Ursi,
1302 4240 1392 4326 quod
1407 4239 1531 4307 dudum
1555 4238 1587 4307 S.
1608 4236 1650 4307 V.

289 4346 533 4434 preposituram
548 4346 689 4413 ecclesie
705 4344 795 4414 ΒΜ.
812 4346 855 4413 de
871 4346 978 4431 Valle,
996 4344 1173 4416 Marsican.
1189 4352 1202 4381 ⁵
1217 4343 1314 4429 dioc,
1326 4364 1385 4431 per
1400 4344 1538 4411 liberam
1549 4342 1649 4429 resig-

321 4534 349 4596 s)
365 4533 422 4585 Cori.
435 4534 555 4585 Musitan.

320 4710 342 4757 l.
354 4706 418 4756 Voir
428 4722 453 4758 n.
465 4709 520 4757 950.
533 4736 564 4746 —
584 4710 606 4758 2.
618 4708 681 4757 Voir
697 4721 723 4759 n.
735 4708 790 4758 554.
811 4707 835 4757 Il
854 4710 893 4757 est
913 4706 964 4758 cite
984 4722 1082 4757 oomme
1100 4705 1192 4772 pre'vdt
1202 4708 1225 4756 le
1237 4708 1251 4755 8
1264 4706 1314 4755 mai
1326 4707 1387 4755 1311
1400 4702 1514 4767 (Molles,
1527 4716 1552 4751 n.
1565 4700 1625 4750 stol
1641 4713 1648 4761 ;

289 4780 359 4832 Gall.
370 4782 464 4845 cirisi,
474 4782 505 4843 V,
515 4782 562 4831 244
575 4798 581 4833 :
597 4782 679 4847 Comp.
691 4783 782 4843 cirron,
795 4783 849 4845 72).
860 4810 893 4818 —
904 4785 927 4832 3.
936 4782 999 4831 Voir
1014 4782 1084 4833 uati
1096 4780 1192 4843 ebriet,
1205 4781 1235 4841 V,
1248 4783 1295 4830 215
1309 4796 1315 4840 ;
1328 4780 1410 4844 (brup.
1429 4775 1547 4837 chronol,
1556 4776 1647 4833 turm

284 4856 368 4916 Vidnl,
381 4858 453 4906 7905.
463 4884 497 4892 —-
508 4860 531 4907 4.
543 4857 605 4905 Voir
616 4858 683 4907 Aur.
702 4856 734 4905 de
751 4856 1069 4919 u-Lmruues-Franfau,
1089 4862 1110 4905 t.
1122 4855 1182 4917 Vll,
1203 4870 1246 4919 pp.
1259 4856 1418 4905 3111311.-
1430 4856 1452 4902 5.
1468 4850 1537 4901 Gall.
1549 4850 1644 4905 ebriat,

283 4928 313 4987 V,
334 4931 390 4980 213.
401 4932 468 4980 -6,
481 4930 560 4980 Gams
572 4930 667 4993 (turim
687 4931 769 4996 episc,
789 4943 815 4996 p.
833 4932 902 4995 808),
919 4930 943 4982 le
960 4930 1033 4996 place
1056 4933 1072 4979 rt
1092 4928 1144 4980 l'nn
1166 4931 1244 4987 1333;
1263 4927 1287 4978 le
1305 4927 1332 4978 P.
1349 4926 1434 4975 Eubel
1454 4926 1517 4974 croit
1537 4925 1646 4987 pouroir·

281 5003 428 5055 l'ldentifier
438 5019 502 5055 eveo
513 5004 627 5069 leveque
638 5004 719 5067 Odon,
731 5002 826 5056 decede
836 5012 918 5055 event
929 5006 953 5057 le
965 5007 995 5056 18
1006 5003 1093 5068 juillet
1111 5006 1174 5055 1342
1185 5004 1275 5067 (Hier.
1288 5000 1361 5063 catl,
1375 5001 1394 5061 l,
1408 5001 1460 5064 98).
