3650 5675
705 500 792 565 1344.
816 501 852 564 18
874 517 964 565 mars.
1464 501 1514 565 161

154 664 338 751 Papineloe
347 670 366 745 ¹,
377 663 419 729 O.
432 664 465 729 S.
475 661 525 745 B.,
538 663 725 730 Tornacen.
741 665 838 747 dioc,
854 686 944 731 nunc
954 685 1030 731 vac.
1040 666 1075 729 in
1089 666 1179 731 curia
1193 686 1253 752 per
1267 666 1517 752 promotionem

153 768 317 847 Johannis
346 768 389 834 de
420 766 520 835 Moro
550 768 594 834 ad
625 770 796 835 abbatiam
827 770 858 835 S.
890 768 1039 836 Bavonis
1069 768 1258 835 Gandensis
1283 786 1305 851 ²,
1332 770 1516 855 dignemini

154 873 340 958 providere.
357 911 398 923 -
415 871 492 937 Fiat
507 882 604 938 motu
619 874 754 960 proprio
770 872 810 939 R.

201 976 280 1041 Dat.
296 996 349 1061 ap.
365 974 614 1042 Villamnovam
634 996 670 1061 15
687 976 752 1041 kal.
770 976 864 1061 april.
880 983 913 1041 a⁰
931 982 971 1042 2⁰.
987 978 1038 1058 (4,
1056 979 1159 1061 248').

209 1130 324 1213 684.
1199 1166 1295 1230 1344,
1312 1148 1354 1210 18
1370 1166 1473 1210 mars.

198 1246 254 1311 ΒΜ
270 1247 381 1313 Pater.
398 1246 515 1333 Nuper
530 1256 640 1313 vestre
666 1248 794 1334 placuit
819 1248 998 1315 Sanctitati
1023 1248 1063 1313 R.
1087 1248 1124 1314 P.
1151 1249 1241 1316 dom.
1258 1249 1448 1334 G(uidoni),
1464 1248 1517 1317 tit.

154 1351 186 1417 S.
202 1350 326 1419 Cecilie
341 1356 449 1439 presb.
465 1352 564 1433 card,
581 1352 802 1433 committere,
819 1360 857 1417 ut
879 1373 899 1417 a
917 1351 957 1418 R.
975 1352 1012 1417 P.
1027 1352 1118 1419 dom.
1139 1352 1175 1439 [J
1178 1354 1336 1437 ohanne]‚
1348 1353 1379 1417 S.
1395 1352 1516 1437 Angeli

153 1456 252 1541 dyac.
268 1456 368 1537 card,
385 1465 465 1523 tunc
482 1478 554 1523 can.
572 1456 731 1521 Parisien.
755 1457 848 1537 eccl,
865 1464 899 1522 et
923 1455 1015 1522 dom.
1042 1456 1200 1543 Philippo
1215 1458 1258 1524 de
1272 1457 1426 1537 Arbosio,
1443 1456 1517 1522 dec.

154 1560 237 1625 eccl.
254 1560 285 1625 S.
302 1560 486 1625 Donatiani
503 1560 692 1645 BrugensiS,
705 1560 893 1626 Tomacen.
909 1560 1008 1641 dioc,
1023 1562 1214 1627 volentibus
1228 1569 1311 1626 tunc
1327 1559 1517 1645 hujusmodi

156 1684 217 1727 sua
231 1664 395 1730 beneficia
410 1664 555 1730 invicem
570 1672 771 1750 permutare,
787 1665 1049 1749 resignationem
1072 1665 1263 1749 hujusmodi
1277 1664 1517 1730 beneficiorum

158 1767 304 1853 recipere
331 1788 373 1833 ex
400 1788 501 1833 causa
527 1768 678 1856 predicta
693 1778 713 1849 ³,
739 1788 841 1853 quam
868 1768 1004 1852 quidem
1027 1769 1287 1854 resignationem
1309 1768 1400 1833 idem
1426 1767 1517 1853 dom.

159 1871 247 1936 card.
260 1872 396 1957 recepit,
413 1881 457 1952 et,
473 1892 514 1937 ea
530 1872 577 1937 sic
592 1880 738 1959 recepta,
755 1872 882 1937 dictum
894 1872 1096 1938 decanatum
1107 1872 1240 1957 prefato
1254 1872 1345 1937 dom.
1361 1870 1461 1950 card,
1478 1891 1519 1935 ac

158 1994 235 2040 can.
250 1983 285 2040 et
300 1978 392 2061 preb.
408 1977 490 2041 eccl.
507 1975 666 2041 Parisien.
689 1976 858 2062 predictos
883 1976 977 2041 dicto
993 1974 1160 2061 Philippo,
1177 1996 1219 2039 ex
1235 1995 1335 2040 causa
1350 1981 1519 2060 pennuta-

156 2078 259 2144 tionis
274 2078 473 2165 hujusmodi,
485 2080 666 2145 liberaliter
676 2080 862 2145 contulistis
875 2087 909 2144 et
919 2079 961 2145 de
971 2077 1050 2165 ipsis
1065 2079 1169 2144 etiam
1180 2078 1371 2164 providistis
1382 2076 1519 2143 eisdem.

159 2184 204 2248 Et
219 2184 299 2249 licet
314 2204 411 2268 super
425 2184 489 2249 hiis
504 2185 570 2248 sint
595 2184 685 2249 facte
712 2184 822 2249 littere
849 2185 1035 2269 apostolice
1050 2191 1085 2248 et
1111 2203 1285 2269 processus
1299 2181 1377 2247 inde
1404 2181 1519 2261 secuti,

158 2286 240 2352 dicti
255 2294 372 2351 tamen
389 2287 563 2353 cardinalis
579 2296 613 2352 et
629 2287 811 2373 Philippus,
825 2288 880 2370 qui
897 2287 1064 2353 dictorum
1076 2287 1124 2351 sic
1139 2293 1405 2372 permutatorum
1419 2286 1521 2349 bene-

160 2390 311 2456 ficiorum
328 2391 571 2477 possessionem
592 2412 662 2456 non
678 2401 755 2457 sunt
769 2391 904 2456 realiter
927 2392 1080 2472 assecuti,
1096 2390 1140 2456 ad
1163 2390 1255 2456 dicta
1271 2410 1330 2454 sua
1345 2386 1520 2467 beneficia,

160 2494 270 2560 dictus
295 2495 452 2560 videlicet
478 2494 569 2561 dom.
594 2495 683 2560 card.
710 2495 753 2561 ad
778 2498 870 2581 preb.
895 2494 1065 2575 Parisien,
1093 2502 1128 2558 et
1154 2493 1264 2558 dictus
1291 2491 1464 2577 Philippus
1479 2490 1522 2555 ad

161 2598 350 2683 hujusmodi
365 2599 569 2665 decanatum
582 2600 720 2686 cupiunt
735 2602 837 2665 libere
854 2620 895 2664 ex
911 2599 1010 2665 certis
1026 2599 1134 2664 causis
1148 2598 1280 2662 reverti.
1296 2597 1408 2679 Quare
1424 2615 1520 2680 supp.

163 2702 340 2769 cardinalis
350 2712 384 2767 et
394 2702 568 2792 Philippus
579 2706 826 2791 predictiquat.
839 2704 1044 2769 cardinalem
1056 2702 1100 2768 ad
1114 2722 1190 2767 can.
1202 2709 1238 2766 et
1248 2702 1341 2785 preb.
1349 2699 1520 2777 Parisien.,

163 2818 199 2872 et
214 2806 408 2894 Philippum
430 2808 474 2874 ad
489 2808 692 2875 decanatum
708 2808 739 2874 S.
756 2807 943 2874 Donatiani
959 2804 1136 2892 Bmgensis
1163 2805 1378 2871 ecclesiarum
1393 2801 1522 2889 predic-

162 2921 282 2991 tarum,
298 2931 431 2977 necnon
443 2913 566 2997 jurium
593 2923 628 2978 et
653 2913 931 2999 pertinentiarum
951 2911 1108 2998 ipsorum,
1125 2918 1161 2974 et
1188 2910 1221 2973 in
1247 2916 1374 2974 statum
1403 2906 1525 2989 inquo
1610 2938 1613 2942 >

162 3023 259 3079 erant
274 3027 355 3079 ante
366 3015 609 3101 resignationes
621 3026 655 3081 et
671 3016 870 3082 collationes
885 3014 1073 3099 hujusmodi
1090 3012 1263 3078 restituere
1278 3009 1473 3095 dignemini,
1485 3029 1526 3074 ac

163 3117 382 3184 decernentes
411 3120 501 3205 ipsos
526 3121 559 3185 in
588 3121 732 3206 ipsorum
767 3119 914 3206 pristinis
944 3118 1116 3185 beneficiis
1145 3116 1352 3202 supradictis,
1387 3113 1525 3200 perinde

164 3224 290 3305 absque
305 3223 443 3307 alicujus
458 3224 625 3290 solutione
635 3224 806 3289 annalium
822 3244 954 3288 camere
965 3230 1076 3286 vestre
1091 3221 1146 3284 vel
1159 3220 1232 3285 aliis
1253 3219 1526 3304 quibuscumque,

164 3330 224 3388 aut
240 3344 380 3389 onerum
396 3325 620 3408 quorumlibet
636 3327 786 3408 aliorum,
803 3347 843 3392 ac
858 3325 963 3411 gradu
979 3335 1014 3390 et
1029 3324 1147 3390 ordine
1162 3322 1354 3402 eorundem,
1365 3329 1399 3386 et
1415 3319 1528 3405 quoad

165 3429 280 3492 omnia
296 3437 331 3493 et
347 3429 475 3513 singula
501 3431 568 3497 alia
592 3431 665 3516 ipsa
688 3431 853 3496 beneficia
880 3429 1133 3508 concernentia,
1159 3446 1333 3492 remanere
1356 3425 1477 3491 debere
1493 3432 1529 3489 et

164 3552 274 3616 posse,
291 3533 360 3597 sine
375 3533 440 3599 alia
467 3555 557 3600 nora
583 3536 764 3603 collatione
789 3555 998 3620 quacunque,
1025 3533 1117 3599 acsi
1143 3530 1356 3618 permutatio
1384 3530 1528 3613 resigna-

164 3635 275 3701 tiones
301 3645 336 3702 et
352 3637 549 3704 collationes
575 3640 725 3724 predicte
751 3639 889 3704 minime
915 3637 1006 3702 facte
1029 3638 1205 3715 forent...;
1230 3655 1300 3699 non
1317 3633 1528 3698 obstantibus

164 3738 248 3818 aliis,
276 3739 399 3822 quein
425 3741 546 3807 litteris
572 3743 691 3807 vestris
718 3762 816 3828 super
847 3739 1085 3807 collationibus
1110 3739 1190 3825 ipsis
1206 3737 1369 3803 confectis
1395 3737 1529 3800 fuerunt

165 3861 334 3926 expressa.
355 3878 387 3890 -
405 3842 482 3909 Fiat
499 3845 539 3910 R.

212 3944 287 4009 Dat.
303 3965 356 4030 ap.
373 3945 620 4013 Villamnovam
640 3967 676 4032 15
693 3947 756 4012 kal.
772 3947 866 4033 april.
882 3953 915 4012 a⁰
931 3954 975 4011 2⁰.
991 3947 1043 4030 (4,
1062 3947 1166 4030 249').

219 4098 332 4181 685·
1213 4125 1307 4191 1344,
1324 4105 1366 4167 18
1381 4123 1485 4166 mars.

211 4217 325 4303 Suppl.
343 4215 460 4283 Helias
469 4215 512 4282 de
528 4215 687 4283 Nexonio
702 4225 792 4301 quat.
816 4217 859 4282 de
882 4213 1028 4300 quodam
1055 4209 1169 4276 officio
1192 4228 1303 4294 penne
1330 4207 1400 4272 sive
1417 4207 1528 4272 clerici

167 4319 320 4386 officialis
335 4321 369 4384 in
386 4321 476 4385 curia
492 4321 673 4406 episcopali
690 4319 894 4387 Noviomen.
910 4323 1114 4401 nuncupato,
1121 4313 1211 4398 quod
1222 4312 1312 4377 dom.
1329 4310 1528 4396 Stephanus,

166 4423 257 4489 card.
288 4423 340 4488 tit.
371 4423 425 4488 SS.
452 4423 619 4501 Johannis
646 4434 680 4489 et
707 4424 812 4506 Pauli,
837 4431 919 4490 tunc
945 4420 1047 4506 episc.
1073 4417 1287 4496 Noviomen.,
1313 4412 1462 4491 Johanni
1486 4409 1529 4477 de

201 4648 223 4696 l.
241 4645 281 4694 On
301 4647 356 4694 voit
376 4659 426 4706 que
444 4645 489 4694 dos
508 4645 532 4694 le
552 4647 583 4694 23
602 4647 706 4694 octobre
725 4647 787 4694 1342
809 4643 944 4692 Boudouin
963 4641 1073 4688 Borluut
1092 4637 1212 4698 occupeit
1230 4633 1256 4681 la
1275 4633 1369 4694 charge
1385 4632 1418 4680 dc
1443 4633 1531 4693 prieur

165 4719 200 4767 de
212 4718 353 4781 Papiugloo
364 4717 400 4779 (V
401 4731 435 4765 an
447 4717 571 4776 Lokeren,
584 4717 714 4780 L’abbaye
724 4717 755 4765 da
766 4717 905 4774 St-Baroa,
920 4718 945 4762 2·
957 4719 1031 4776 part,
1044 4725 1070 4774 p.
1085 4710 1138 4770 63).
1149 4737 1183 4744 -
1194 4711 1216 4757 2.
1227 4707 1294 4756 Jean
1306 4706 1365 4757 Van
1380 4705 1427 4754 der
1445 4705 1531 4754 Moero

165 4794 240 4853 signa
251 4791 383 4839 lui-meme
394 4793 409 4840 ir
421 4793 547 4854 Arignon,
561 4791 584 4840 le
596 4795 627 4839 20
639 4806 707 4840 mers
720 4792 789 4850 1344,
803 4789 963 4850 l'obligation
975 4786 1008 4834 de
1019 4798 1099 4847 prayer
1109 4785 1126 4830 b
1137 4781 1163 4829 lc
1172 4781 1300 4829 Ohambrc
1318 4780 1485 4842 apostolique
1496 4779 1532 4827 los

166 4879 277 4913 summes
296 4865 360 4913 dues
379 4879 444 4928 pour
464 4879 492 4912 sa
511 4867 674 4914 nomination
695 4863 784 4926 (Arch.
797 4863 888 4921 Vatic,
905 4859 988 4922 Obliq.
1006 4859 1027 4917 6,
1040 4857 1059 4906 f.
1076 4859 1144 4914 2123
1165 4854 1284 4913 Berlibre,
1306 4853 1404 4903 Ine-ent.
1424 4851 1531 4918 analyt,

168 4953 195 4988 n.
207 4937 492 5003 145).v0irp1ushaut
505 4954 531 4987 n.
543 4941 599 4988 576.
611 4966 643 4973 -
655 4941 677 4987 3.
689 4937 750 4986 Voir
761 4952 786 4986 n.
799 4939 855 4986 621.

220 5029 282 5069 Aul.
294 5027 345 5068 Vnt.
357 5027 416 5078 belg.
