3650 5675
302 489 364 561 378
792 483 888 557 ,lata
910 481 981 544 9-17
1003 478 1177 559 septembre.

355 633 495 720 1418.
550 669 554 676 ·
618 665 623 672 ’
666 679 691 689 ··
1039 649 1041 656 '
1283 639 1621 725 1348,9septembre.

348 754 449 819 Pater
472 752 537 823 ΒΨ.
565 748 702 824 Dudum
716 747 761 823 ,8.
778 744 818 811 V.
846 745 890 812 ad
912 744 1194 830 supplicationem
1218 741 1382 820 Johannis
1411 743 1454 809 de
1479 741 1666 828 Apcheriis,

302 856 473 922 servitoris
488 853 599 932 vestri,
615 850 875 939 perpvicariam
891 850 1032 915 ecclesie
1044 847 1243 927 Tornacen„
1253 853 1336 912 tunc
1350 867 1411 932 per
1426 849 1477 913 ob.
1490 844 1665 912 Laurencii

302 959 385 1025 dicti
403 957 537 1024 Bouton
554 966 573 1036 ¹,
590 957 645 1040 qui
662 951 752 1039 apud
766 952 881 1018 sedem
897 959 1005 1037 apost.
1021 951 1111 1016 diem
1128 949 1248 1016 clausit
1264 958 1461 1032 extremum,
1486 956 1666 1026 vacantem

303 1061 324 1140 J
327 1062 451 1127 ohanni
467 1059 560 1125 dicto
576 1057 670 1124 Corti
685 1056 728 1122 de
744 1055 1001 1136 Castrovillano,
1014 1055 1198 1140 presbitero
1209 1052 1396 1138 Lingonen.
1412 1052 1510 1132 dioc,
1522 1052 1667 1118 contulit

301 1173 339 1230 et
354 1163 396 1230 de
411 1164 469 1228 illa
484 1163 635 1247 graciose
650 1159 808 1246 providit,
825 1178 925 1244 super
939 1159 1058 1242 quibus
1074 1158 1210 1243 quidem
1225 1157 1410 1224 collacione
1426 1165 1461 1222 et
1475 1156 1667 1242 provisione

301 1266 429 1344 idem]
432 1267 582 1332 ohannes
597 1264 727 1330 litteras
742 1272 851 1349 apost.
867 1271 901 1327 et
924 1283 1099 1349 processus
1115 1262 1149 1328 in
1164 1262 1285 1327 talibus
1307 1261 1378 1326 fieri
1394 1268 1573 1328 consuetos
1588 1261 1668 1326 fecit

301 1381 340 1437 et
355 1369 398 1437 ad
412 1378 526 1456 partes
541 1387 643 1435 causa
658 1366 859 1453 provisionis
873 1365 971 1431 realis
986 1365 1140 1431 habende
1155 1363 1350 1430 transmisit.
1366 1363 1452 1429 Cum
1469 1371 1583 1429 autem
1599 1362 1667 1431 dic·

304 1483 359 1540 tus
373 1473 550 1552 Johannes
564 1479 642 1558 post
656 1470 946 1537 transmissionem
961 1469 1151 1554 hujusmodi
1176 1468 1219 1534 sit
1235 1467 1268 1532 in
1285 1467 1376 1533 curia
1399 1467 1490 1532 viani
1514 1467 1667 1532 universe

303 1579 416 1645 carnis
442 1578 617 1662 ingressus
634 1597 729 1662 supp.
759 1574 908 1661 prefatus
931 1573 1071 1638 servitor
1093 1579 1204 1636 vester
1234 1577 1326 1656 quat.
1343 1570 1403 1635 sibi
1431 1571 1464 1635 iu
1491 1589 1669 1656 personam

305 1681 473 1761 Johannis
487 1679 647 1744 Willelmi
671 1678 850 1759 Baramon,
866 1676 1042 1764 presbiteri
1068 1672 1242 1755 Metensis,
1258 1695 1306 1759 gr.
1322 1694 1412 1760 spec.
1439 1673 1611 1755 facientes
1627 1673 1670 1740 de

306 1786 398 1852 dicta
412 1805 505 1871 perp.
521 1784 645 1850 vicaria
661 1803 736 1849 vac.
754 1769 814 1868 per
829 1783 884 1846 ob.
900 1780 981 1846 dicti
998 1778 1162 1857 Johannis
1184 1778 1227 1844 de
1243 1776 1500 1859 CastrovillanO,
1523 1778 1627 1843 etiam
1643 1779 1670 1842 si

307 1910 375 1955 non
391 1889 489 1953 fuerit
515 1889 724 1973 corporalem
744 1885 991 1971 possessionem
1018 1881 1168 1968 ejusdem
1194 1881 1318 1947 vicarie
1344 1881 1486 1967 adeptus
1510 1883 1563 1946 vel
1589 1881 1672 1947 alias

307 1993 592 2078 qualitercumque
619 1999 762 2070 vacet...
785 1988 968 2073 dignemini
994 1986 1189 2073 providere;
1205 2006 1275 2051 non
1303 1989 1389 2052 obst.
1416 1985 1506 2070 quod
1534 1985 1671 2072 paroch.

307 2097 390 2162 eccl.
406 2093 587 2181 de'Lorey,
605 2093 734 2159 Meteri.
750 2093 848 2174 dioc,
865 2091 1007 2157 obtinet.
1023 2129 1063 2140 -
1082 2088 1160 2155 Fiat
1177 2088 1217 2156 R.

352 2198 432 2264 Dat.
444 2197 547 2262 Avin.
565 2217 581 2282 5
599 2196 643 2262 id.
659 2204 744 2282 sept.
760 2203 793 2261 a⁰
809 2202 852 2280 7⁰.
869 2197 940 2280 (15,
959 2195 1064 2279 221').

361 2360 499 2442 1419.
1289 2371 1384 2452 1348,
1402 2389 1421 2452 9
1438 2371 1628 2455 septembre.

352 2478 486 2564 supp...
513 2476 676 2562 metros),
692 2475 909 2540 Penestrinus
936 2474 1081 2559 episc.‚...
1098 2481 1191 2557 quat.
1217 2471 1401 2556 dignemini
1428 2473 1604 2558 providere
1629 2472 1672 2539 de

304 2582 462 2670 parroch.
478 2583 560 2647 eccl.
576 2581 619 2646 de
642 2579 730 2644 Villa
756 2578 918 2658 Martum,
945 2576 979 2642 N
982 2581 1141 2642 arbonen.
1157 2575 1235 2641 dioc
1237 2625 1288 2657 .....
1315 2575 1468 2642 familiari
1495 2597 1555 2642 suo
1580 2597 1672 2642 com-

308 2687 449 2752 mensali
466 2685 573 2751 Osilio
595 2684 638 2750 de
666 2683 858 2763 Morlhone,
886 2682 1008 2748 clerico
1032 2679 1222 2746 Ruthenen.
1247 2679 1333 2746 dioc.
1350 2702 1359 2759 ;
1375 2700 1445 2744 non
1472 2684 1557 2746 obst.
1583 2681 1673 2765 quod

309 2812 416 2879 nuper
431 2791 474 2857 de
488 2788 627 2877 paroch.
644 2789 726 2855 eccl.
750 2788 792 2854 de
820 2787 979 2872 Squerdo,
997 2784 1166 2852 Morimen.
1188 2783 1286 2867 dioc,
1302 2784 1364 2850 sibi
1379 2784 1441 2851 fuit
1458 2793 1546 2852 arrct.
1559 2792 1673 2859 ¹vestra

309 2897 490 2982 provisum,
506 2895 587 2959 licet
600 2893 848 2979 possessionem
863 2892 967 2978 ipsius
982 2912 1050 2956 non
1066 2890 1164 2955 fuerit
1188 2898 1391 2969 assecutus...

356 2998 443 3064 Item
459 2997 640 3082 dignemini
664 2996 790 3062 dictam
806 2995 983 3061 ecclesiam
1005 2994 1048 3059 de
1069 2992 1219 3078 Squerdo
1243 3013 1412 3059 reservare
1438 2992 1674 3059 conserendam

312 3102 331 3181 J
335 3105 444 3168 acobo
455 3101 498 3166 de
513 3101 736 3166 Abbatisvilla
750 3112 772 3181 ²,
789 3100 866 3173 cler.
879 3098 1096 3179 Tornacensi,
1113 3096 1265 3163 familiari
1282 3117 1352 3163 suo.
1368 3136 1410 3146 —-
1427 3095 1505 3162 Fiat
1521 3094 1561 3160 R.

356 3207 436 3271 Dat.
452 3206 553 3269 Avin.
571 3224 588 3287 5
606 3205 649 3270 id.
667 3212 751 3291 sept.
768 3210 801 3269 a⁰
818 3211 860 3287 7⁰.
878 3204 949 3286 (15,
965 3202 1054 3287 224).

366 3372 510 3453 1420.
767 3400 771 3404 ’
1295 3381 1391 3463 1348,
1408 3398 1427 3462 9
1443 3378 1632 3464 scpleenbre.

356 3490 457 3575 Supp.
488 3487 631 3553 servitor
657 3492 769 3549 vester
794 3482 905 3548 Guido
941 3482 983 3548 de
1015 3482 1220 3549 Podiovallis
1244 3493 1255 3527 ³
1279 3491 1369 3568 quat.
1390 3480 1604 3569 [Guillelmo]
1633 3481 1675 3545 de

308 3593 504 3658 'lemovicis
520 3591 562 3656 de
579 3610 654 3656 can.
670 3595 705 3653 et
720 3590 812 3675 preb.
828 3589 910 3652 eccl.
935 3587 1073 3652 §.Petri
1096 3588 1255 3669 Ariensis,
1281 3586 1448 3654 Morimen.
1475 3586 1573 3666 dioc,
1601 3606 1676 3650 vac.

313 3718 372 3781 per
387 3699 441 3762 ob.
457 3694 606 3779 magistri
623 3691 726 3757 Blasii
750 3690 792 3756 de
817 3690 937 3771 Roma,
954 3702 964 3733 ⁴
981 3692 1036 3775 qui
1060 3700 1154 3757 extra
1169 3692 1297 3756 curiam
1323 3690 1420 3755 Rom.
1444 3690 1533 3755 diem
1558 3688 1676 3754 clausit

313 3810 510 3880 extremum,
526 3798 590 3863 nisi
606 3796 705 3862 fuerit
720 3794 816 3860 alteri
828 3794 883 3879 jus
898 3795 1077 3878 quesitum,
1093 3795 1276 3880 dignemini
1286 3794 1462 3880 providere
1479 3816 1486 3872 ;
1504 3812 1573 3858 nou
1590 3794 1677 3856 obst.

315 3905 405 3989 quod
421 3905 510 3970 idem
526 3903 725 3968 Guillelmus
741 3901 824 3966 eccl.
846 3898 984 3985 paroch.
1000 3898 1042 3963 de
1067 3896 1233 3980 Marvilla,
1258 3898 1504 3982 Rothomagen.
1528 3895 1625 3975 dioc,
1642 3903 1677 3960 et

315 4017 441 4075 canet
466 4010 560 4094 preb.
576 4005 726 4089 eccl.·de
754 4003 881 4084 Subise,
906 4001 1122 4069 Xanctouen.
1147 4002 1245 4084 dioc„
1270 4003 1420 4069 noscitur
1444 4001 1606 4067 obtinere.
1633 4040 1677 4049 -

318 4113 344 4177 F
347 4115 395 4179 iat
411 4113 452 4178 R.

343 4218 438 4289 Dat.
454 4217 553 4283 Avin.
572 4234 589 4299 5
607 4214 803 4299 id.1sept.a⁰
820 4220 870 4296 75¹.
881 4214 952 4297 (15,
971 4212 1060 4295 226).

372 4370 506 4460 1421.
1276 4389 1371 4472 1348,
1388 4405 1428 4469 17
1445 4390 1636 4474 septembre.

360 4499 482 4584 Supp...
507 4495 703 4581 Raynaldus
726 4494 769 4560 de
796 4493 872 4558 filiis
900 4492 978 4591 Ursi
1006 4500 1098 4585 quat.
1114 4490 1277 4591 [Angelo
1300 4492 1342 4558 de
1369 4492 1444 4556 filiis
1473 4490 1561 4572 Ursi,
1588 4491 1680 4557 fratri

317 4603 391 4684 suo]
402 4608 453 4665 ⁵...
471 4600 514 4665 de
530 4620 604 4666 can.
620 4608 655 4664 et
679 4600 771 4685 preb.
795 4617 835 4662 ac
858 4596 1134 4662 archidiaconatu
1158 4594 1321 4679 Urgelleti
1346 4604 1381 4660 et
1403 4593 1508 4659 Vallis
1531 4594 1682 4660 Endorre

319 4758 571 4772 ,.---

351 4825 446 4963 'ripen
464 4854 489 4887 n.
502 4842 572 4901 roes,
586 4840 658 4888 mee.
671 4866 705 4875 -
723 4840 747 4887 a.
759 4838 821 4887 von
841 4852 866 4885 n.
880 4840 935 4888 res.
952 4865 984 4873 -
1004 4840 1026 4887 a.
1039 4838 1102 4887 von
1122 4852 1148 4887 n.
1161 4838 1217 4887 aro.
1233 4865 1264 4873 -
1284 4838 1306 4886 4.
1330 4838 1390 4886 v'on
1409 4852 1435 4897 n.
1455 4838 1511 4886 mr.
1528 4864 1559 4872 -
1577 4840 1599 4885 s.
1618 4836 1683 4887 von

319 4930 346 4965 n.
390 4916 429 4962 26.
