3650 5675
690 517 776 591 1842,
799 516 896 582 22-24
919 517 987 583 mai.
1506 529 1527 593 5

166 672 198 729 et
220 666 313 749 preb.
324 665 407 730 eccl.
431 665 462 731 S.
480 666 569 732 Petri
594 666 784 747 Insulensis,
798 666 888 732 dicte
900 666 1087 734 Tornacen.
1104 668 1203 750 dioc„
1220 669 1309 756 [vac.
1321 673 1377 737 vel
1393 674 1522 761 vacat]

166 767 343 851 dignemini
368 768 479 833 eidem
501 770 687 855 providere.
711 810 754 821 -
780 769 855 835 Fiat
880 770 920 835 R.

208 871 286 936 Dat.
309 880 346 937 ut
370 893 441 959 sup.
466 873 508 953 (l,
532 876 583 959 4l‘)

216 1000 289 1084 16.
1238 1042 1333 1105 1542,
1350 1045 1391 1086 22
1404 1027 1481 1090 mai.

208 1119 340 1205 Supp...
355 1119 472 1186 Petrus
495 1122 537 1188 de
562 1122 724 1207 Kirperclr
739 1132 757 1201 ¹,
771 1123 847 1187 cler.
866 1120 1054 1207 Maguntin.
1078 1124 1175 1205 dioc..
1189 1134 1279 1208 quat.
1302 1128 1364 1191 sibi
1387 1128 1429 1193 de
1452 1148 1526 1194 oen.

165 1233 199 1289 et
209 1226 302 1393 lppaetb.
310 1224 656 1415 Stccgsserpdiepppac.
669 1226 722 1291 vel
735 1233 844 1291 vacat.
856 1224 1041 1309 dignemini
1056 1228 1242 1313 providere.
1258 1229 1391 1296 -Fiat
1403 1230 1443 1296 R.

218 1456 289 1537 17.
347 1510 349 1515 ·
1235 1494 1330 1559 1312,
1347 1498 1366 1540 2
1366 1496 1387 1559 3
1406 1477 1483 1543 mai.

210 1574 309 1660 Supp.
334 1572 521 1641 Bemardus
544 1576 670 1661 Argerii
691 1577 733 1642 de
758 1574 1045 1659 Monteferrando,
1062 1576 1313 1645 Claromonten.
1326 1580 1422 1660 dioc,
1436 1590 1527 1665 quat.

170 1677 256 1763 [lilio
278 1698 369 1743 suo...
392 1676 556 1765 Johanni]
583 1680 721 1764 Argen'i,
745 1681 823 1745 cler.
846 1678 1097 1746 Claromonten.
1117 1681 1215 1762 dioc,
1239 1682 1425 1775 decan.et
1435 1686 1528 1769 preb.

165 1781 351 1847 Tornacen.
375 1802 448 1847 vac.
472 1785 525 1848 vel
548 1792 657 1851 vacat.
674 1783 856 1869 dignemini
880 1783 1067 1869 providere.
1085 1823 1117 1835 -
1135 1784 1211 1852 Fiat
1235 1785 1275 1852 R.

206 1885 289 1951 Dat.
310 1892 348 1949 ut
371 1905 443 1971 sup.
465 1916 488 1935 =
525 1908 561 1951 10
585 1886 650 1952 kal.
670 1887 755 1973 junii
777 1896 811 1952 a⁰
838 1895 876 1953 1⁰.
899 1886 941 1971 (1,
967 1890 1017 1973 5l')

222 2018 294 2101 18.
1235 2050 1330 2116 1312,
1347 2055 1367 2097 2
1366 2054 1388 2117 5
1406 2036 1483 2099 moi.

210 2138 311 2223 Supp.
323 2134 480 2219 antiquus
503 2132 644 2199 servitor
666 2140 778 2198 vester
801 2130 960 2199 Matlreus
982 2133 1025 2199 ad
1046 2134 1143 2215 latus,
1157 2154 1229 2199 can.
1248 2132 1527 2220 Morinen.,qurrt.

166 2242 308 2307 eidem...
331 2247 368 2305 ut
392 2238 593 2304 confessor...
611 2274 643 2284 -
662 2235 736 2302 Fiat
760 2237 800 2302 R.

210 2344 297 2411 Item
321 2351 411 2428 quat.
435 2342 496 2408 sibi
520 2342 658 2407 decan.
683 2348 717 2404 et
744 2344 835 2427 preb.
863 2341 945 2407 eccl.
972 2343 1193 2409 Ambianen...
1216 2344 1398 2429 dignemini
1419 2344 1529 2430 provi-

165 2450 253 2530 dere,
264 2470 333 2535 non
346 2450 432 2513 obst.
445 2445 536 2531 quod
548 2466 620 2511 can.
631 2452 665 2509 et
677 2448 769 2529 preb.
781 2446 863 2509 eccl.
877 2442 1152 2533 Morinen.,cujus
1163 2447 1319 2513 fructus...
1334 2453 1383 2529 60,
1397 2455 1431 2513 et
1443 2469 1528 2533 pers

166 2556 199 2619 in
223 2554 305 2619 eccl.
329 2552 360 2636 S.
384 2550 524 2635 Vuflagii
548 2550 590 2614 de
619 2548 692 2613 Rua
714 2558 734 2628 ²,
759 2549 959 2615 Ambianen.
982 2548 1080 2631 dioc,
1107 2552 1202 2636 cujus
1228 2552 1383 2618 fructus...
1415 2572 1463 2635 15,
1490 2572 1530 2616 ac

165 2658 283 2744 capell.
296 2655 522 2741 deapostolis
546 2654 578 2718 in
602 2653 684 2718 eccl.
696 2651 739 2717 de
755 2652 1029 2738 Clrampigniaco,
1053 2653 1212 2719 Parisien.
1224 2656 1321 2735 dioc,
1338 2656 1431 2740 cujus
1446 2656 1531 2721 fruc-

165 2772 252 2828 tus..
270 2781 310 2826 20
326 2761 382 2825 lib.
400 2758 474 2825 Par.
490 2778 558 2825 sec.
573 2765 642 2823 tax.
658 2755 832 2842 antiquam
852 2754 983 2822 decime
1000 2758 1149 2823 valorem
1173 2778 1322 2824 annuum
1337 2778 1405 2823 non
1434 2778 1531 2823 exce·

164 2867 261 2947 dunt,
276 2865 426 2932 noscitur
449 2863 610 2929 obtinere.
628 2899 660 2910 -
678 2861 719 2926 R.

211 2971 290 3036 Dat.
313 2970 412 3035 Avin.
440 2989 478 3033 ro
500 2967 567 3034 kal.
589 2967 673 3052 junii
689 2978 710 3034 ³.
737 2964 779 3048 (1,
806 2967 867 3048 8¹).

221 3100 295 3182 19.
1239 3129 1334 3193 1312,
1352 3109 1392 3193 23
1411 3110 1487 3174 moi.

212 3218 314 3304 Supp.
330 3217 362 3282 S.
375 3215 414 3281 V.
428 3215 596 3280 laruiliaris
611 3221 721 3279 vester
734 3211 922 3278 Bernardus
933 3212 975 3277 de
988 3211 1146 3278 Nexouio
1155 3222 1176 3293 ³,
1187 3222 1277 3296 quat.
1290 3214 1320 3277 ei
1332 3213 1375 3278 de
1387 3213 1443 3279 off.
1455 3217 1530 3279 sub·

166 3319 371 3387 tlresaurarie
387 3318 469 3384 eccl.
486 3316 700 3396 Noviomen.,
717 3336 776 3402 per
791 3317 991 3382 canonicum
1014 3317 1115 3382 solito
1129 3317 1314 3401 gubernari,
1331 3318 1424 3402 cujus
1439 3319 1532 3383 valor

170 3445 211 3491 20
235 3425 306 3490 libr.
323 3423 396 3488 Par.
409 3443 478 3487 non
494 3421 636 3502 excedit,
653 3441 725 3486 vae.
739 3421 771 3484 in
785 3440 852 3486 cur.
864 3441 925 3507 per
936 3429 1080 3486 mortem
1098 3419 1259 3486 Rotlandi
1274 3419 1316 3486 de
1334 3421 1532 3507 Scarampis,

169 3530 250 3596 alias
271 3527 352 3594 dicti
375 3526 417 3592 de
441 3527 513 3606 Ast,
542 3525 629 3589 sedis
651 3532 757 3610 apost.
782 3545 854 3610 cap.
866 3535 886 3604 ⁴,
903 3525 1012 3590 eidem
1035 3523 1218 3608 dignemini
1234 3524 1408 3610 providere
1427 3549 1436 3606 ;
1460 3547 1531 3591 non

171 3637 257 3698 obst.
280 3629 370 3714 quod
393 3630 427 3693 in
451 3629 532 3694 eccl.
558 3626 762 3693 Noviomen.
786 3649 859 3694 can.
871 3635 906 3693 et
918 3630 1009 3713 preb.
1026 3628 1178 3692 obtinere
1190 3636 1369 3707 noscatur;
1393 3636 1428 3693 et
1443 3631 1534 3712 quod

170 3757 231 3821 per
253 3735 284 3799 S.
296 3733 336 3799 V.
352 3753 458 3818 nuper
481 3731 578 3796 fuerit
599 3731 707 3795 eidem
733 3732 903 3816 provisum
928 3732 969 3797 de
989 3731 1261 3797 archidiaconatu
1285 3732 1532 3816 Antverpiensi,

172 3847 207 3904 et
223 3859 295 3904 can.
312 3840 372 3903 sub
388 3857 463 3922 exp.
479 3836 571 3921 preb.
588 3836 669 3900 eccl.
682 3833 896 3924 Cameracen.
909 3875 951 3885 -
965 3835 1041 3900 Fiat
1053 3835 1156 3900 etiam
1172 3844 1267 3902 motu
1290 3836 1435 3920 proprio.
1449 3833 1488 3900 R.

217 3943 295 4009 Dat.
317 3941 417 4006 Avin.
444 3961 482 4004 ro
504 3937 571 4004 kal.
591 3937 675 4023 junii
701 3947 734 4004 a⁰
762 3937 824 4005 1‘·'.¹'
841 3938 886 4022 (1,
902 3943 1006 4023 2621).

224 4071 1338 4161 2Ο.13,12,
1355 4100 1395 4161 24
1413 4078 1490 4142 mai.

217 4191 317 4276 Supp.
342 4185 490 4252 Miclrael
512 4184 620 4250 dictus
642 4184 684 4249 de
707 4183 850 4248 Antines
861 4189 881 4263 ⁵,
905 4184 983 4248 cler.
1000 4180 1159 4248 Leodien.
1175 4179 1273 4262 dioc,
1289 4180 1429 4245 servitor
1444 4180 1535 4245 Petri

174 4291 351 4358 Alamanni
362 4289 383 4370 ⁶,
400 4296 491 4372 quat.
515 4287 575 4353 sibi
600 4287 774 4374 providere
786 4286 968 4371 dignemini
992 4286 1034 4350 de
1056 4305 1129 4350 can.
1153 4291 1187 4348 et
1210 4286 1302 4368 preb.
1326 4285 1408 4350 eccl.
1433 4283 1470 4349 B.
1485 4282 1534 4350 M.

205 4457 231 4514 a)
249 4452 361 4504 L'annde
371 4453 437 4502 n'est.
449 4466 495 4514 pas
506 4450 615 4500 donnes.
626 4479 659 4486 —
671 4451 698 4512 b)
716 4451 755 4499 On
772 4455 863 4498 trouve
882 4465 913 4498 en
933 4463 1041 4510 margo:
1060 4448 1246 4495 correcturum
1262 4445 1325 4495 dara
1341 4463 1390 4511 per
1407 4446 1537 4496 donrinmn

175 4535 283 4576 1111111111
303 4530 331 4576 iri
347 4525 542 4590 supplicatione.
554 4525 594 4573 011
611 4539 627 4573 a
647 4523 774 4588 romplncd
787 4525 811 4572 la
823 4523 950 4588 preuribre
961 4523 1029 4582 dote,
1041 4521 1178 4582 d'octobre,
1192 4535 1239 4585 par
1250 4521 1282 4569 10
1293 4520 1346 4570 11111,
1351 4521 1411 4584 jun.

209 4673 230 4720 l.
248 4672 286 4720 Of.
303 4671 337 4720 de
353 4669 449 4728 Theux,
468 4668 503 4728 11,
520 4669 560 4716 98.
572 4695 604 4702 -
615 4669 638 4716 2.
657 4667 763 4726 Donido,
781 4665 904 4727 (1111111111,
919 4667 954 4725 11,
967 4667 1014 4714 666
1025 4679 1048 4714 a.
1060 4692 1094 4702 -
1112 4664 1210 4713 6111111
1221 4678 1246 4712 11.
1260 4665 1297 4714 12.
1309 4692 1342 4699 -
1353 4665 1375 4712 4.
1389 4663 1489 4712 Roland
1505 4663 1543 4711 de

176 4747 230 4802 Ast,
241 4759 334 4808 promu
343 4757 378 4791 au
389 4742 531 4805 patriarum
541 4741 575 4790 de
587 4740 800 4804 Constantinople
811 4741 836 4790 le
848 4743 863 4788 6
874 4739 979 4789 octobre
991 4741 1059 4798 1669,
1072 4742 1177 4786 mourut
1188 4741 1269 4786 avant
1285 4753 1331 4786 son
1347 4751 1419 4786 sacre
1435 4737 1539 4797 (Ilubel,

177 4817 196 4870 l.
215 4823 259 4868 214
276 4821 327 4877 zor.
345 4815 452 4876 Denifle,
468 4813 643 4874 6111111111.,11,
659 4817 710 4874 164,
731 4815 783 4874 166,
802 4816 849 4864 412
863 4830 868 4872 ;
887 4814 992 4872 Blezlen
1011 4829 1035 4862 11.
1054 4814 1117 4860 1746
1130 4826 1136 4869 ;
1148 4811 1232 4871 Vidul,
1245 4826 1270 4861 n.
1283 4812 1353 4869 4964,
1366 4812 1438 4869 6566,
1456 4811 1539 4869 66661

176 4917 208 4928 -—
218 4898 241 4942 6.
254 4893 354 4952 Kirsch,
374 4889 451 4948 Koll.
471 4891 519 4938 269
540 4890 585 4950 (ob
601 4903 636 4936 on
648 4889 679 4935 lit
698 4903 745 4951 pur
756 4901 843 4938 errem·
854 4889 982 4947 Antinoo).
994 4915 1026 4923 —
1038 4890 1060 4936 6,
1080 4886 1168 4948 Doyen
1187 4885 1224 4934 do
1235 4884 1351 4944 Brioude,
1369 4884 1489 4933 auditeur
1505 4882 1542 4930 du

178 4967 201 5014 S.
215 4966 297 5016 Paleis
308 4965 355 5028 (cf.
370 4962 505 5025 Haignesr.
523 4963 628 5012 [bardos
644 4960 675 5011 de
692 4962 835 5022 ibt-Berlin,
855 4962 890 5021 11,
909 4963 978 5024 323).
