3650 5675
297 518 358 581 584
835 510 929 582 ¹rau,
952 508 1002 572 aa
1024 510 1103 602 aaut.

296 669 422 734 dictam
437 668 613 733 ecclesiam
629 664 829 731 beneficium
846 661 968 726 existat
983 682 991 739 ;
1008 680 1077 725 non
1094 662 1179 725 obst.
1196 658 1286 744 quod
1309 659 1460 745 patrocli.
1477 660 1655 725 ecclesiam

297 774 339 839 de
356 773 465 856 Doye,
481 771 608 857 prefate
627 768 793 835 blorinen.
809 766 906 845 dioc,
924 784 1025 848 quam
1041 763 1173 847 Anglici
1200 784 1219 828 a
1248 763 1404 847 captione
1421 762 1539 829 Calasii
1556 785 1655 831 occu-

296 886 389 963 pant,
406 883 563 941 noscatur
579 875 729 939 obtinere
745 895 753 953 ;
771 892 848 937 cum
866 868 985 935 ceteris
1010 888 1079 933 non
1095 870 1181 933 obst.
1197 868 1283 933 utin
1308 866 1424 933 forma.
1440 907 1483 919 -
1499 866 1575 935 Fiat
1590 878 1655 935 etc.

299 989 336 1047 ut
352 981 438 1066 petit
456 978 495 1045 R.

343 1120 450 1184 2252.
483 1117 570 1183 Item
601 1138 696 1203 supp.
727 1122 818 1201 quat.
858 1112 1121 1197 [consanguineo
1159 1130 1220 1177 suo
1257 1130 1420 1196 germano
1457 1112 1657 1179 Baudouino

298 1224 447 1303 Artaudi
465 1222 603 1309 clerico]
623 1222 789 1287 Morinen.
806 1220 903 1299 dioc,
920 1218 963 1283 ad
978 1216 1206 1297 collationem,
1219 1224 1294 1296 etc,
1311 1218 1470 1303 episcopi,
1486 1218 1606 1284 decani
1622 1226 1658 1283 et

300 1328 438 1414 capituli
456 1327 528 1414 [ac]
547 1328 750 1411 singulorum
765 1324 1001 1391 canonicorum
1017 1321 1158 1387 ecclesie
1181 1321 1389 1401 Ambianen,
1414 1322 1517 1387 etiam
1532 1323 1558 1388 si
1575 1322 1659 1389 infra

300 1433 424 1497 dictam
442 1432 617 1497 ecclesiam
634 1430 836 1495 beneficium
853 1428 985 1507 existat,
1001 1426 1087 1491 utin
1105 1425 1216 1490 forma.
1233 1464 1276 1475 —-
1293 1423 1368 1491 Fiat
1384 1434 1449 1491 etc.
1467 1425 1506 1491 R.

343 1574 452 1635 2253.
470 1568 558 1633 Item
574 1590 668 1655 supp.
685 1576 775 1653 quat.
793 1564 1056 1653 [consanguineo
1072 1585 1132 1629 suo
1157 1581 1316 1647 germano
1343 1560 1475 1625 Thonte
1497 1560 1659 1640 Fauvelli,

301 1674 437 1756 clerico]
454 1671 619 1736 Morinen.
636 1671 733 1751 dioc,
749 1671 791 1736 ad
808 1669 1024 1736 collationem
1051 1675 1115 1733 etc.
1132 1665 1290 1753 episcopi,
1319 1665 1437 1730 decani
1462 1681 1496 1729 et
1521 1667 1659 1751 capituli

304 1775 378 1862 [ac]
398 1777 601 1860 singulomm
618 1775 857 1841 canonicorum
874 1772 1014 1839 ecclesie
1031 1769 1330 1850 belvacen.,etiam
1343 1770 1369 1835 si
1383 1769 1466 1834 infra
1481 1771 1659 1836 ecclesiam

301 1880 501 1945 beneficium
517 1879 637 1944 existat
653 1901 661 1958 ;
679 1898 755 1943 cum
772 1878 927 1945 clausulis
943 1875 1126 1963 oportunis,
1142 1874 1228 1941 utin
1245 1873 1362 1941 forma.
1378 1892 1432 1925 -'
1444 1872 1519 1941 Fiat
1535 1882 1600 1941 etc.
1618 1874 1659 1940 R.

346 2016 457 2079 2254.
476 2013 562 2080 Item
578 2035 673 2100 supp.
702 2024 793 2100 quat.
822 2014 977 2101 [Hugoni
1004 2012 1131 2092 Tassel,
1156 2012 1340 2097 presbitero
1368 2010 1534 2077 Morinen.
1561 2011 1660 2091 dioc,

303 2118 551 2203 consanguineo
567 2117 658 2204 suo]‚
676 2118 719 2183 ad
737 2119 951 2184 collationem
968 2126 1033 2182 etc.
1050 2116 1208 2202 episcopi,
1232 2115 1349 2181 decani
1367 2124 1400 2179 et
1417 2115 1554 2200 capituli
1584 2114 1658 2202 [ac]

304 2223 508 2307 singulorum
526 2223 764 2289 canonicorum
781 2222 922 2288 ecclesie
944 2223 1168 2299 Attrebaten,
1196 2219 1297 2289 etiam
1322 2219 1348 2287 si
1374 2219 1457 2285 infra
1482 2220 1661 2285 ecclesiam

304 2326 504 2391 beneficium
522 2326 643 2391 existat
658 2348 666 2405 ;
684 2346 761 2390 cum
777 2324 933 2390 clausulis
949 2323 1133 2408 oportunis,
1150 2331 1187 2389 ut
1204 2323 1236 2387 in
1253 2323 1370 2391 forma.
1386 2362 1428 2371 —
1446 2322 1521 2389 Fiat
1536 2332 1601 2391 etc.
1619 2322 1661 2390 R.

348 2430 426 2495 Dat.
443 2430 541 2495 Avin.
558 2450 636 2495 non.
654 2450 728 2513 alig.
744 2438 777 2495 a⁰
797 2437 858 2494 10⁰.
876 2429 947 2512 (21,
965 2430 1049 2513 96').

355 2566 659 2650 2255-2256.
741 2588 743 2594 “
1382 2584 1617 2665 135s,8aortt.

348 2684 448 2771 Supp.
466 2684 617 2750 Elienors
640 2684 681 2751 de
704 2684 881 2765 Convenis,
906 2684 1153 2750 vicecomitissa
1180 2684 1346 2766 Turenne,
1371 2695 1460 2769 quat.
1492 2685 1663 2772 [sainiliari

304 2812 364 2857 suo
380 2790 551 2858 chardo
567 2790 664 2857 Boeti
683 2803 702 2871 ¹,
724 2789 861 2876 clerico]
887 2790 1054 2857 Tutellen.
1078 2789 1175 2872 dioc,
1199 2789 1240 2855 de
1264 2811 1337 2857 can.
1360 2800 1395 2858 et
1415 2794 1506 2877 preb.
1522 2791 1664 2857 ecclesie

305 2897 336 2961 S.
352 2894 517 2973 Jobannis
540 2894 711 2974 Leodien.,
735 2917 806 2960 vac.
830 2915 890 2980 per
913 2898 967 2960 ob.
990 2893 1155 2972 Jobannis
1178 2894 1362 2975 Lamiuiau,
1386 2896 1441 2980 qui
1465 2895 1573 2962 dictos
1589 2917 1664 2962 can.

306 3008 340 3064 et
355 3002 446 3084 preb.
463 2999 543 3064 dum
559 3000 688 3064 vireret
705 2999 889 3078 obtinebat,
905 3007 941 3063 et
964 2999 1019 3082 qui
1036 2999 1069 3063 in
1086 2999 1234 3085 partibus
1249 2999 1312 3064 illis
1327 2999 1417 3064 diem
1432 3020 1528 3066 suum
1544 3001 1665 3066 clausit

306 3111 502 3182 extremum,
519 3104 573 3168 vel
598 3103 664 3169 alio
689 3103 807 3186 quovis
831 3105 934 3168 modo
958 3110 1091 3183 vacent,
1108 3103 1211 3168 etiam
1239 3103 1265 3167 si
1292 3103 1358 3168 sint
1384 3103 1584 3187 generaliter
1610 3105 1666 3168 vel

307 3207 494 3292 specialiter
509 3206 598 3292 apud
614 3207 726 3271 sedem
750 3215 856 3292 apost.
880 3207 1051 3286 reservati,
1075 3207 1257 3290 dignemini
1280 3208 1477 3293 providere;
1493 3229 1561 3274 non
1578 3211 1666 3274 obst.

306 3311 476 3377 beneficiis
491 3317 514 3390 ¹¹,
531 3332 595 3395 que
611 3311 741 3376 obtinet
757 3319 791 3375 et
807 3319 987 3396 expectat3
1015 3310 1058 3378 de
1074 3311 1192 3393 quibus
1207 3311 1240 3376 iu
1257 3321 1368 3376 vestra
1391 3312 1666 3378 vicecancellaria

307 3414 554 3495 declarabitur;
582 3422 715 3481 etcum
741 3415 894 3480 omnibus
921 3415 1074 3480 clausulis
1101 3415 1274 3501 oportunis
1300 3424 1334 3480 et
1358 3417 1600 3484 executoribus
1623 3457 1667 3466 —

310 3518 387 3583 Fiat
403 3517 443 3584 R.

352 3663 461 3724 2256.
477 3655 565 3722 Item
581 3678 676 3743 supp.
698 3657 815 3726 eadem
832 3657 844 3694 ¹³
860 3657 1116 3738 vicecomitissa,
1139 3666 1229 3742 quat.
1253 3659 1404 3726 Amoldo
1428 3658 1608 3746 Lepolains
1622 3659 1667 3726 de

309 3761 455 3841 Obome,
472 3761 593 3826 clerico
610 3760 769 3828 Leodien.
785 3761 882 3842 dioc,
906 3761 949 3828 de
972 3782 1045 3828 can.
1069 3769 1104 3826 et
1127 3765 1217 3847 preb.
1239 3762 1379 3829 ecclesie
1402 3763 1433 3830 S.
1450 3763 1565 3830 Crucis
1581 3763 1666 3830 Leo

309 3867 407 3944 dien,
424 3886 498 3940 vae,
514 3886 573 3950 per
589 3869 643 3932 ob.
660 3865 768 3948 Egidii
784 3865 826 3932 de
842 3865 1030 3949 Oragallica
1046 3885 1068 3944 ²,
1092 3866 1148 3949 qui
1169 3866 1249 3932 dum
1273 3867 1401 3933 viveret
1424 3867 1608 3946 obtinebat,
1631 3877 1667 3934 et

310 3971 342 4034 in
374 3969 522 4054 partibus
552 3970 615 4034 illis
639 3969 727 4034 diem
758 3991 852 4034 suum
885 3970 1002 4034 clausit
1034 3978 1231 4049 extremum,
1251 3972 1304 4034 rel
1336 3972 1402 4038 alio
1424 3971 1542 4060 quovis
1564 3970 1668 4042 modo

310 4083 441 4154 vacent,
459 4082 493 4138 et
509 4074 611 4139 etiam
628 4075 653 4138 si
671 4075 736 4139 sint
752 4075 919 4154 reservati,
936 4074 1118 4158 dignemini
1134 4075 1341 4160 providere...

354 4177 432 4245 Dat.
448 4177 547 4242 Asin.
566 4182 583 4241 6
601 4177 643 4243 id.
660 4198 732 4261 aug.
749 4185 783 4241 a⁰
803 4187 863 4244 10¹¹.
876 4181 946 4262 (21,
968 4182 1052 4261 109).

362 4314 503 4398 2257.
1346 4381 1351 4392 .
1388 4351 1479 4415 1351,
1496 4353 1516 4417 9
1532 4338 1620 4397 aortt.

354 4434 455 4519 Supp.
472 4433 658 4502 Olmedcus
673 4435 715 4501 de
739 4433 958 4517 Cardalhac0,
980 4436 1176 4504 domicellus
1191 4449 1211 4517 ³,
1235 4444 1327 4521 quat.
1356 4436 1461 4526 [fratri
1487 4457 1548 4504 suo
1573 4436 1664 4524 Ray-

343 4629 369 4684 n)
387 4621 445 4670 (bd.
459 4622 588 4670 bcnclicin.
600 4649 632 4656 —
645 4623 672 4682 b)
690 4624 703 4670 (
707 4621 746 4672 bd.
759 4623 834 4672 idcnl.

310 4741 559 4750 ——-..—-

344 4812 365 4857 l.
378 4809 439 4855 l'oir
451 4823 474 4855 n.
487 4809 556 4856 2061.
570 4811 641 4856 2210.
654 4837 684 4842 -—
703 4813 725 4859 2.
738 4811 799 4858 Υοίι·
810 4825 834 4859 n.
848 4814 917 4864 2228,
930 4813 1001 4859 2243.
1014 4839 1046 4846 -
1066 4814 1088 4859 3.
1108 4811 1142 4859 ll.
1164 4813 1228 4860 Albo
1249 4825 1281 4859 no
1298 4812 1348 4858 cite
1360 4813 1433 4874 print
1445 4827 1485 4859 cos
1497 4827 1672 4873 personnnturs

309 4883 374 4930 dmm
386 4898 430 4929 sou
443 4881 520 4930 drudo
532 4897 574 4930 sur
587 4883 611 4930 ln
623 4883 719 4932 familie
731 4885 762 4932 dc
780 4885 924 4934 Gordnillac
943 4884 1056 4946 (darual.
1072 4885 1104 4933 de
1121 4887 1146 4934 S.
1163 4886 1238 4934 Leuis
1249 4884 1291 4933 des
1303 4885 1436 4944 l'snnpuis,
1450 4892 1469 4936 t.
1481 4885 1541 4942 l'll,
1555 4899 1599 4948 pp.
1611 4889 1671 4934 2³7·

310 4961 375 5005 322:
