3650 5675
279 485 340 550 358
841 484 926 559 1348,
950 485 991 549 29
1013 483 1080 548 mai.

336 635 477 720 1344.
1349 657 1444 738 1348,
1462 675 1502 739 29
1520 677 1597 722 mar.

325 754 448 839 Supp...
464 750 640 830 Johannes
654 749 698 816 de
715 751 840 817 Portali
857 761 876 832 ¹,
893 752 1149 819 archidiaconus
1175 754 1397 822 Tomacensis
1421 764 1456 823 et
1483 759 1642 844 magister

282 866 509 942 requestarum
524 856 609 940 regis
626 853 776 936 Francia,
793 863 828 920 et
844 854 970 941 Symon
983 856 1026 922 de
1042 857 1177 940 Portali,
1202 860 1272 944 ejus
1287 860 1396 942 frater,
1412 869 1504 947 quat.
1517 862 1642 930 dilecto

282 963 404 1028 clerico
434 968 469 1025 et
498 959 648 1025 familiari
672 980 732 1024 suo
756 959 857 1025 Petro
883 958 1017 1046 Freyne
1032 971 1051 1043 ²,
1068 963 1144 1027 cler.
1161 962 1347 1030 Tomacen.
1364 964 1461 1047 dioc,
1484 965 1526 1031 de
1547 986 1641 1052 perp.

283 1065 503 1152 cappellania,
521 1083 623 1148 quam
638 1062 730 1129 dom.
745 1062 765 1141 J
769 1062 957 1150 o[hannes]
986 1063 1029 1130 de
1045 1063 1214 1152 Gauraing
1224 1077 1244 1148 ³,
1261 1067 1341 1134 dum
1356 1068 1493 1150 viveret,
1510 1069 1543 1135 in
1559 1071 1642 1136 eccl.

283 1169 488 1235 Tomacensi
503 1167 687 1247 obtinebat,
704 1189 769 1253 que
784 1168 1004 1234 residenciam
1020 1170 1157 1255 requirit
1182 1174 1403 1258 personalem,
1420 1195 1492 1240 vac.
1508 1195 1568 1261 per
1589 1177 1642 1240 ob.

283 1274 363 1340 dicti
379 1272 555 1354 Johannis,
580 1272 636 1358 qui
664 1280 758 1338 extra
784 1271 882 1337 Rom.
908 1273 1035 1338 cun'am
1061 1273 1150 1340 diem
1179 1276 1297 1342 clausit
1324 1284 1521 1359 extremum,
1550 1279 1641 1363 cujus

283 1379 459 1443 fructus...2
464 1397 481 1461 5
498 1376 635 1443 lib.Tur.
646 1396 749 1462 paru,
762 1397 828 1443 sec.
838 1376 1047 1443 taxationem
1063 1377 1194 1444 decime
1209 1382 1360 1446 valorem
1376 1402 1556 1448 annuum...
1572 1402 1640 1447 non

283 1481 460 1563 excedunt,
476 1481 658 1566 dignemini
674 1480 859 1567 providere,
873 1483 898 1547 si
915 1502 984 1547 non
1001 1481 1043 1547 sit
1058 1484 1152 1548 alteri
1163 1485 1216 1568 jus
1227 1484 1404 1568 quesitum.
1424 1523 1453 1532 -
1478 1483 1554 1551 Fiat
1571 1485 1610 1551 R.

328 1586 416 1652 Item
431 1587 538 1673 suppl.
555 1585 656 1652 iidem
671 1586 923 1653 archidiaconus
952 1595 986 1652 et
1002 1586 1140 1672 Symou,
1157 1595 1249 1673 quat.
1262 1588 1309 1652 eis
1325 1595 1359 1652 et
1374 1609 1489 1655 eorum
1505 1589 1640 1655 cuilibet

285 1691 469 1758 concedere
480 1690 661 1776 dignemini
678 1692 814 1776 plenam
830 1691 952 1776 indulg.
968 1691 1003 1755 in
1019 1691 1136 1757 mortis
1151 1693 1300 1758 articulo
1317 1733 1359 1743 -
1376 1691 1454 1758 Fiat
1470 1692 1531 1759 R...

328 1796 408 1861 Dat.
424 1794 523 1861 Avin.
540 1818 559 1880 4
576 1793 642 1861 kal.
655 1794 738 1880 junii
755 1802 789 1860 a⁰
805 1802 845 1878 7⁰.
863 1795 933 1879 (15,
953 1815 968 1879 5
994 1796 1017 1878 ).

340 1933 642 2020 1345-1346.
1351 1950 1445 2032 1348,
1462 1970 1503 2032 29
1521 1972 1596 2014 urar.

328 2054 460 2139 Supp...
479 2052 669 2118 Ghiseliuus
684 2051 726 2117 de
740 2050 887 2116 Rollario
902 2065 922 2132 ⁴,
940 2051 1017 2116 cler.
1041 2051 1120 2116 ville
1136 2051 1177 2117 de
1205 2050 1321 2135 Brugis
1338 2053 1542 2138 conjugatus,
1559 2052 1641 2119 Tor-

285 2178 402 2224 nacen.
418 2158 515 2238 dioc,
532 2164 623 2242 quat.
648 2157 742 2222 sibi...
770 2155 811 2220 de
837 2155 989 2221 custodia
1006 2157 1060 2220 vel
1087 2155 1200 2222 officio
1222 2157 1293 2222 sive
1308 2158 1533 2254 matricularia
1548 2179 1642 2244 spec-

284 2270 413 2327 tante...
429 2261 472 2327 ad
488 2261 584 2327 coll...
600 2260 771 2346 prepositi,
787 2258 905 2324 decani
922 2267 957 2324 et
982 2259 1120 2345 capituli
1137 2262 1216 2326 eccl.
1233 2260 1264 2326 S.
1281 2259 1468 2326 Donaciani
1494 2259 1640 2347 Brugen-

285 2367 338 2449 siS,
354 2367 444 2432 dicte
460 2367 557 2448 dioc,
577 2366 668 2452 [vac.
681 2366 734 2429 vel
758 2364 886 2451 vacat]
905 2363 1088 2450 dignemini
1104 2364 1278 2451 providere
1293 2371 1315 2430 ⁸.
1338 2403 1369 2412 -
1392 2363 1468 2430 Fiat
1485 2364 1524 2432 R.

331 2511 433 2570 1346.
451 2503 539 2572 Item
554 2504 644 2570 idem
667 2502 869 2585 Ghiselinus,
886 2512 978 2587 quat.
1002 2502 1112 2584 Petr0,
1128 2512 1210 2568 nato
1226 2501 1389 2567 Ghiselini
1412 2503 1454 2568 de
1482 2503 1640 2584 Rollario,

286 2609 362 2674 cler.
375 2607 563 2674 Tomacen.
579 2607 709 2688 dioc.,...
725 2606 767 2673 de
791 2610 868 2673 ben.
893 2627 918 2672 s.
936 2627 974 2683 c.‚
991 2605 1113 2689 officio,
1129 2607 1279 2673 custodia
1296 2606 1365 2672 sive
1387 2606 1641 2672 matricularia...

286 2711 330 2778 ad
345 2713 442 2778 coll...
459 2712 590 2777 abbatis
606 2719 641 2776 et
656 2732 754 2778 conv.
780 2711 811 2775 S.
836 2710 926 2775 Petri
953 2708 1142 2776 Gaudensis
1168 2711 1347 2795 dignemini
1372 2711 1546 2797 providere
1561 2710 1582 2775 δ.
1599 2751 1642 2759 -

287 2814 363 2882 Fiat
380 2816 420 2883 R.

330 2906 428 2986 Item'
441 2923 548 3007 suppl.
569 2921 659 2986 idem
675 2918 874 3000 Ghiselinus,
899 2928 990 3003 quat.
1007 2919 1067 2985 sibi
1091 2927 1124 2984 et
1139 2920 1263 3005 Agneti
1280 2920 1349 3004 ejus
1366 2920 1458 2986 uxori
1474 2920 1643 3005 indulgere

286 3024 469 3109 dignemini
484 3032 649 3089 uteorum
666 3024 866 3089 confessor...

331 3126 419 3192 Item
434 3127 467 3192 in
484 3148 513 3193 e.
529 3149 573 3193 m.
590 3148 684 3214 supp.
705 3147 766 3214 pro
783 3125 1020 3208 Eliaabet,filia
1035 3126 1206 3210 quondam
1223 3126 1453 3193 Bartholomei
1469 3127 1511 3193 de
1524 3126 1643 3192 Herts-

287 3233 421 3317 berghe,
436 3231 625 3298 Tomacen.
640 3231 727 3298 dioc.
742 3273 786 3281 —
801 3229 879 3297 Fiat
896 3230 936 3297 R.

332 3336 411 3401 Dat.
424 3336 523 3401 Avin.
539 3359 559 3421 4
575 3335 641 3402 kal.
650 3337 734 3422 junii
751 3343 784 3401 a⁰
797 3342 839 3422 7⁰.
856 3336 926 3418 (15,
948 3336 1034 3419 121).

342 3472 639 3560 1347-1351.
1353 3489 1447 3572 1348,
1464 3506 1506 3571 29
1523 3508 1599 3551 maz.

332 3593 433 3679 Supp.
449 3591 649 3659 Godefridus
663 3592 705 3658 de
722 3592 821 3673 Diels,
838 3592 933 3656 miles
958 3591 1176 3657 Cameracen.
1192 3590 1289 3673 dioc,
1306 3592 1488 3675 quodcum
1512 3592 1546 3657 in
1563 3593 1644 3657 eccl.

289 3697 320 3763 S.
346 3696 558 3762 Willerbordi
581 3698 677 3782 juxta
706 3696 949 3781 Antwerpiam,
976 3695 1066 3762 dicte
1092 3695 1190 3776 dioc,
1222 3696 1364 3779 quedam
1395 3697 1580 3783 capellania
1611 3696 1645 3761 in

288 3802 451 3868 honorem
475 3800 580 3867 Beate
603 3821 735 3886 semper
761 3798 800 3865 V.
823 3797 872 3865 M.
900 3798 1039 3865 fundata
1064 3799 1134 3865 fore
1159 3808 1327 3879 noscatur,
1353 3800 1395 3866 ad
1422 3820 1522 3885 quam
1547 3821 1647 3866 causa

287 3905 476 3971 devotionis
492 3912 527 3971 et
541 3904 821 3991 peregrinacionis
836 3904 1082 3989 quamplurima
1097 3902 1215 3969 adfluit
1227 3905 1342 3989 populi
1358 3914 1369 3938 ⁰
1384 3903 1645 3989 processionem-

287 4030 352 4093 que
368 4012 411 4076 ob
427 4009 653 4074 reverenciam
677 4008 824 4094 ejusdem
841 4008 873 4073 S.
890 4006 930 4074 V.
946 4028 1035 4073 anno
1050 4008 1200 4093 quolibet
1216 4008 1433 4093 solempniter
1449 4006 1518 4071 fieri
1535 4006 1643 4071 facere

238 4157 241 4161 ι
285 4113 453 4200 proponit,
469 4121 560 4199 quat.
576 4113 619 4178 de
634 4112 783 4197 ejusdem
798 4111 829 4177 S.
846 4109 886 4178 V.
902 4111 1087 4177 clemencia
1103 4111 1257 4177 omnibus
1272 4131 1350 4175 vere
1365 4110 1592 4195 penitentibus
1607 4117 1643 4173 et

285 4218 453 4299 confessis,
477 4217 531 4303 qui
555 4217 803 4303 processionem
819 4214 1007 4301 hujusmodi
1032 4215 1268 4281 associaverint
1285 4222 1319 4280 et
1334 4214 1458 4281 dictam
1475 4212 1642 4300 capellam

316 4421 332 4454 a
342 4410 369 4454 et
381 4407 411 4468 b)
426 4405 485 4455 aar.
496 4406 641 4455 Reserrare.
653 4433 685 4440 —
696 4405 723 4467 c)
735 4405 759 4452 Il
770 4418 881 4464 manque
891 4418 928 4451 un
940 4408 995 4451 mot
1010 4419 1016 4451 :
1034 4402 1177 4453 iirirIliitrdo.

317 4577 338 4623 1.
350 4574 412 4622 Voir
423 4588 449 4622 n.
462 4576 524 4622 1044
536 4590 542 4632 ;
553 4574 573 4621 il
583 4574 673 4623 devint
684 4574 842 4623 archidiacre
853 4573 885 4622 de
897 4573 1008 4621 Tournai
1021 4587 1069 4635 par
1084 4572 1159 4622 ‹lecbs
1175 4573 1206 4621 dc
1225 4574 1371 4624 Guiliaume
1387 4576 1420 4623 de
1438 4576 1600 4624 Montelauro
1616 4584 1641 4625 et

282 4647 458 4697 consecration
469 4647 501 4695 de
513 4647 618 4708 Gerard,
632 4649 757 4697 chanoine
767 4648 880 4709 d'Urgcl,
893 4645 997 4695 nomme
1009 4645 1107 4707 eroque
1118 4647 1150 4695 dc
1163 4649 1265 4706 Cesena,
1279 4648 1302 4697 le
1321 4651 1350 4695 29
1368 4648 1468 4709 janrier
1486 4650 1548 4697 1324
1565 4649 1643 4711 (Ray.

281 4723 358 4771 Aria.
370 4724 407 4782 20,
421 4722 440 4771 f.
452 4723 532 4784 286').
543 4721 565 4769 ll
582 4723 624 4769 fut
636 4722 678 4770 clu
689 4722 786 4783 ducque
797 4722 829 4769 de
841 4722 961 4779 'lournai
976 4722 1040 4768 mais
1060 4735 1093 4769 ne
1105 4720 1147 4767 lut
1159 4735 1204 4783 pas
1215 4720 1290 4781 agree
1303 4736 1349 4785 par·
1361 4722 1385 4769 lc
1397 4736 1469 4784 pape,
1482 4723 1526 4782 qui
1539 4736 1643 4769 nomme

280 4794 368 4844 Andre
388 4796 474 4856 Ghini,
495 4797 563 4846 alors
580 4795 677 4857 eaeque
696 4796 801 4844 d'Arras
818 4794 1097 4854 (('lo-ouieun,Vuae-ini
1115 4808 1156 4856 ap.
1171 4794 1208 4842 De
1221 4795 1298 4853 Smet,
1312 4794 1400 4865 Clima.
1421 4792 1451 4841 da
1471 4794 1591 4853 Flandre,
1606 4794 1642 4853 Il,

280 4871 386 4918 testo?
398 4886 404 4928 ;
418 4870 508 4930 Eubel,
521 4870 541 4930 1,
555 4870 623 4931 516).
632 4898 665 4907 —
676 4872 699 4919 2.
712 4870 773 4917 Voir
784 4884 809 4917 n.
821 4870 876 4918 868.
889 4896 919 4905 -
931 4870 953 4918 3.
965 4868 1021 4916 citt
1033 4882 1065 4915 en
1079 4868 1140 4915 1330
1153 4866 1261 4931 (Arnai.
1274 4867 1327 4917 hbe.
1347 4866 1438 4922 ΕιηηΙ..
1452 4867 1554 4927 Bruges,
1569 4868 1641 4929 1870,

280 4942 359 5002 3s6r,
372 4951 391 4991 t.
404 4947 426 5001 ὃ,
440 4958 465 5005 p.
479 4945 545 5005 lau).
558 4971 590 4978 -
601 4947 624 4991 4.
637 4944 699 4991 Voir
709 4958 734 4992 u.
746 4945 799 5003 977,
815 4944 885 4993 1193.
