3650 5675
289 480 352 545 200
853 478 940 549 1345,
963 477 984 540 4
1005 494 1093 541 mars

291 633 440 699 ecclesiis
464 632 703 699 canonicorum
719 640 754 697 et
770 631 1006 697 canonicarum
1032 628 1239 710 secularium,
1258 642 1399 695 'suarum
1423 630 1487 697 civ.
1503 638 1539 696 et
1553 631 1651 715 dioc,

291 736 426 821 singulis
438 737 587 822 personis
596 736 739 822 ydoneis
752 735 796 800 de
812 732 1064 800 canonicatibus
1078 752 1155 797 cum
1170 732 1380 819 plenitudine
1390 733 1472 819 juris
1488 737 1651 818 canonici,

290 860 423 905 exnunc
443 848 531 905 auct.
558 846 666 926 apost.
697 836 906 925 providendi,
939 856 1073 901 necnon
1096 856 1159 922 pro
1194 836 1329 921 singulis
1350 837 1511 923 personis,
1534 839 1652 923 quibus

290 942 474 1030 providerit
500 942 543 1008 de
566 942 831 1023 canonicatibus,
848 940 995 1025 singulas
1009 940 1196 1026 prebendas
1211 949 1245 1006 et
1262 940 1454 1025 dignitates,
1470 942 1524 1006 vel
1539 963 1651 1029 perso-

289 1057 389 1114 natus
414 1068 472 1113 seu
499 1046 621 1129 officia,
643 1068 672 1113 c.
706 1068 734 1113 c.
760 1048 814 1111 vel
839 1067 864 1111 s.
888 1066 917 1111 c.
941 1044 1069 1111 eisdem
1084 1044 1287 1110 conferenda
1302 1045 1460 1132 personis,
1476 1045 1649 1113 donationi

288 1160 407 1238 apost,
418 1172 495 1217 curn
509 1151 753 1238 acceptationis
765 1148 919 1216 clausulis
929 1148 1120 1213 reservandi
1133 1171 1141 1227 ;
1155 1147 1334 1214 inducendi
1348 1169 1481 1233 quoque
1491 1170 1650 1235 personas

289 1254 388 1341 ipsas,
412 1276 473 1342 per
496 1276 531 1321 se
555 1257 610 1320 vel
625 1255 727 1320 alium
743 1275 802 1319 seu
818 1254 902 1320 alios
917 1262 992 1334 etc,
1007 1273 1142 1319 necnon
1158 1252 1302 1318 faciendi
1327 1252 1361 1317 in
1385 1253 1521 1337 singulis
1534 1275 1650 1320 mona-

288 1359 395 1425 steriis
410 1380 684 1444 quorumcunque
699 1360 853 1425 ordinum
868 1359 1039 1443 utriusque
1051 1357 1325 1442 sexus,exemptis
1341 1366 1376 1422 et
1389 1378 1458 1422 non
1475 1345 1651 1444 exemptis,

288 1463 435 1529 civitatis
451 1472 486 1527 et
500 1462 642 1529 diocesis
657 1463 890 1549 predictarum,
911 1462 1057 1547 singulas
1071 1481 1230 1547 personas
1245 1460 1400 1545 ydoneas
1415 1462 1449 1525 in
1464 1463 1651 1528 monachos

288 1587 346 1631 seu
371 1567 551 1632 canonicos
575 1575 609 1632 et
636 1568 669 1632 in
696 1567 824 1647 fratres,
849 1574 907 1631 aut
933 1566 1117 1632 monachas
1143 1586 1201 1631 seu
1228 1565 1408 1631 canonicas
1430 1574 1488 1631 aut
1512 1586 1649 1649 sorores,

287 1690 470 1754 eorumque
489 1671 624 1755 singulis
644 1672 829 1755 regularem
852 1670 1014 1751 habitum,
1038 1677 1113 1751 etc,
1131 1678 1168 1735 ut
1191 1670 1224 1733 in
1245 1669 1353 1734 forma
1375 1668 1409 1733 in
1432 1669 1555 1735 talibus
1570 1690 1650 1736 con-

287 1783 407 1855 sueta3
433 1774 704 1855 contradictores,
721 1783 785 1840 etc.
802 1774 1033 1839 Decementes
1059 1774 1203 1857 singulas
1222 1793 1385 1858 personas
1408 1773 1606 1858 hujusmodi,
1629 1796 1649 1840 a

286 1878 368 1944 data
390 1880 579 1945 litterarum
595 1889 781 1945 vestrarum
804 1897 902 1965 super
925 1877 991 1944 hoc
1014 1876 1308 1957 conficiendarum,
1331 1878 1364 1941 in
1388 1878 1648 1944 canonicatuum

287 1991 322 2047 et
344 1984 591 2069 prebendarum
617 1984 816 2070 hujusmodi,
841 1994 876 2051 et
900 1982 1098 2068 regularium
1121 1983 1271 2047 locorum
1294 1982 1496 2067 receptionis
1519 2003 1649 2048 assecu-

287 2085 426 2169 tionem,
443 2087 581 2173 perinde
597 2089 718 2155 debere
745 2088 895 2170 conferri,
912 2109 954 2153 ac
968 2094 981 2121 ²
997 2086 1023 2151 si
1039 2107 1153 2151 earum
1177 2086 1313 2152 cuilibet
1335 2085 1378 2151 de
1400 2106 1474 2151 can.
1490 2088 1549 2152 sub
1573 2107 1648 2172 exp.

287 2194 390 2276 preb,
418 2198 571 2278 tempore
591 2192 682 2259 dicte
705 2194 796 2274 date,
820 2193 854 2257 in
882 2190 1040 2272 ecclesiis,
1057 2190 1091 2255 in
1114 2191 1232 2274 quibus
1257 2211 1318 2276 per
1346 2190 1474 2255 dictum
1504 2190 1649 2255 electum

286 2294 457 2379 provisum
487 2295 594 2378 fuerit,
626 2297 787 2363 fecissetis
816 2298 959 2381 gratiam
990 2295 1169 2381 specialem
1192 2302 1227 2359 et
1256 2293 1480 2360 mandassetis
1509 2293 1543 2357 in
1567 2292 1649 2359 locis

286 2398 524 2484 capitularibus
549 2420 709 2486 personas
736 2400 936 2466 nominatim
962 2399 1066 2485 recipi
1092 2406 1306 2464 memoratas
1331 2398 1412 2466 Non
1439 2402 1597 2465 obstante
1622 2398 1649 2464 si

284 2502 434 2585 quelibet
450 2523 665 2589 personarum
681 2504 829 2591 ipsarum
845 2524 949 2569 unum
964 2505 1020 2567 vel
1034 2503 1101 2568 duo
1115 2502 1280 2568 beneficia
1295 2503 1534 2585 ecclesiastica,
1547 2504 1649 2568 etiam

283 2604 311 2669 si
328 2625 445 2671 eorum
461 2607 604 2671 alterum
620 2616 772 2673 curatum
788 2607 895 2687 fuerit,
913 2607 1064 2672 obtinere
1079 2615 1247 2687 noscatur,
1260 2607 1447 2673 concedere
1468 2605 1648 2691 dignemini

284 2729 345 2795 per
360 2717 490 2775 vestras
506 2711 634 2777 litteras
645 2711 852 2793 facultatem,
877 2732 955 2777 cum
971 2710 1042 2775 aliis
1056 2730 1126 2775 non
1142 2711 1227 2774 obst.
1245 2718 1279 2774 et
1296 2711 1451 2775 clausulis
1466 2710 1647 2796 oportunis.

287 2853 331 2863 -
348 2812 425 2880 Fiat
442 2812 483 2880 R.

327 2959 410 3018 814.
428 2950 516 3017 Item
529 2974 624 3039 supp.
636 2963 737 3038 quat,
751 2974 827 3019 cum
839 2953 958 3039 ipsum,
968 2961 1041 3017 tam
1052 2953 1085 3017 in
1100 2952 1199 3019 Rom.
1211 2953 1301 3018 curia
1314 2973 1376 3037 pro
1386 2951 1453 3016 suis
1462 2959 1497 3015 et
1506 2950 1647 3016 ecclesie

284 3075 343 3122 sue
364 3056 507 3141 negotiis
533 3057 659 3122 utiliter
684 3056 924 3143 promovendis
946 3065 983 3122 et
1009 3056 1234 3142 expediendis,
1259 3076 1359 3139 quarn
1382 3061 1486 3134 extra,
1503 3073 1580 3119 cum
1603 3053 1647 3118 ad

284 3165 399 3244 partes
411 3156 581 3239 Leodien.,
589 3159 691 3225 dante
704 3160 854 3226 Domino
866 3161 1064 3247 pervenerit,
1075 3161 1248 3247 presertim
1259 3162 1293 3224 in
1309 3179 1369 3224 suo
1379 3157 1487 3243 primo
1500 3157 1649 3243 jocundo

284 3261 434 3327 adventu
451 3262 495 3327 ad
510 3263 592 3329 eccl.
609 3261 771 3330 Leodien.
786 3273 821 3329 et
836 3271 948 3350 partes
963 3263 1109 3345 easdem,
1125 3284 1247 3348 magna
1262 3269 1417 3349 oporteat
1428 3261 1538 3326 subire
1547 3281 1650 3326 onera

286 3385 517 3450 expensarum,
528 3365 571 3430 ad
580 3387 645 3450 que
655 3368 886 3454 supportanda
897 3387 958 3453 per
972 3387 1008 3432 se
1022 3367 1131 3454 ipsum
1146 3388 1214 3432 non
1231 3366 1353 3432 sufficit
1368 3365 1439 3430 sine
1450 3363 1489 3430 V.
1505 3364 1650 3451 presidio

285 3467 329 3549 S,
356 3468 427 3549 sibi,
456 3488 517 3554 pro
541 3471 796 3557 supportatione
822 3491 963 3537 onerum
992 3471 1227 3555 predictorum,
1250 3469 1398 3555 petendi,
1435 3469 1588 3555 exigendi
1615 3478 1650 3535 et

285 3571 482 3657 imponendi
498 3572 652 3639 omnibus
668 3575 828 3655 ecclesiis,
844 3574 1057 3640 monasteriis
1071 3583 1106 3640 et
1121 3575 1193 3639 aliis
1207 3574 1300 3654 locis,
1327 3583 1363 3638 et
1377 3573 1528 3659 personis
1543 3574 1650 3638 eccle-

285 3675 435 3756 siasticis,
466 3677 667 3742 secularibus
697 3686 732 3743 et
762 3678 977 3762 regularibus
1004 3698 1279 3763 quorumcunque
1322 3677 1487 3759 ordinum,
1518 3697 1649 3742 suarum

287 3779 433 3845 civitatis
463 3788 498 3844 et
527 3780 628 3862 dioc,
661 3782 876 3847 caritativum
910 3781 1106 3863 subsidium,
1130 3783 1227 3867 juxta
1265 3781 1411 3868 ipsarum
1449 3781 1648 3846 facultatum

177 3959 182 3974 ,
285 3883 501 3967 exigentiam,
527 3885 645 3950 saltem
670 3886 713 3951 ad
736 3886 884 3950 valorem
913 3885 1010 3950 unius
1034 3885 1175 3966 decime,
1192 3885 1378 3950 concedere
1392 3884 1574 3969 dignemini
1590 3904 1649 3969 per

285 3996 414 4053 vestras
437 3988 567 4053 litteras
591 3996 679 4055 auct.
703 3997 811 4075 apost.
827 3989 967 4053 liberam
983 3988 1202 4068 facultatem;
1220 3988 1319 4054 certis
1335 4007 1433 4073 super
1447 3988 1514 4053 hoc
1529 4007 1649 4053 execu-

284 4090 413 4156 toribus
439 4090 640 4176 deputatis...
656 4100 721 4157 etc.
737 4132 779 4140 —
797 4090 873 4157 Fiat
898 4091 932 4156 in
960 4091 1067 4157 forma
1091 4093 1134 4156 de
1158 4092 1336 4157 caritativo
1361 4091 1516 4171 subsidio,
1538 4090 1578 4155 R.
1604 4089 1649 4155 Et

284 4195 432 4260 habeant
455 4203 660 4278 executores,
678 4204 712 4261 et
731 4217 798 4262 non
815 4199 971 4262 obstante
987 4197 1227 4262 constitutione
1244 4195 1419 4260 Benedicti
1434 4194 1515 4277 XII,
1531 4195 1649 4282 prede-

285 4301 425 4364 cessoris
441 4299 557 4382 nostri,
574 4299 615 4364 R.
630 4297 653 4364 ¹³.

327 4454 409 4514 815.
436 4446 525 4513 Item
551 4468 646 4534 supp.
673 4456 765 4531 quat.
793 4448 866 4530 sibi,
902 4448 994 4532 quod
1016 4448 1135 4514 decem
1160 4447 1271 4513 clerici
1297 4448 1357 4526 sui,
1385 4446 1456 4531 ejus
1482 4444 1649 4528 obsequiis

284 4551 486 4633 insistentes,
514 4560 685 4638 presentes
712 4561 747 4618 et
772 4552 908 4639 posteri,
936 4573 1019 4638 quos
1049 4552 1194 4636 elegerit,
1220 4552 1377 4616 fructus...
1408 4549 1647 4614 beneficiorum

285 4674 419 4720 suorum
429 4656 521 4736 eccl,
535 4676 600 4741 que
611 4676 701 4721 nunc
716 4657 870 4722 obtinent
881 4663 917 4720 et
932 4655 1150 4742 imposterum
1163 4656 1375 4734 obtinebunt,
1385 4653 1489 4718 etiam
1506 4652 1531 4716 si
1547 4651 1647 4736 dign,

316 4841 344 4903 a)
361 4841 417 4889 ord.
430 4847 464 4891 ct.
476 4871 508 4878 „
519 4842 549 4904 b)
564 4843 604 4891 En
616 4858 703 4904 margo
715 4858 748 4891 on
759 4857 775 4891 u
786 4841 875 4904 ajoutd
890 4843 1016 4891 :Adduo
1027 4860 1037 4891 :
1055 4843 1091 4891 Et
1108 4842 1224 4901 lrabeunt,
1243 4847 1294 4902 etc,
1305 4841 1365 4902 suit
1378 4841 1464 4905 potita
1481 4841 1510 4888 ia
1527 4838 1648 4904 originali.

278 4930 328 4980 per
345 4914 471 4963 dominum
485 4920 594 4963 nostrum
607 4919 630 4964 et
642 4917 684 4964 liic
693 4931 742 4980 per
755 4931 790 4963 rna
802 4915 833 4965 P.
850 4917 971 4966 Germani
983 4915 1014 4965 de
1024 4916 1144 4964 nrondrrto
1155 4931 1205 4964 ruo.
