3650 5675
295 505 352 572 tao
811 503 901 577 1343,
922 502 952 567 11
976 498 1156 567 novembre.

298 657 495 742 ignorabant
510 664 624 722 taurea
642 655 762 740 gradus
787 651 1086 738 consanguinitatis
1113 660 1147 718 et
1171 653 1344 719 affinitatis
1365 655 1451 721 iuter
1466 677 1501 721 se
1526 656 1572 723 ita
1588 679 1660 724 esse

297 761 512 848 propinquos,
528 759 685 825 videlicet
701 758 792 844 quod
812 765 933 838 essent,
946 757 1031 822 sicut
1053 765 1139 837 sunt,
1153 758 1187 821 in
1199 758 1299 823 tertio
1311 760 1610 844 consanguinitatis
1624 771 1659 828 et

297 864 399 930 tertio
423 862 594 928 affinitatis
617 862 772 947 gradibus
799 861 969 947 conjuncti
984 883 992 940 ;
1010 860 1097 945 quia,
1114 861 1140 926 si
1161 861 1345 941 scivissent,
1362 883 1532 948 nunquam
1548 866 1660 950 hujus-

298 967 398 1054 modi¹
406 967 655 1032 matrimonium
672 967 929 1032 contraxissent.
947 964 1032 1031 Cum
1050 965 1148 1049 igitur
1171 966 1196 1030 si
1221 965 1316 1030 fieret
1340 965 1549 1032 divortiuma
1572 968 1661 1033 inter

297 1093 365 1151 eos,
381 1092 538 1137 rancores
563 1079 598 1136 et
622 1071 797 1151 discordie,
820 1090 859 1135 ac
884 1068 998 1153 gravia
1014 1069 1171 1139 scandala
1197 1078 1232 1135 et
1258 1069 1414 1156 pericula.
1431 1070 1517 1136 inter
1543 1093 1658 1138 eorum

297 1184 452 1261 parentes
468 1181 503 1240 et
529 1175 655 1241 amicos
682 1176 854 1255 orirentur,
871 1182 906 1238 et
934 1175 980 1238 ita
1006 1182 1067 1254 est,
1091 1181 1187 1260 pater
1210 1174 1411 1255 beatissime,
1428 1175 1454 1240 si
1477 1176 1657 1242 divortium

297 1280 383 1344 iuter
399 1300 457 1345 eos
473 1280 576 1359 tieret,
592 1301 661 1345 non
687 1280 720 1344 iu
747 1279 896 1365 partibus
910 1298 973 1363 pro
998 1279 1115 1343 mortis
1139 1278 1288 1362 periculo
1311 1279 1379 1343 ausi
1396 1287 1507 1345 esseut
1526 1282 1657 1346 reverti.

298 1385 408 1466 Quare
424 1403 518 1469 supp.
535 1383 616 1449 dicti
633 1385 801 1470 conjuges,
818 1392 855 1448 ut
871 1382 1060 1467 hujusmodi
1078 1381 1242 1448 scandalis
1257 1391 1292 1446 et
1304 1383 1458 1467 periculis
1474 1384 1657 1465 obviantes,

297 1487 387 1573 ipsos
401 1509 421 1553 a
435 1489 581 1572 generali
597 1487 957 1554 excommunicationis
973 1486 1150 1566 sententia,
1167 1507 1268 1570 quam
1283 1495 1420 1573 propter
1435 1487 1500 1554 hoc
1517 1487 1659 1553 incurre-

297 1598 384 1672 runt,
401 1590 583 1676 dignemini
599 1593 783 1672 absolvere,
800 1599 835 1655 et
862 1589 952 1674 quod
977 1590 1019 1655 ad
1045 1589 1343 1655 solennizatiouem
1359 1591 1439 1656 dicti
1456 1592 1657 1658 matrimonii

296 1696 476 1782 procedere
492 1718 532 1762 ac
548 1698 581 1761 in
597 1719 639 1762 eo
655 1697 746 1762 licite
770 1715 944 1760 remanere
969 1695 1113 1776 valeant,
1142 1694 1300 1780 predictis
1327 1693 1575 1780 impedimentis
1590 1716 1657 1761 non

298 1802 393 1880 obst,
410 1821 487 1866 cum
503 1800 630 1865 eisdem
646 1801 842 1885 conjugibus
856 1797 1058 1883 dispensare,
1074 1799 1204 1885 prolem
1220 1807 1420 1885 susceptam,
1437 1800 1462 1864 si
1479 1820 1543 1884 qua
1559 1801 1610 1883 sit,
1624 1809 1658 1866 et

297 1904 541 1989 suscipiendam
557 1905 741 1988 legitimam
756 1900 1012 1982 decernendo...,
1023 1922 1099 1966 cum
1112 1901 1256 1967 offerant
1266 1923 1301 1966 se
1316 1911 1450 1988 paratos
1465 1903 1507 1968 ad
1519 1902 1656 1969 lundan-

296 2007 373 2073 dam
391 2028 490 2072 unam
503 2009 621 2093 capell.
638 2008 671 2072 in
695 2007 828 2094 propria
852 2007 955 2073 domo
982 2027 1040 2071 sua
1064 2005 1097 2070 in
1124 2005 1203 2070 villa
1228 2004 1402 2085 Insulensi,
1419 2007 1472 2071 vel
1497 2007 1584 2088 alibi,
1601 2007 1654 2072 ubi
1748 2013 1751 2020 '

256 2107 259 2112 ’
296 2110 386 2177 dicte
402 2112 565 2197 placuerit
580 2111 767 2192 Sanctitati,
784 2111 868 2176 iufra
892 2111 1039 2195 quinque
1064 2130 1180 2190 annos,
1197 2109 1319 2174 valoris
1336 2131 1376 2175 20
1392 2111 1448 2176 lib.
1464 2132 1556 2196 parv.
1569 2110 1656 2192 Tur,

296 2216 479 2295 aunuatim,
496 2223 530 2280 et
546 2236 649 2280 unum
665 2215 830 2300 hospitale
858 2215 892 2278 in
917 2214 1046 2279 honore
1062 2211 1102 2278 V.
1125 2211 1185 2293 M,
1203 2212 1235 2276 in
1263 2234 1330 2298 quo
1351 2213 1486 2298 quidem
1501 2213 1656 2300 hospitali

296 2327 453 2403 erunt13
481 2320 559 2385 lecti
585 2319 706 2384 muniti
727 2339 788 2404 pro
812 2319 1013 2406 pauperibus
1038 2316 1196 2382 membris
1221 2315 1343 2384 Christi
1369 2318 1595 2405 hospitandis;
1624 2327 1658 2384 et

295 2422 394 2488 aliam
418 2443 541 2508 penam
575 2424 783 2510 corporalem
821 2423 930 2487 subire
968 2429 1003 2486 et
1032 2419 1183 2506 predicta
1212 2440 1381 2506 peragere,
1409 2430 1509 2509 prout
1547 2423 1578 2488 S.
1618 2421 1657 2487 V.

295 2526 461 2613 disponet,
492 2529 661 2593 humiliter
684 2536 719 2592 et
748 2528 883 2594 devote.
913 2567 957 2577 -
987 2526 1096 2592 Possit
1127 2525 1197 2590 fieri
1227 2546 1287 2612 per
1316 2527 1544 2612 dyocesanurn
1571 2536 1657 2594 auct.

294 2638 413 2716 apost,
430 2631 456 2696 si
473 2631 516 2696 sit
532 2631 578 2698 ita
591 2655 600 2712 ;
616 2632 774 2718 imposita
789 2631 837 2696 eis
851 2634 940 2697 bona
955 2629 1142 2718 penitentia
1158 2637 1192 2694 et
1208 2629 1255 2694 eis
1270 2629 1313 2695 ad
1322 2637 1456 2718 tempus
1476 2632 1635 2718 separatis
1648 2655 1656 2711 ;

295 2742 329 2798 et
345 2734 435 2818 quod
462 2735 545 2801 infra
560 2737 740 2801 triennium
757 2738 926 2822 complere
950 2744 1128 2801 teneantur
1144 2736 1234 2820 quod
1256 2737 1400 2802 offerunt
1415 2737 1457 2803 de
1480 2738 1608 2824 capella
1623 2743 1657 2801 et

294 2838 462 2923 hospitali.
480 2840 520 2905 R.

339 2941 417 3006 Dat.
433 2942 533 3007 Avin.
552 2964 569 3027 3
587 2943 630 3009 id.
647 2965 726 3010 nov.
742 2952 775 3009 a⁰
792 2951 833 3010 2⁰.
851 2946 900 3028 (3,
919 2944 955 3009 P.
973 2942 1018 3025 Il,
1037 2945 1104 3029 37).

345 3078 458 3163 575.
1260 3114 1353 3179 1345,
1371 3112 1410 3157 rr
1428 3094 1609 3158 novembre.

338 3196 439 3283 Supp.
455 3196 472 3274 J
478 3197 629 3262 ohannes
644 3196 760 3278 Vituli,
787 3200 864 3264 cler.
891 3196 1060 3263 Moriuen.
1077 3199 1174 3279 dioc,
1191 3206 1282 3283 quat.
1299 3197 1359 3263 sibi
1374 3196 1523 3282 regimen
1550 3196 1654 3262 scola·

293 3322 367 3366 rum
382 3292 461 3364 ville
477 3299 520 3364 de
536 3300 773 3387 Poperinglres,
791 3300 959 3367 Moriuen.
987 3302 1084 3383 dioc,
1110 3310 1307 3369 consuetum
1330 3322 1389 3387 per
1405 3303 1482 3367 abb.
1498 3308 1534 3366 et
1557 3321 1654 3366 conv.

293 3404 486 3469 monasterii
503 3404 534 3468 S.
551 3403 678 3469 Bertini
696 3405 729 3469 in
746 3406 777 3471 S.
803 3406 1008 3487 AndomarO,
1026 3406 1067 3473 Ο,
1085 3407 1115 3472 S.
1140 3406 1190 3489 B,
1206 3407 1296 3472 dicte
1312 3406 1409 3487 dioc,
1434 3404 1653 3471 communiter

293 3507 347 3573 vel
362 3507 505 3587 divisim,
522 3508 651 3574 clericis
662 3510 873 3590 secularibus,
886 3510 929 3576 ad
945 3518 1073 3576 certum
1086 3519 1219 3597 tempus
1231 3510 1387 3596 assignari
1405 3531 1462 3575 seu
1478 3509 1654 3589 committi,

293 3612 402 3679 eidem
419 3612 507 3693 cler,
524 3613 670 3697 quaudiu
686 3613 808 3680 vixerit
823 3615 856 3678 iu
881 3616 1046 3697 humanis,
1063 3636 1122 3701 per
1146 3636 1181 3680 se
1205 3615 1259 3679 vel
1283 3615 1385 3680 alium
1400 3611 1581 3699 regendum
1597 3634 1654 3678 seu

293 3715 554 3800 gubernandum,
571 3737 648 3781 cum
664 3718 819 3783 omnibus
831 3719 958 3804 juribus
970 3726 1005 3784 et
1021 3718 1257 3784 emolumentis
1273 3718 1348 3799 suiS,
1360 3739 1401 3782 ex
1414 3725 1505 3783 certa
1517 3715 1654 3783 scientia

293 3819 449 3905 assignari
466 3841 524 3885 seu
541 3822 709 3886 committi
725 3821 919 3907 dignemini.
935 3859 979 3867 -
996 3822 1070 3888 Fiat
1086 3823 1130 3888 ad
1145 3822 1326 3887 triennium
1343 3820 1383 3886 R.

337 3922 417 3988 Dat.
433 3924 533 3989 Avin.
551 3946 568 4009 3
586 3924 629 3991 id.
645 3946 724 3991 nov.
740 3933 773 3991 a⁰
790 3934 831 3992 2⁰.
848 3928 897 4010 (3,
915 3928 951 3993 P.
968 3925 1014 4007 ll,
1032 3930 1115 4013 37‘).

343 4061 457 4146 576.
566 4123 569 4127 ι
1259 4096 1354 4160 1343,
1371 4096 1410 4140 rr
1429 4076 1610 4140 novembre.

335 4180 437 4266 Supp.
455 4180 582 4262 Petrus,
598 4184 673 4245 abb.
689 4181 882 4247 monasterii
899 4182 930 4247 S.
949 4181 1075 4246 Rikarii
1091 4182 1124 4246 iu
1142 4179 1288 4247 Pontivo
1301 4193 1320 4261 ¹,
1338 4185 1428 4265 quat.
1455 4176 1653 4243 fratriGuil·

323 4368 353 4426 a)
366 4351 440 4415 (luſtr
455 4368 580 4418 llivortio.

326 4578 347 4625 l.
361 4577 451 4636 Piorrc,
464 4576 532 4625 abbd
554 4576 586 4625 de
599 4578 729 4626 St·anorr
742 4579 757 4626 ir
770 4578 852 4639 (land,
865 4579 959 4629 maltro
970 4594 1000 4628 eu
1014 4578 1147 4640 turninga,
1161 4580 1202 4628 fut
1214 4576 1318 4628 norumd
1336 4576 1403 4625 abbt·
1414 4574 1446 4623 do
1459 4574 1609 4635 sr-Riquier,
1622 4586 1653 4621 en

292 4655 366 4699 rertu
378 4648 455 4698 d'unc
467 4648 568 4699 reservo
586 4651 740 4713 pontificale,
754 4652 778 4700 lc
797 4653 829 4700 30
847 4654 898 4701 mai
921 4652 1210 4716 1343(1op..tv·br.rr,
1224 4653 1323 4713 fabr).
1343 4652 1379 4698 Le
1398 4648 1474 4698 choix
1493 4646 1538 4696 dos
1558 4647 1654 4694 moines

291 4721 375 4771 s'otait
388 4723 460 4785 porto‘
472 4739 516 4771 sur
527 4724 583 4772 leur
594 4723 717 4785 contuere,
740 4725 855 4774 Bernard
871 4726 904 4775 de
915 4726 1076 4789 Feuquierea,
1098 4730 1125 4775 et
1145 4728 1248 4775 celui-ci
1267 4740 1293 4775 se
1306 4723 1406 4773 roudait
1425 4724 1439 4770 d
1459 4724 1578 4783 Ariguon
1591 4732 1656 4781 pour

290 4795 414 4845 solliciter
423 4812 451 4845 sa
460 4798 646 4858 confirmation,
659 4798 774 4860 lorsqu'il
785 4801 875 4862 appr-it
887 4800 912 4848 la
924 4798 1137 4864 1¹6¹scrvcpapale.
1152 4800 1188 4847 La
1200 4798 1340 4862 suppliquc
1351 4794 1415 4857 qu'il
1427 4794 1530 4843 turmam
1541 4808 1575 4841 au
1587 4806 1654 4855 pupc

291 4868 315 4918 lo
328 4872 358 4917 12
370 4872 507 4921 novembro
515 4886 580 4919 nous
591 4873 708 4935 appraud
727 4872 790 4933 qu'il
802 4872 873 4932 otait,
886 4873 937 4922 lom
957 4874 989 4923 de
1008 4888 1053 4923 son
1073 4873 1188 4933 cleotiou,
1203 4871 1293 4936 provot
1305 4871 1337 4919 de
1358 4870 1383 4918 ln
1395 4871 1494 4917 maisou
1505 4867 1538 4915 do
1552 4864 1653 4928 Mityle,

290 4942 456 5007 dependaum
467 4946 500 4995 do
522 4946 676 5006 St-Riquior,
689 4947 751 4994 ‹l'un
762 4961 859 4996 reveuu
870 4948 966 4997 sunuel
977 4947 1010 4998 de
1029 4951 1076 4997 200
1097 4950 1174 4996 livres
1186 4962 1192 5005 ;
1211 4946 1230 4993 il
1243 4942 1396 4994 demandari
1416 4944 1441 4991 la
1453 4954 1588 4991 conserver
1599 4952 1613 4988 u
1625 4936 1654 4984 ub
