<?xml version="1.0" encoding="UTF-8"?>
<!DOCTYPE html PUBLIC "-//W3C//DTD XHTML 1.0 Transitional//EN"
    "http://www.w3.org/TR/xhtml1/DTD/xhtml1-transitional.dtd">
<html xmlns="http://www.w3.org/1999/xhtml" xml:lang="en" lang="en">
 <head>
  <title>
</title>
<meta http-equiv="Content-Type" content="text/html;charset=utf-8" />
  <meta name='ocr-system' content='tesseract 3.04.00' />
  <meta name='ocr-capabilities' content='ocr_page ocr_carea ocr_par ocr_line ocrx_word'/>
</head>
<body>
  <div class='ocr_page' id='page_1' title='image "./suppliquesdeclm00berlgoog_0113.png"; bbox 0 0 3650 5675; ppageno 0'>
   <div class='ocr_carea' id='block_1_1' title="bbox 278 483 1098 558">
    <p class='ocr_par' dir='ltr' id='par_1_1' title="bbox 278 483 1098 558">
     <span class='ocr_line' id='line_1_1' title="bbox 278 483 1098 558; baseline -0.011 -3"><span class='ocrx_word' id='word_1_1' title='bbox 278 490 319 555; x_wconf 80' lang='lat'>68</span> <span class='ocrx_word' id='word_1_2' title='bbox 779 483 784 490; x_wconf 83' lang='lat'>&#39;</span> <span class='ocrx_word' id='word_1_3' title='bbox 824 483 912 558; x_wconf 73' lang='lat'>1848,</span> <span class='ocrx_word' id='word_1_4' title='bbox 935 483 987 550; x_wconf 79' lang='grc'>5-6</span> <span class='ocrx_word' id='word_1_5' title='bbox 1008 499 1098 550; x_wconf 68' lang='lat' dir='ltr'>mars.</span> 
     </span>
    </p>
   </div>
   <div class='ocr_carea' id='block_1_2' title="bbox 278 635 1647 1349">
    <p class='ocr_par' dir='ltr' id='par_1_2' title="bbox 278 635 1647 1227">
     <span class='ocr_line' id='line_1_2' title="bbox 278 635 1646 728; baseline 0 -21"><span class='ocrx_word' id='word_1_6' title='bbox 278 662 342 728; x_wconf 88' lang='lat' dir='ltr'>que</span> <span class='ocrx_word' id='word_1_7' title='bbox 358 640 449 706; x_wconf 87' lang='lat' dir='ltr'>facta</span> <span class='ocrx_word' id='word_1_8' title='bbox 465 647 543 704; x_wconf 91' lang='lat' dir='ltr'>sunt</span> <span class='ocrx_word' id='word_1_9' title='bbox 557 657 618 722; x_wconf 93' lang='lat' dir='ltr'>per</span> <span class='ocrx_word' id='word_1_10' title='bbox 637 635 746 722; x_wconf 91' lang='lat' dir='ltr'>ipsum</span> <span class='ocrx_word' id='word_1_11' title='bbox 763 644 798 700; x_wconf 85' lang='lat' dir='ltr'>et</span> <span class='ocrx_word' id='word_1_12' title='bbox 815 636 898 700; x_wconf 89' lang='lat' dir='ltr'>fient</span> <span class='ocrx_word' id='word_1_13' title='bbox 926 635 1094 723; x_wconf 87' lang='lat' dir='ltr'><strong>deinceps,</strong></span> <span class='ocrx_word' id='word_1_14' title='bbox 1111 637 1324 722; x_wconf 84' lang='lat' dir='ltr'>negotiorum</span> <span class='ocrx_word' id='word_1_15' title='bbox 1353 639 1464 705; x_wconf 90' lang='lat' dir='ltr'>eidem</span> <span class='ocrx_word' id='word_1_16' title='bbox 1489 642 1646 708; x_wconf 91' lang='lat' dir='ltr'>commis-</span> 
     </span>
     <span class='ocr_line' id='line_1_3' title="bbox 278 739 1645 831; baseline 0 -19"><span class='ocrx_word' id='word_1_17' title='bbox 278 767 390 812; x_wconf 92' lang='lat' dir='ltr'>sorum</span> <span class='ocrx_word' id='word_1_18' title='bbox 413 741 651 828; x_wconf 83' lang='lat' dir='ltr'>prosecutione</span> <span class='ocrx_word' id='word_1_19' title='bbox 679 739 834 818; x_wconf 86' lang='lat' dir='ltr'>durante,</span> <span class='ocrx_word' id='word_1_20' title='bbox 864 739 898 803; x_wconf 92' lang='lat' dir='ltr'>in</span> <span class='ocrx_word' id='word_1_21' title='bbox 926 739 1025 806; x_wconf 91' lang='lat' dir='ltr'>dictis</span> <span class='ocrx_word' id='word_1_22' title='bbox 1050 741 1133 806; x_wconf 93' lang='lat' dir='ltr'>locis</span> <span class='ocrx_word' id='word_1_23' title='bbox 1157 749 1193 806; x_wconf 92' lang='lat' dir='ltr'>et</span> <span class='ocrx_word' id='word_1_24' title='bbox 1207 742 1303 806; x_wconf 89' lang='lat' dir='ltr'>terris</span> <span class='ocrx_word' id='word_1_25' title='bbox 1324 743 1475 808; x_wconf 93' lang='lat' dir='ltr'>dominio</span> <span class='ocrx_word' id='word_1_26' title='bbox 1497 745 1645 831; x_wconf 92' lang='lat' dir='ltr'>ipsorum</span> 
     </span>
     <span class='ocr_line' id='line_1_4' title="bbox 279 843 1647 934; baseline -0.001 -19"><span class='ocrx_word' id='word_1_27' title='bbox 279 870 394 934; x_wconf 87' lang='lat' dir='ltr'>regum</span> <span class='ocrx_word' id='word_1_28' title='bbox 421 845 588 931; x_wconf 86' lang='lat' dir='ltr'>subjectis,</span> <span class='ocrx_word' id='word_1_29' title='bbox 621 845 761 910; x_wconf 86' lang='lat' dir='ltr'>valeant</span> <span class='ocrx_word' id='word_1_30' title='bbox 787 843 925 928; x_wconf 82' lang='lat' dir='ltr'>perinde</span> <span class='ocrx_word' id='word_1_31' title='bbox 941 865 981 910; x_wconf 88' lang='lat' dir='ltr'>ac</span> <span class='ocrx_word' id='word_1_32' title='bbox 997 844 1024 910; x_wconf 90' lang='lat' dir='ltr'>si</span> <span class='ocrx_word' id='word_1_33' title='bbox 1052 845 1086 909; x_wconf 92' lang='lat' dir='ltr'>in</span> <span class='ocrx_word' id='word_1_34' title='bbox 1110 845 1208 912; x_wconf 89' lang='lat' dir='ltr'>dictis</span> <span class='ocrx_word' id='word_1_35' title='bbox 1234 847 1344 932; x_wconf 87' lang='lat' dir='ltr'>regnis</span> <span class='ocrx_word' id='word_1_36' title='bbox 1367 849 1458 914; x_wconf 83' lang='lat' dir='ltr'>facta</span> <span class='ocrx_word' id='word_1_37' title='bbox 1483 858 1596 915; x_wconf 83' lang='lat' dir='ltr'>essent</span> <span class='ocrx_word' id='word_1_38' title='bbox 1611 859 1647 914; x_wconf 88' lang='lat' dir='ltr'>et</span> 
     </span>
     <span class='ocr_line' id='line_1_5' title="bbox 280 948 1646 1038; baseline 0.001 -20"><span class='ocrx_word' id='word_1_39' title='bbox 280 955 314 1019; x_wconf 89' lang='lat' dir='ltr'>iu</span> <span class='ocrx_word' id='word_1_40' title='bbox 330 953 411 1038; x_wconf 92' lang='lat' dir='ltr'>ipsis</span> <span class='ocrx_word' id='word_1_41' title='bbox 429 951 499 1016; x_wconf 86' lang='lat' dir='ltr'>lieri</span> <span class='ocrx_word' id='word_1_42' title='bbox 527 948 740 1033; x_wconf 86' lang='lat' dir='ltr'>contingeret</span> <span class='ocrx_word' id='word_1_43' title='bbox 756 948 790 1012; x_wconf 94' lang='lat' dir='ltr'>in</span> <span class='ocrx_word' id='word_1_44' title='bbox 806 948 964 1030; x_wconf 83' lang='lat' dir='ltr'>futurum,</span> <span class='ocrx_word' id='word_1_45' title='bbox 981 957 1016 1014; x_wconf 92' lang='lat' dir='ltr'>et</span> <span class='ocrx_word' id='word_1_46' title='bbox 1038 957 1244 1036; x_wconf 82' lang='lat' dir='ltr'>potestatem</span> <span class='ocrx_word' id='word_1_47' title='bbox 1260 952 1447 1036; x_wconf 83' lang='lat' dir='ltr'>predictam</span> <span class='ocrx_word' id='word_1_48' title='bbox 1463 954 1646 1020; x_wconf 87' lang='lat' dir='ltr'>extendere</span> 
     </span>
     <span class='ocr_line' id='line_1_6' title="bbox 282 1051 1647 1144; baseline -0.001 -22"><span class='ocrx_word' id='word_1_49' title='bbox 282 1059 326 1124; x_wconf 84' lang='lat' dir='ltr'>ad</span> <span class='ocrx_word' id='word_1_50' title='bbox 341 1059 417 1122; x_wconf 90' lang='lat' dir='ltr'>loca</span> <span class='ocrx_word' id='word_1_51' title='bbox 434 1065 469 1121; x_wconf 88' lang='lat' dir='ltr'>et</span> <span class='ocrx_word' id='word_1_52' title='bbox 484 1063 590 1120; x_wconf 89' lang='lat' dir='ltr'>terras</span> <span class='ocrx_word' id='word_1_53' title='bbox 605 1051 759 1119; x_wconf 91' lang='lat' dir='ltr'>dominio</span> <span class='ocrx_word' id='word_1_54' title='bbox 773 1052 939 1118; x_wconf 88' lang='lat' dir='ltr'>dictorum</span> <span class='ocrx_word' id='word_1_55' title='bbox 955 1072 1070 1138; x_wconf 86' lang='lat' dir='ltr'>regum</span> <span class='ocrx_word' id='word_1_56' title='bbox 1086 1054 1247 1139; x_wconf 88' lang='lat' dir='ltr'>subjecta,</span> <span class='ocrx_word' id='word_1_57' title='bbox 1264 1076 1341 1121; x_wconf 91' lang='lat' dir='ltr'>cum</span> <span class='ocrx_word' id='word_1_58' title='bbox 1367 1057 1524 1122; x_wconf 86' lang='lat' dir='ltr'>clausulis</span> <span class='ocrx_word' id='word_1_59' title='bbox 1548 1078 1647 1144; x_wconf 89' lang='lat' dir='ltr'>opor-</span> 
     </span>
     <span class='ocr_line' id='line_1_7' title="bbox 282 1157 593 1227; baseline -0.016 0"><span class='ocrx_word' id='word_1_60' title='bbox 282 1161 382 1227; x_wconf 92' lang='lat' dir='ltr'>tunis.</span> <span class='ocrx_word' id='word_1_61' title='bbox 397 1196 442 1205; x_wconf 91' lang='lat'>-</span> <span class='ocrx_word' id='word_1_62' title='bbox 458 1159 535 1225; x_wconf 84' lang='lat' dir='ltr'>Fiat</span> <span class='ocrx_word' id='word_1_63' title='bbox 552 1157 593 1223; x_wconf 91' lang='lat' dir='ltr'>R.</span> 
     </span>
    </p>

    <p class='ocr_par' dir='ltr' id='par_1_3' title="bbox 326 1262 1261 1349">
     <span class='ocr_line' id='line_1_8' title="bbox 326 1262 1261 1349; baseline -0.001 -21"><span class='ocrx_word' id='word_1_64' title='bbox 326 1265 406 1330; x_wconf 85' lang='lat' dir='ltr'>Dat.</span> <span class='ocrx_word' id='word_1_65' title='bbox 423 1285 478 1349; x_wconf 88' lang='lat' dir='ltr'>ap.</span> <span class='ocrx_word' id='word_1_66' title='bbox 495 1262 748 1327; x_wconf 83' lang='lat' dir='ltr'>villamnovam</span> <span class='ocrx_word' id='word_1_67' title='bbox 766 1280 783 1344; x_wconf 99' lang='lat'>3</span> <span class='ocrx_word' id='word_1_68' title='bbox 801 1281 880 1326; x_wconf 92' lang='lat' dir='ltr'>non.</span> <span class='ocrx_word' id='word_1_69' title='bbox 896 1269 995 1328; x_wconf 83' lang='lat' dir='ltr'>mart.</span> <span class='ocrx_word' id='word_1_70' title='bbox 1012 1268 1046 1326; x_wconf 85' lang='lat' dir='ltr'>a⁰</span> <span class='ocrx_word' id='word_1_71' title='bbox 1066 1269 1105 1327; x_wconf 87' lang='lat'>1⁰.</span> <span class='ocrx_word' id='word_1_72' title='bbox 1123 1263 1174 1346; x_wconf 82' lang='lat'>(2,</span> <span class='ocrx_word' id='word_1_73' title='bbox 1193 1263 1261 1346; x_wconf 89' lang='lat'><strong>72).</strong></span> 
     </span>
    </p>
   </div>
   <div class='ocr_carea' id='block_1_3' title="bbox 284 1427 1648 2251">
    <p class='ocr_par' dir='ltr' id='par_1_4' title="bbox 334 1427 1599 1524">
     <span class='ocr_line' id='line_1_9' title="bbox 334 1427 1599 1524; baseline -0.002 -14"><span class='ocrx_word' id='word_1_74' title='bbox 334 1427 448 1512; x_wconf 76' lang='grc'>324.</span> <span class='ocrx_word' id='word_1_75' title='bbox 481 1456 485 1463; x_wconf 86' lang='grc'><strong>’</strong></span> <span class='ocrx_word' id='word_1_76' title='bbox 1350 1460 1444 1524; x_wconf 69' lang='lat'>1343,</span> <span class='ocrx_word' id='word_1_77' title='bbox 1458 1459 1481 1522; x_wconf 78' lang='lat'><em>5</em></span> <span class='ocrx_word' id='word_1_78' title='bbox 1498 1463 1599 1507; x_wconf 83' lang='lat' dir='ltr'>mars.</span> 
     </span>
    </p>

    <p class='ocr_par' dir='ltr' id='par_1_5' title="bbox 284 1540 1648 2148">
     <span class='ocr_line' id='line_1_10' title="bbox 329 1540 1645 1630; baseline -0.001 -18"><span class='ocrx_word' id='word_1_79' title='bbox 329 1545 429 1612; x_wconf 89' lang='lat' dir='ltr'>Motu</span> <span class='ocrx_word' id='word_1_80' title='bbox 444 1543 579 1630; x_wconf 92' lang='lat' dir='ltr'>proprio</span> <span class='ocrx_word' id='word_1_81' title='bbox 593 1543 807 1628; x_wconf 86' lang='lat' dir='ltr'>providemus</span> <span class='ocrx_word' id='word_1_82' title='bbox 821 1541 992 1608; x_wconf 80' lang='lat' dir='ltr'>Anibaldo</span> <span class='ocrx_word' id='word_1_83' title='bbox 1006 1540 1026 1619; x_wconf 90' lang='lat' dir='ltr'>J</span> <span class='ocrx_word' id='word_1_84' title='bbox 1030 1543 1126 1607; x_wconf 85' lang='lat' dir='ltr'>acobi</span> <span class='ocrx_word' id='word_1_85' title='bbox 1152 1543 1194 1609; x_wconf 90' lang='lat' dir='ltr'>de</span> <span class='ocrx_word' id='word_1_86' title='bbox 1219 1542 1376 1609; x_wconf 85' lang='lat' dir='ltr'>Ceccano</span> <span class='ocrx_word' id='word_1_87' title='bbox 1393 1557 1412 1625; x_wconf 89' lang='lat'>¹,</span> <span class='ocrx_word' id='word_1_88' title='bbox 1427 1546 1543 1630; x_wconf 84' lang='lat' dir='ltr'>nepoti</span> <span class='ocrx_word' id='word_1_89' title='bbox 1568 1565 1645 1611; x_wconf 82' lang='lat' dir='ltr'>ven.</span> 
     </span>
     <span class='ocr_line' id='line_1_11' title="bbox 286 1644 1648 1731; baseline -0.002 -17"><span class='ocrx_word' id='word_1_90' title='bbox 286 1650 396 1715; x_wconf 85' lang='lat' dir='ltr'>fratris</span> <span class='ocrx_word' id='word_1_91' title='bbox 408 1648 524 1726; x_wconf 87' lang='lat' dir='ltr'>nostri,</span> <span class='ocrx_word' id='word_1_92' title='bbox 534 1647 624 1712; x_wconf 93' lang='lat' dir='ltr'>dom.</span> <span class='ocrx_word' id='word_1_93' title='bbox 634 1645 990 1726; x_wconf 81' lang='lat' dir='ltr'>Anibaldi,Tusculani</span> <span class='ocrx_word' id='word_1_94' title='bbox 1004 1645 1105 1730; x_wconf 91' lang='lat' dir='ltr'>episc.</span> <span class='ocrx_word' id='word_1_95' title='bbox 1118 1644 1229 1724; x_wconf 86' lang='lat' dir='ltr'>card.¹,</span> <span class='ocrx_word' id='word_1_96' title='bbox 1240 1644 1281 1710; x_wconf 90' lang='lat' dir='ltr'>de</span> <span class='ocrx_word' id='word_1_97' title='bbox 1292 1665 1366 1710; x_wconf 82' lang='lat' dir='ltr'>cau.</span> <span class='ocrx_word' id='word_1_98' title='bbox 1377 1654 1411 1710; x_wconf 92' lang='lat' dir='ltr'>et</span> <span class='ocrx_word' id='word_1_99' title='bbox 1422 1647 1514 1731; x_wconf 91' lang='lat' dir='ltr'>preb.</span> <span class='ocrx_word' id='word_1_100' title='bbox 1525 1644 1648 1711; x_wconf 87' lang='lat' dir='ltr'>Came-</span> 
     </span>
     <span class='ocr_line' id='line_1_12' title="bbox 284 1748 1645 1838; baseline -0.004 -19"><span class='ocrx_word' id='word_1_101' title='bbox 284 1775 406 1834; x_wconf 71' lang='lat' dir='ltr'>racen,</span> <span class='ocrx_word' id='word_1_102' title='bbox 421 1773 481 1838; x_wconf 90' lang='lat' dir='ltr'>per</span> <span class='ocrx_word' id='word_1_103' title='bbox 495 1750 728 1817; x_wconf 83' lang='lat' dir='ltr'>uxorationem</span> <span class='ocrx_word' id='word_1_104' title='bbox 745 1749 913 1815; x_wconf 86' lang='lat' dir='ltr'>Francisci</span> <span class='ocrx_word' id='word_1_105' title='bbox 931 1749 973 1814; x_wconf 91' lang='lat' dir='ltr'>de</span> <span class='ocrx_word' id='word_1_106' title='bbox 989 1749 1132 1830; x_wconf 86' lang='lat' dir='ltr'>Sabello,</span> <span class='ocrx_word' id='word_1_107' title='bbox 1146 1748 1250 1833; x_wconf 91' lang='lat' dir='ltr'>ipsius</span> <span class='ocrx_word' id='word_1_108' title='bbox 1266 1749 1346 1813; x_wconf 93' lang='lat' dir='ltr'>olim</span> <span class='ocrx_word' id='word_1_109' title='bbox 1362 1751 1443 1815; x_wconf 90' lang='lat' dir='ltr'>eccl.</span> <span class='ocrx_word' id='word_1_110' title='bbox 1455 1770 1529 1814; x_wconf 87' lang='lat' dir='ltr'>can.</span> <span class='ocrx_word' id='word_1_111' title='bbox 1542 1752 1645 1836; x_wconf 93' lang='lat' dir='ltr'>preb.,</span> 
     </span>
     <span class='ocr_line' id='line_1_13' title="bbox 286 1849 1646 1943; baseline -0.001 -23"><span class='ocrx_word' id='word_1_112' title='bbox 286 1878 359 1923; x_wconf 82' lang='lat' dir='ltr'>vac.</span> <span class='ocrx_word' id='word_1_113' title='bbox 374 1877 434 1943; x_wconf 93' lang='lat' dir='ltr'>per</span> <span class='ocrx_word' id='word_1_114' title='bbox 448 1855 712 1921; x_wconf 86' lang='lat' dir='ltr'>reservationem</span> <span class='ocrx_word' id='word_1_115' title='bbox 738 1853 792 1918; x_wconf 85' lang='lat' dir='ltr'>fel.</span> <span class='ocrx_word' id='word_1_116' title='bbox 819 1873 884 1917; x_wconf 92' lang='lat' dir='ltr'>rec.</span> <span class='ocrx_word' id='word_1_117' title='bbox 901 1852 991 1917; x_wconf 90' lang='lat' dir='ltr'>dom.</span> <span class='ocrx_word' id='word_1_118' title='bbox 1010 1849 1195 1932; x_wconf 89' lang='lat' dir='ltr'>Benedicti,</span> <span class='ocrx_word' id='word_1_119' title='bbox 1211 1851 1456 1936; x_wconf 85' lang='lat' dir='ltr'>predecessoris</span> <span class='ocrx_word' id='word_1_120' title='bbox 1472 1853 1587 1934; x_wconf 90' lang='lat' dir='ltr'>nostri,</span> <span class='ocrx_word' id='word_1_121' title='bbox 1603 1853 1646 1918; x_wconf 90' lang='lat' dir='ltr'>de</span> 
     </span>
     <span class='ocr_line' id='line_1_14' title="bbox 285 1953 1646 2043; baseline -0.004 -18"><span class='ocrx_word' id='word_1_122' title='bbox 285 1960 383 2026; x_wconf 90' lang='lat' dir='ltr'>dictis</span> <span class='ocrx_word' id='word_1_123' title='bbox 399 1980 473 2025; x_wconf 87' lang='lat' dir='ltr'>can.</span> <span class='ocrx_word' id='word_1_124' title='bbox 490 1967 525 2023; x_wconf 90' lang='lat' dir='ltr'>et</span> <span class='ocrx_word' id='word_1_125' title='bbox 550 1960 642 2043; x_wconf 91' lang='lat' dir='ltr'>preb.</span> <span class='ocrx_word' id='word_1_126' title='bbox 659 1978 700 2022; x_wconf 87' lang='lat' dir='ltr'>ac</span> <span class='ocrx_word' id='word_1_127' title='bbox 724 1956 798 2021; x_wconf 85' lang='lat' dir='ltr'>aliis</span> <span class='ocrx_word' id='word_1_128' title='bbox 821 1958 898 2020; x_wconf 90' lang='lat' dir='ltr'>ben.</span> <span class='ocrx_word' id='word_1_129' title='bbox 925 1955 1006 2021; x_wconf 92' lang='lat' dir='ltr'>dicti</span> <span class='ocrx_word' id='word_1_130' title='bbox 1034 1953 1205 2020; x_wconf 85' lang='lat' dir='ltr'>Francisci</span> <span class='ocrx_word' id='word_1_131' title='bbox 1232 1955 1423 2039; x_wconf 81' lang='lat' dir='ltr'>specialiter</span> <span class='ocrx_word' id='word_1_132' title='bbox 1450 1955 1586 2022; x_wconf 85' lang='lat' dir='ltr'>factam.</span> <span class='ocrx_word' id='word_1_133' title='bbox 1602 1997 1646 2005; x_wconf 84' lang='lat'><em>-</em></span> 
     </span>
     <span class='ocr_line' id='line_1_15' title="bbox 287 2060 689 2148; baseline -0.007 -19"><span class='ocrx_word' id='word_1_134' title='bbox 287 2064 364 2129; x_wconf 89' lang='lat' dir='ltr'>Fiat</span> <span class='ocrx_word' id='word_1_135' title='bbox 379 2071 475 2129; x_wconf 92' lang='lat' dir='ltr'>motu</span> <span class='ocrx_word' id='word_1_136' title='bbox 491 2063 625 2148; x_wconf 92' lang='lat' dir='ltr'>proprio</span> <span class='ocrx_word' id='word_1_137' title='bbox 650 2060 689 2126; x_wconf 88' lang='lat' dir='ltr'>R.</span> 
     </span>
    </p>

    <p class='ocr_par' dir='ltr' id='par_1_6' title="bbox 330 2164 1275 2251">
     <span class='ocr_line' id='line_1_16' title="bbox 330 2164 1275 2251; baseline -0.002 -21"><span class='ocrx_word' id='word_1_138' title='bbox 330 2167 410 2232; x_wconf 90' lang='lat' dir='ltr'>Dat.</span> <span class='ocrx_word' id='word_1_139' title='bbox 426 2187 480 2251; x_wconf 84' lang='lat' dir='ltr'>ap.</span> <span class='ocrx_word' id='word_1_140' title='bbox 497 2165 747 2231; x_wconf 82' lang='lat' dir='ltr'>Villamnovam</span> <span class='ocrx_word' id='word_1_141' title='bbox 766 2186 782 2249; x_wconf 88' lang='lat'>3</span> <span class='ocrx_word' id='word_1_142' title='bbox 799 2186 879 2230; x_wconf 89' lang='lat' dir='ltr'>non.</span> <span class='ocrx_word' id='word_1_143' title='bbox 896 2173 995 2230; x_wconf 84' lang='lat' dir='ltr'>nrart.</span> <span class='ocrx_word' id='word_1_144' title='bbox 1014 2171 1047 2229; x_wconf 86' lang='lat' dir='ltr'>a⁰</span> <span class='ocrx_word' id='word_1_145' title='bbox 1067 2171 1105 2228; x_wconf 84' lang='lat'>1⁰.</span> <span class='ocrx_word' id='word_1_146' title='bbox 1124 2164 1174 2247; x_wconf 86' lang='lat'>(2,</span> <span class='ocrx_word' id='word_1_147' title='bbox 1193 2169 1275 2248; x_wconf 66' lang='lat'>72‘&#39;).</span> 
     </span>
    </p>
   </div>
   <div class='ocr_carea' id='block_1_4' title="bbox 336 2326 1601 2424">
    <p class='ocr_par' dir='ltr' id='par_1_7' title="bbox 336 2326 1601 2424">
     <span class='ocr_line' id='line_1_17' title="bbox 336 2326 1601 2424; baseline -0.006 -10"><span class='ocrx_word' id='word_1_148' title='bbox 336 2326 582 2414; x_wconf 84' lang='lat'>325·326.</span> <span class='ocrx_word' id='word_1_149' title='bbox 1350 2361 1445 2424; x_wconf 69' lang='lat'>1343,</span> <span class='ocrx_word' id='word_1_150' title='bbox 1460 2360 1481 2422; x_wconf 84' lang='lat'><em>5</em></span> <span class='ocrx_word' id='word_1_151' title='bbox 1499 2362 1601 2406; x_wconf 79' lang='lat' dir='ltr'>marr.</span> 
     </span>
    </p>
   </div>
   <div class='ocr_carea' id='block_1_5' title="bbox 284 2441 1647 2823">
    <p class='ocr_par' dir='ltr' id='par_1_8' title="bbox 284 2441 1647 2823">
     <span class='ocr_line' id='line_1_18' title="bbox 329 2441 1645 2532; baseline -0.001 -22"><span class='ocrx_word' id='word_1_152' title='bbox 329 2447 431 2532; x_wconf 87' lang='lat' dir='ltr'>Supp.</span> <span class='ocrx_word' id='word_1_153' title='bbox 447 2444 622 2523; x_wconf 88' lang='lat' dir='ltr'>Johaunes</span> <span class='ocrx_word' id='word_1_154' title='bbox 647 2441 788 2509; x_wconf 88' lang='lat' dir='ltr'>Martini</span> <span class='ocrx_word' id='word_1_155' title='bbox 815 2443 857 2508; x_wconf 92' lang='lat' dir='ltr'>de</span> <span class='ocrx_word' id='word_1_156' title='bbox 872 2443 1043 2508; x_wconf 91' lang='lat' dir='ltr'>Thudiuio</span> <span class='ocrx_word' id='word_1_157' title='bbox 1070 2451 1104 2508; x_wconf 89' lang='lat' dir='ltr'>et</span> <span class='ocrx_word' id='word_1_158' title='bbox 1131 2443 1239 2508; x_wconf 85' lang='lat' dir='ltr'>Ozilla</span> <span class='ocrx_word' id='word_1_159' title='bbox 1266 2444 1337 2528; x_wconf 91' lang='lat' dir='ltr'>ejus</span> <span class='ocrx_word' id='word_1_160' title='bbox 1364 2464 1457 2524; x_wconf 88' lang='lat' dir='ltr'>uxor,</span> <span class='ocrx_word' id='word_1_161' title='bbox 1485 2442 1645 2510; x_wconf 90' lang='lat' dir='ltr'>Leodien.</span> 
     </span>
     <span class='ocr_line' id='line_1_19' title="bbox 284 2545 1647 2635; baseline -0.003 -19"><span class='ocrx_word' id='word_1_162' title='bbox 284 2551 382 2630; x_wconf 72' lang='lat' dir='ltr'>dioc,</span> <span class='ocrx_word' id='word_1_163' title='bbox 398 2559 556 2635; x_wconf 84' lang='lat' dir='ltr'>parentes</span> <span class='ocrx_word' id='word_1_164' title='bbox 572 2549 685 2616; x_wconf 89' lang='lat' dir='ltr'>dilecti</span> <span class='ocrx_word' id='word_1_165' title='bbox 712 2548 881 2614; x_wconf 80' lang='lat' dir='ltr'>servitoris</span> <span class='ocrx_word' id='word_1_166' title='bbox 911 2548 1013 2613; x_wconf 77' lang='lat' dir='ltr'>vestri</span> <span class='ocrx_word' id='word_1_167' title='bbox 1041 2547 1188 2631; x_wconf 82' lang='lat' dir='ltr'>Nicolay</span> <span class='ocrx_word' id='word_1_168' title='bbox 1208 2545 1348 2612; x_wconf 88' lang='lat' dir='ltr'>Martini</span> <span class='ocrx_word' id='word_1_169' title='bbox 1365 2555 1386 2627; x_wconf 89' lang='lat'>³,</span> <span class='ocrx_word' id='word_1_170' title='bbox 1407 2546 1516 2632; x_wconf 89' lang='lat' dir='ltr'>[quat.</span> <span class='ocrx_word' id='word_1_171' title='bbox 1533 2547 1647 2631; x_wconf 87' lang='lat' dir='ltr'>digne·</span> 
     </span>
     <span class='ocr_line' id='line_1_20' title="bbox 285 2649 1644 2737; baseline -0.002 -19"><span class='ocrx_word' id='word_1_172' title='bbox 285 2654 365 2718; x_wconf 90' lang='lat' dir='ltr'>mini</span> <span class='ocrx_word' id='word_1_173' title='bbox 383 2654 430 2719; x_wconf 92' lang='lat' dir='ltr'>eis</span> <span class='ocrx_word' id='word_1_174' title='bbox 447 2653 570 2737; x_wconf 87' lang='lat' dir='ltr'>indulg.</span> <span class='ocrx_word' id='word_1_175' title='bbox 587 2653 619 2716; x_wconf 91' lang='lat' dir='ltr'>in</span> <span class='ocrx_word' id='word_1_176' title='bbox 637 2660 699 2717; x_wconf 87' lang='lat' dir='ltr'>art.</span> <span class='ocrx_word' id='word_1_177' title='bbox 715 2650 848 2737; x_wconf 88' lang='lat' dir='ltr'>mortis]</span> <span class='ocrx_word' id='word_1_178' title='bbox 867 2651 1053 2737; x_wconf 89' lang='lat' dir='ltr'>providere.</span> <span class='ocrx_word' id='word_1_179' title='bbox 1084 2687 1127 2695; x_wconf 92' lang='lat'>-</span> <span class='ocrx_word' id='word_1_180' title='bbox 1145 2649 1222 2715; x_wconf 85' lang='lat' dir='ltr'>Fiat</span> <span class='ocrx_word' id='word_1_181' title='bbox 1238 2651 1272 2715; x_wconf 88' lang='lat' dir='ltr'>in</span> <span class='ocrx_word' id='word_1_182' title='bbox 1300 2651 1417 2716; x_wconf 91' lang='lat' dir='ltr'>mortis</span> <span class='ocrx_word' id='word_1_183' title='bbox 1444 2651 1584 2716; x_wconf 87' lang='lat' dir='ltr'>articulo</span> <span class='ocrx_word' id='word_1_184' title='bbox 1611 2652 1644 2716; x_wconf 92' lang='lat' dir='ltr'>in</span> 
     </span>
     <span class='ocr_line' id='line_1_21' title="bbox 285 2756 531 2823; baseline -0.004 -1"><span class='ocrx_word' id='word_1_185' title='bbox 285 2758 403 2823; x_wconf 84' lang='lat' dir='ltr'>forma.</span> <span class='ocrx_word' id='word_1_186' title='bbox 421 2756 461 2822; x_wconf 92' lang='lat' dir='ltr'>R.</span> <span class='ocrx_word' id='word_1_187' title='bbox 527 2791 531 2798; x_wconf 89' lang='lat'>·</span> 
     </span>
    </p>
   </div>
   <div class='ocr_carea' id='block_1_6' title="bbox 283 2919 1644 3939">
    <p class='ocr_par' dir='ltr' id='par_1_9' title="bbox 283 2919 1644 3835">
     <span class='ocr_line' id='line_1_22' title="bbox 328 2919 1643 3005; baseline -0.002 -17"><span class='ocrx_word' id='word_1_188' title='bbox 328 2929 410 2988; x_wconf 87' lang='grc'>326.</span> <span class='ocrx_word' id='word_1_189' title='bbox 424 2922 513 3005; x_wconf 85' lang='lat' dir='ltr'>Sign.</span> <span class='ocrx_word' id='word_1_190' title='bbox 525 2921 603 2985; x_wconf 84' lang='lat' dir='ltr'>fam.</span> <span class='ocrx_word' id='word_1_191' title='bbox 614 2928 725 2985; x_wconf 85' lang='lat' dir='ltr'>vester</span> <span class='ocrx_word' id='word_1_192' title='bbox 738 2920 772 2985; x_wconf 84' lang='lat' dir='ltr'>N</span> <span class='ocrx_word' id='word_1_193' title='bbox 774 2921 900 2984; x_wconf 87' lang='lat' dir='ltr'>icolaus</span> <span class='ocrx_word' id='word_1_194' title='bbox 913 2919 1065 3001; x_wconf 85' lang='lat' dir='ltr'>Martini,</span> <span class='ocrx_word' id='word_1_195' title='bbox 1076 2920 1107 2984; x_wconf 87' lang='lat' dir='ltr'>S.</span> <span class='ocrx_word' id='word_1_196' title='bbox 1120 2919 1285 3004; x_wconf 82' lang='lat' dir='ltr'>Dyonisii,</span> <span class='ocrx_word' id='word_1_197' title='bbox 1303 2920 1334 2985; x_wconf 84' lang='lat' dir='ltr'>S.</span> <span class='ocrx_word' id='word_1_198' title='bbox 1345 2919 1461 2986; x_wconf 90' lang='lat' dir='ltr'>Crucis</span> <span class='ocrx_word' id='word_1_199' title='bbox 1473 2919 1643 3001; x_wconf 89' lang='lat' dir='ltr'>Leodien.,</span> 
     </span>
     <span class='ocr_line' id='line_1_23' title="bbox 284 3021 1644 3110; baseline -0.001 -21"><span class='ocrx_word' id='word_1_200' title='bbox 284 3034 319 3090; x_wconf 90' lang='lat' dir='ltr'>et</span> <span class='ocrx_word' id='word_1_201' title='bbox 330 3024 528 3103; x_wconf 88' lang='lat' dir='ltr'>Bonnensis,</span> <span class='ocrx_word' id='word_1_202' title='bbox 539 3024 766 3104; x_wconf 88' lang='lat' dir='ltr'>ecclesiarum,</span> <span class='ocrx_word' id='word_1_203' title='bbox 783 3021 959 3088; x_wconf 91' lang='lat' dir='ltr'>Colonien.</span> <span class='ocrx_word' id='word_1_204' title='bbox 972 3023 1069 3103; x_wconf 75' lang='lat' dir='ltr'>dioc,</span> <span class='ocrx_word' id='word_1_205' title='bbox 1083 3044 1168 3103; x_wconf 82' lang='lat' dir='ltr'>can,</span> <span class='ocrx_word' id='word_1_206' title='bbox 1182 3024 1303 3107; x_wconf 90' lang='lat' dir='ltr'>quod...</span> <span class='ocrx_word' id='word_1_207' title='bbox 1312 3023 1432 3089; x_wconf 88' lang='lat' dir='ltr'>decani</span> <span class='ocrx_word' id='word_1_208' title='bbox 1446 3032 1479 3088; x_wconf 93' lang='lat' dir='ltr'>et</span> <span class='ocrx_word' id='word_1_209' title='bbox 1496 3024 1644 3110; x_wconf 85' lang='lat' dir='ltr'>capitula</span> 
     </span>
     <span class='ocr_line' id='line_1_24' title="bbox 285 3126 1644 3212; baseline 0.001 -21"><span class='ocrx_word' id='word_1_210' title='bbox 285 3129 431 3212; x_wconf 87' lang='lat' dir='ltr'>ipsarum</span> <span class='ocrx_word' id='word_1_211' title='bbox 457 3128 673 3193; x_wconf 87' lang='lat' dir='ltr'>ecclesiarum</span> <span class='ocrx_word' id='word_1_212' title='bbox 697 3127 822 3192; x_wconf 85' lang='lat' dir='ltr'>babere</span> <span class='ocrx_word' id='word_1_213' title='bbox 848 3148 883 3192; x_wconf 91' lang='lat' dir='ltr'>se</span> <span class='ocrx_word' id='word_1_214' title='bbox 908 3136 1061 3193; x_wconf 82' lang='lat' dir='ltr'>asserunt</span> <span class='ocrx_word' id='word_1_215' title='bbox 1091 3127 1223 3192; x_wconf 83' lang='lat' dir='ltr'>divisim</span> <span class='ocrx_word' id='word_1_216' title='bbox 1251 3136 1390 3207; x_wconf 86' lang='lat' dir='ltr'>statuta,</span> <span class='ocrx_word' id='word_1_217' title='bbox 1422 3126 1512 3212; x_wconf 92' lang='lat' dir='ltr'>quod</span> <span class='ocrx_word' id='word_1_218' title='bbox 1533 3129 1644 3193; x_wconf 91' lang='lat' dir='ltr'>nullus</span> 
     </span>
     <span class='ocr_line' id='line_1_25' title="bbox 284 3230 1644 3317; baseline -0.001 -21"><span class='ocrx_word' id='word_1_219' title='bbox 284 3231 467 3296; x_wconf 87' lang='lat' dir='ltr'>canonicus</span> <span class='ocrx_word' id='word_1_220' title='bbox 494 3232 639 3316; x_wconf 88' lang='lat' dir='ltr'>ipsarum</span> <span class='ocrx_word' id='word_1_221' title='bbox 666 3232 893 3312; x_wconf 86' lang='lat' dir='ltr'>ecclesiarum,</span> <span class='ocrx_word' id='word_1_222' title='bbox 921 3232 992 3295; x_wconf 90' lang='lat' dir='ltr'>sine</span> <span class='ocrx_word' id='word_1_223' title='bbox 1017 3251 1132 3295; x_wconf 89' lang='lat' dir='ltr'>eorum</span> <span class='ocrx_word' id='word_1_224' title='bbox 1159 3252 1315 3316; x_wconf 83' lang='lat' dir='ltr'>expressa</span> <span class='ocrx_word' id='word_1_225' title='bbox 1333 3232 1469 3296; x_wconf 89' lang='lat' dir='ltr'>licentia</span> <span class='ocrx_word' id='word_1_226' title='bbox 1486 3230 1593 3317; x_wconf 87' lang='lat' dir='ltr'>petita</span> <span class='ocrx_word' id='word_1_227' title='bbox 1609 3237 1644 3295; x_wconf 90' lang='lat' dir='ltr'>et</span> 
     </span>
     <span class='ocr_line' id='line_1_26' title="bbox 284 3334 1644 3420; baseline 0 -21"><span class='ocrx_word' id='word_1_228' title='bbox 284 3338 435 3414; x_wconf 84' lang='lat' dir='ltr'>obtenta,</span> <span class='ocrx_word' id='word_1_229' title='bbox 451 3356 521 3399; x_wconf 89' lang='lat' dir='ltr'>non</span> <span class='ocrx_word' id='word_1_230' title='bbox 536 3342 649 3420; x_wconf 90' lang='lat' dir='ltr'>potest</span> <span class='ocrx_word' id='word_1_231' title='bbox 679 3334 723 3400; x_wconf 87' lang='lat' dir='ltr'>ad</span> <span class='ocrx_word' id='word_1_232' title='bbox 753 3354 865 3400; x_wconf 84' lang='lat' dir='ltr'>sacros</span> <span class='ocrx_word' id='word_1_233' title='bbox 895 3335 1029 3400; x_wconf 90' lang='lat' dir='ltr'>ordines</span> <span class='ocrx_word' id='word_1_234' title='bbox 1058 3335 1259 3420; x_wconf 83' lang='lat' dir='ltr'>promoveri.</span> <span class='ocrx_word' id='word_1_235' title='bbox 1277 3334 1400 3399; x_wconf 83' lang='lat' dir='ltr'>Verum</span> <span class='ocrx_word' id='word_1_236' title='bbox 1432 3355 1509 3399; x_wconf 92' lang='lat' dir='ltr'>cum</span> <span class='ocrx_word' id='word_1_237' title='bbox 1535 3335 1644 3401; x_wconf 89' lang='lat' dir='ltr'>dictus</span> 
     </span>
     <span class='ocr_line' id='line_1_27' title="bbox 284 3437 1644 3530; baseline 0.001 -27"><span class='ocrx_word' id='word_1_238' title='bbox 284 3437 447 3503; x_wconf 82' lang='lat' dir='ltr'>Nicolaus</span> <span class='ocrx_word' id='word_1_239' title='bbox 464 3439 507 3504; x_wconf 89' lang='lat' dir='ltr'>ad</span> <span class='ocrx_word' id='word_1_240' title='bbox 522 3460 634 3530; x_wconf 80' lang='lat' dir='ltr'>sacrps</span> <span class='ocrx_word' id='word_1_241' title='bbox 650 3438 783 3503; x_wconf 92' lang='lat' dir='ltr'>ordines</span> <span class='ocrx_word' id='word_1_242' title='bbox 799 3438 914 3523; x_wconf 84' lang='lat' dir='ltr'>cupiat</span> <span class='ocrx_word' id='word_1_243' title='bbox 929 3460 964 3503; x_wconf 91' lang='lat' dir='ltr'>se</span> <span class='ocrx_word' id='word_1_244' title='bbox 980 3438 1091 3504; x_wconf 84' lang='lat' dir='ltr'>facere</span> <span class='ocrx_word' id='word_1_245' title='bbox 1117 3438 1317 3524; x_wconf 89' lang='lat' dir='ltr'>promoveri,</span> <span class='ocrx_word' id='word_1_246' title='bbox 1346 3458 1441 3524; x_wconf 90' lang='lat' dir='ltr'>supp.</span> <span class='ocrx_word' id='word_1_247' title='bbox 1469 3446 1507 3505; x_wconf 89' lang='lat' dir='ltr'>ut</span> <span class='ocrx_word' id='word_1_248' title='bbox 1533 3439 1644 3523; x_wconf 89' lang='lat' dir='ltr'>hujus·</span> 
     </span>
     <span class='ocr_line' id='line_1_28' title="bbox 283 3540 1644 3626; baseline 0.001 -22"><span class='ocrx_word' id='word_1_249' title='bbox 283 3540 374 3605; x_wconf 91' lang='lat' dir='ltr'>modi</span> <span class='ocrx_word' id='word_1_250' title='bbox 391 3540 526 3605; x_wconf 87' lang='lat' dir='ltr'>statutis</span> <span class='ocrx_word' id='word_1_251' title='bbox 549 3561 606 3604; x_wconf 87' lang='lat' dir='ltr'>seu</span> <span class='ocrx_word' id='word_1_252' title='bbox 619 3540 828 3624; x_wconf 87' lang='lat' dir='ltr'>juramentis,</span> <span class='ocrx_word' id='word_1_253' title='bbox 842 3542 895 3604; x_wconf 90' lang='lat' dir='ltr'>vel</span> <span class='ocrx_word' id='word_1_254' title='bbox 908 3541 1205 3606; x_wconf 88' lang='lat' dir='ltr'>consuetudinibus</span> <span class='ocrx_word' id='word_1_255' title='bbox 1221 3542 1484 3625; x_wconf 92' lang='lat' dir='ltr'>quibuscumque</span> <span class='ocrx_word' id='word_1_256' title='bbox 1497 3542 1644 3626; x_wconf 84' lang='lat' dir='ltr'>ipsarum</span> 
     </span>
     <span class='ocr_line' id='line_1_29' title="bbox 283 3644 1643 3732; baseline 0.002 -23"><span class='ocrx_word' id='word_1_257' title='bbox 283 3644 499 3709; x_wconf 85' lang='lat' dir='ltr'>ecclesiarum</span> <span class='ocrx_word' id='word_1_258' title='bbox 526 3665 594 3708; x_wconf 90' lang='lat' dir='ltr'>non</span> <span class='ocrx_word' id='word_1_259' title='bbox 622 3647 718 3724; x_wconf 75' lang='lat' dir='ltr'>obst,</span> <span class='ocrx_word' id='word_1_260' title='bbox 745 3645 851 3730; x_wconf 90' lang='lat' dir='ltr'>possit</span> <span class='ocrx_word' id='word_1_261' title='bbox 875 3645 1011 3710; x_wconf 84' lang='lat' dir='ltr'>statutis</span> <span class='ocrx_word' id='word_1_262' title='bbox 1036 3647 1243 3731; x_wconf 87' lang='lat' dir='ltr'>temporibus</span> <span class='ocrx_word' id='word_1_263' title='bbox 1272 3646 1383 3731; x_wconf 87' lang='lat' dir='ltr'>ajure</span> <span class='ocrx_word' id='word_1_264' title='bbox 1412 3646 1581 3732; x_wconf 87' lang='lat' dir='ltr'>pemrissis</span> <span class='ocrx_word' id='word_1_265' title='bbox 1608 3668 1643 3712; x_wconf 90' lang='lat' dir='ltr'>se</span> 
     </span>
     <span class='ocr_line' id='line_1_30' title="bbox 284 3748 1294 3835; baseline 0.003 -23"><span class='ocrx_word' id='word_1_266' title='bbox 284 3748 393 3815; x_wconf 83' lang='lat' dir='ltr'>facere</span> <span class='ocrx_word' id='word_1_267' title='bbox 410 3748 454 3814; x_wconf 85' lang='lat' dir='ltr'>ad</span> <span class='ocrx_word' id='word_1_268' title='bbox 469 3769 587 3813; x_wconf 89' lang='lat' dir='ltr'>omnes</span> <span class='ocrx_word' id='word_1_269' title='bbox 602 3768 714 3813; x_wconf 87' lang='lat' dir='ltr'>sacros</span> <span class='ocrx_word' id='word_1_270' title='bbox 730 3748 863 3814; x_wconf 89' lang='lat' dir='ltr'>ordines</span> <span class='ocrx_word' id='word_1_271' title='bbox 884 3750 1084 3835; x_wconf 85' lang='lat' dir='ltr'>promoveri.</span> <span class='ocrx_word' id='word_1_272' title='bbox 1100 3790 1143 3798; x_wconf 94' lang='lat'><strong>—</strong></span> <span class='ocrx_word' id='word_1_273' title='bbox 1161 3749 1237 3814; x_wconf 85' lang='lat' dir='ltr'>Fiat</span> <span class='ocrx_word' id='word_1_274' title='bbox 1255 3748 1294 3816; x_wconf 93' lang='lat' dir='ltr'>R.</span> 
     </span>
    </p>

    <p class='ocr_par' dir='ltr' id='par_1_10' title="bbox 327 3852 1264 3939">
     <span class='ocr_line' id='line_1_31' title="bbox 327 3852 1264 3939; baseline 0.002 -22"><span class='ocrx_word' id='word_1_275' title='bbox 327 3853 406 3919; x_wconf 84' lang='lat' dir='ltr'>Dat.</span> <span class='ocrx_word' id='word_1_276' title='bbox 423 3874 476 3939; x_wconf 85' lang='lat' dir='ltr'>ap.</span> <span class='ocrx_word' id='word_1_277' title='bbox 493 3852 743 3918; x_wconf 80' lang='lat' dir='ltr'>Villamnovam</span> <span class='ocrx_word' id='word_1_278' title='bbox 760 3872 777 3936; x_wconf 90' lang='lat'>3</span> <span class='ocrx_word' id='word_1_279' title='bbox 794 3872 874 3917; x_wconf 90' lang='lat' dir='ltr'>non.</span> <span class='ocrx_word' id='word_1_280' title='bbox 889 3862 986 3918; x_wconf 87' lang='lat' dir='ltr'>mart.</span> <span class='ocrx_word' id='word_1_281' title='bbox 1003 3860 1037 3919; x_wconf 81' lang='lat' dir='ltr'>a⁰</span> <span class='ocrx_word' id='word_1_282' title='bbox 1057 3862 1095 3919; x_wconf 93' lang='lat'>1⁰.</span> <span class='ocrx_word' id='word_1_283' title='bbox 1113 3855 1163 3937; x_wconf 90' lang='lat'>(2,</span> <span class='ocrx_word' id='word_1_284' title='bbox 1182 3856 1264 3938; x_wconf 60' lang='grc'><em>711).</em></span> 
     </span>
    </p>
   </div>
   <div class='ocr_carea' id='block_1_7' title="bbox 280 4016 1644 4429">
    <p class='ocr_par' dir='ltr' id='par_1_11' title="bbox 332 4016 1598 4116">
     <span class='ocr_line' id='line_1_32' title="bbox 332 4016 1598 4116; baseline -0.001 -17"><span class='ocrx_word' id='word_1_285' title='bbox 332 4016 443 4102; x_wconf 83' lang='grc'>327.</span> <span class='ocrx_word' id='word_1_286' title='bbox 1346 4052 1441 4116; x_wconf 71' lang='lat'>1343,</span> <span class='ocrx_word' id='word_1_287' title='bbox 1458 4033 1598 4099; x_wconf 71' lang='lat' dir='ltr'>dmars.</span> 
     </span>
    </p>

    <p class='ocr_par' dir='ltr' id='par_1_12' title="bbox 280 4130 1644 4429">
     <span class='ocr_line' id='line_1_33' title="bbox 325 4130 1643 4220; baseline 0.001 -21"><span class='ocrx_word' id='word_1_288' title='bbox 325 4135 425 4220; x_wconf 87' lang='lat' dir='ltr'>Supp.</span> <span class='ocrx_word' id='word_1_289' title='bbox 453 4135 491 4200; x_wconf 83' lang='lat' dir='ltr'>fr.</span> <span class='ocrx_word' id='word_1_290' title='bbox 519 4132 726 4213; x_wconf 91' lang='lat' dir='ltr'>Guillelmus,</span> <span class='ocrx_word' id='word_1_291' title='bbox 757 4130 858 4217; x_wconf 90' lang='lat' dir='ltr'>episc.</span> <span class='ocrx_word' id='word_1_292' title='bbox 890 4130 1110 4201; x_wconf 81' lang='lat' dir='ltr'>Novariensis</span> <span class='ocrx_word' id='word_1_293' title='bbox 1125 4145 1145 4214; x_wconf 84' lang='lat'>⁴,</span> <span class='ocrx_word' id='word_1_294' title='bbox 1176 4144 1269 4218; x_wconf 88' lang='lat' dir='ltr'>quat.</span> <span class='ocrx_word' id='word_1_295' title='bbox 1302 4134 1422 4219; x_wconf 85' lang='lat' dir='ltr'>Egidio</span> <span class='ocrx_word' id='word_1_296' title='bbox 1451 4136 1494 4201; x_wconf 94' lang='lat' dir='ltr'>de</span> <span class='ocrx_word' id='word_1_297' title='bbox 1519 4134 1643 4219; x_wconf 75' lang='lat' dir='ltr'>Fruga-</span> 
     </span>
     <span class='ocr_line' id='line_1_34' title="bbox 280 4236 1642 4324; baseline 0.002 -21"><span class='ocrx_word' id='word_1_298' title='bbox 280 4260 392 4319; x_wconf 88' lang='lat' dir='ltr'>nesco,</span> <span class='ocrx_word' id='word_1_299' title='bbox 416 4240 493 4304; x_wconf 88' lang='lat' dir='ltr'>cler.</span> <span class='ocrx_word' id='word_1_300' title='bbox 510 4238 682 4317; x_wconf 73' lang='lat' dir='ltr'>Parisien,</span> <span class='ocrx_word' id='word_1_301' title='bbox 698 4236 814 4321; x_wconf 92' lang='lat' dir='ltr'>nepoti</span> <span class='ocrx_word' id='word_1_302' title='bbox 831 4256 902 4316; x_wconf 90' lang='lat' dir='ltr'>su0,</span> <span class='ocrx_word' id='word_1_303' title='bbox 918 4236 961 4302; x_wconf 91' lang='lat' dir='ltr'>de</span> <span class='ocrx_word' id='word_1_304' title='bbox 977 4257 1051 4302; x_wconf 88' lang='lat' dir='ltr'>can.</span> <span class='ocrx_word' id='word_1_305' title='bbox 1068 4240 1150 4303; x_wconf 89' lang='lat' dir='ltr'>eccl.</span> <span class='ocrx_word' id='word_1_306' title='bbox 1167 4238 1197 4304; x_wconf 84' lang='lat' dir='ltr'>S.</span> <span class='ocrx_word' id='word_1_307' title='bbox 1221 4239 1409 4304; x_wconf 88' lang='lat' dir='ltr'>Donatiani</span> <span class='ocrx_word' id='word_1_308' title='bbox 1432 4239 1474 4305; x_wconf 92' lang='lat' dir='ltr'>de</span> <span class='ocrx_word' id='word_1_309' title='bbox 1502 4238 1642 4324; x_wconf 75' lang='lat' dir='ltr'>BrugiiS,</span> 
     </span>
     <span class='ocr_line' id='line_1_35' title="bbox 280 4339 1644 4429; baseline 0.003 -24"><span class='ocrx_word' id='word_1_310' title='bbox 280 4342 467 4407; x_wconf 86' lang='lat' dir='ltr'>Tornacen.</span> <span class='ocrx_word' id='word_1_311' title='bbox 492 4342 589 4421; x_wconf 79' lang='lat' dir='ltr'>dioc,</span> <span class='ocrx_word' id='word_1_312' title='bbox 617 4351 651 4405; x_wconf 91' lang='lat' dir='ltr'>et</span> <span class='ocrx_word' id='word_1_313' title='bbox 681 4344 773 4426; x_wconf 92' lang='lat' dir='ltr'>preb.</span> <span class='ocrx_word' id='word_1_314' title='bbox 808 4339 898 4426; x_wconf 80' lang='lat' dir='ltr'>[rac.</span> <span class='ocrx_word' id='word_1_315' title='bbox 930 4341 983 4404; x_wconf 87' lang='lat' dir='ltr'>vel</span> <span class='ocrx_word' id='word_1_316' title='bbox 1014 4340 1143 4426; x_wconf 76' lang='lat' dir='ltr'>vacat]</span> <span class='ocrx_word' id='word_1_317' title='bbox 1176 4342 1361 4425; x_wconf 82' lang='lat' dir='ltr'>dignemini</span> <span class='ocrx_word' id='word_1_318' title='bbox 1388 4343 1574 4429; x_wconf 82' lang='lat' dir='ltr'>providere.</span> <span class='ocrx_word' id='word_1_319' title='bbox 1600 4384 1644 4393; x_wconf 97' lang='lat'>—</span> 
     </span>
    </p>
   </div>
   <div class='ocr_carea' id='block_1_8' title="bbox 285 4443 1272 4635">
    <p class='ocr_par' dir='ltr' id='par_1_13' title="bbox 285 4443 1272 4635">
     <span class='ocr_line' id='line_1_36' title="bbox 285 4443 424 4510; baseline 0.007 -1"><span class='ocrx_word' id='word_1_320' title='bbox 285 4443 360 4510; x_wconf 85' lang='lat' dir='ltr'>Fiat</span> <span class='ocrx_word' id='word_1_321' title='bbox 384 4445 424 4510; x_wconf 91' lang='lat' dir='ltr'>R.</span> 
     </span>
     <span class='ocr_line' id='line_1_37' title="bbox 326 4548 1272 4635; baseline 0.003 -22"><span class='ocrx_word' id='word_1_322' title='bbox 326 4549 408 4615; x_wconf 86' lang='lat' dir='ltr'>Dat.</span> <span class='ocrx_word' id='word_1_323' title='bbox 425 4570 479 4634; x_wconf 91' lang='lat' dir='ltr'>ap.</span> <span class='ocrx_word' id='word_1_324' title='bbox 496 4548 746 4615; x_wconf 84' lang='lat' dir='ltr'>Villamnovam</span> <span class='ocrx_word' id='word_1_325' title='bbox 764 4570 781 4613; x_wconf 91' lang='lat'>2</span> <span class='ocrx_word' id='word_1_326' title='bbox 798 4569 879 4613; x_wconf 91' lang='lat' dir='ltr'>non.</span> <span class='ocrx_word' id='word_1_327' title='bbox 894 4556 992 4615; x_wconf 85' lang='lat' dir='ltr'>mart.</span> <span class='ocrx_word' id='word_1_328' title='bbox 1010 4556 1043 4613; x_wconf 84' lang='lat' dir='ltr'>a⁰</span> <span class='ocrx_word' id='word_1_329' title='bbox 1062 4556 1102 4614; x_wconf 86' lang='lat'>1⁰.</span> <span class='ocrx_word' id='word_1_330' title='bbox 1120 4551 1171 4634; x_wconf 83' lang='lat'>(2,</span> <span class='ocrx_word' id='word_1_331' title='bbox 1190 4553 1272 4635; x_wconf 64' lang='lat' dir='ltr'>66l).</span> 
     </span>
    </p>
   </div>
   <div class='ocr_carea' id='block_1_9' title="bbox 278 4789 1642 5003">
    <p class='ocr_par' dir='ltr' id='par_1_14' title="bbox 278 4789 1642 5003">
     <span class='ocr_line' id='line_1_38' title="bbox 312 4789 1642 4853; baseline 0.003 -14"><span class='ocrx_word' id='word_1_332' title='bbox 312 4793 334 4841; x_wconf 94' lang='grc'>1.</span> <span class='ocrx_word' id='word_1_333' title='bbox 343 4792 367 4839; x_wconf 94' lang='lat' dir='ltr'>ll</span> <span class='ocrx_word' id='word_1_334' title='bbox 378 4791 459 4852; x_wconf 80' lang='lat' dir='ltr'>figure</span> <span class='ocrx_word' id='word_1_335' title='bbox 469 4791 494 4839; x_wconf 85' lang='lat' dir='ltr'>lc</span> <span class='ocrx_word' id='word_1_336' title='bbox 505 4792 536 4838; x_wconf 77' lang='lat'>27</span> <span class='ocrx_word' id='word_1_337' title='bbox 547 4789 604 4851; x_wconf 86' lang='lat' dir='ltr'>juin</span> <span class='ocrx_word' id='word_1_338' title='bbox 618 4791 680 4837; x_wconf 75' lang='grc'><em>1317</em></span> <span class='ocrx_word' id='word_1_339' title='bbox 692 4789 738 4851; x_wconf 88' lang='lat' dir='ltr'>(de</span> <span class='ocrx_word' id='word_1_340' title='bbox 749 4790 1067 4851; x_wconf 72' lang='lat' dir='ltr'>Limburg·Stimm,Fart.</span> <span class='ocrx_word' id='word_1_341' title='bbox 1079 4790 1194 4841; x_wconf 67' lang='lat' dir='ltr'>detrun</span> <span class='ocrx_word' id='word_1_342' title='bbox 1204 4790 1235 4840; x_wconf 72' lang='lat' dir='ltr'>dr</span> <span class='ocrx_word' id='word_1_343' title='bbox 1243 4792 1320 4848; x_wconf 72' lang='lat' dir='ltr'>rnre,</span> <span class='ocrx_word' id='word_1_344' title='bbox 1331 4794 1351 4853; x_wconf 89' lang='lat' dir='ltr'>l,</span> <span class='ocrx_word' id='word_1_345' title='bbox 1360 4794 1415 4843; x_wconf 81' lang='lat'>³90.</span> <span class='ocrx_word' id='word_1_346' title='bbox 1423 4820 1455 4829; x_wconf 92' lang='lat'>-</span> <span class='ocrx_word' id='word_1_347' title='bbox 1464 4794 1553 4842; x_wconf 80' lang='lat' dir='ltr'>2.Voir</span> <span class='ocrx_word' id='word_1_348' title='bbox 1564 4808 1590 4843; x_wconf 93' lang='grc'>11.</span> <span class='ocrx_word' id='word_1_349' title='bbox 1602 4796 1642 4843; x_wconf 84' lang='lat'>21.</span> 
     </span>
     <span class='ocr_line' id='line_1_39' title="bbox 278 4862 1642 4936; baseline 0.004 -25"><span class='ocrx_word' id='word_1_350' title='bbox 278 4892 311 4901; x_wconf 92' lang='lat'><em>-</em></span> <span class='ocrx_word' id='word_1_351' title='bbox 322 4867 345 4914; x_wconf 78' lang='lat'>3.</span> <span class='ocrx_word' id='word_1_352' title='bbox 356 4864 450 4913; x_wconf 87' lang='lat' dir='ltr'>Voirn.</span> <span class='ocrx_word' id='word_1_353' title='bbox 462 4867 485 4912; x_wconf 84' lang='grc'>6.</span> <span class='ocrx_word' id='word_1_354' title='bbox 496 4892 529 4898; x_wconf 94' lang='lat'><em>-</em></span> <span class='ocrx_word' id='word_1_355' title='bbox 540 4865 562 4912; x_wconf 82' lang='lat' dir='ltr'>l.</span> <span class='ocrx_word' id='word_1_356' title='bbox 574 4862 729 4921; x_wconf 81' lang='lat' dir='ltr'>(luillaume,</span> <span class='ocrx_word' id='word_1_357' title='bbox 741 4864 775 4911; x_wconf 90' lang='lat' dir='ltr'>de</span> <span class='ocrx_word' id='word_1_358' title='bbox 785 4863 877 4912; x_wconf 86' lang='lat' dir='ltr'>l&#39;ordre</span> <span class='ocrx_word' id='word_1_359' title='bbox 885 4864 931 4912; x_wconf 87' lang='lat' dir='ltr'>des</span> <span class='ocrx_word' id='word_1_360' title='bbox 943 4864 1056 4913; x_wconf 83' lang='lat' dir='ltr'>Ermites</span> <span class='ocrx_word' id='word_1_361' title='bbox 1067 4864 1099 4914; x_wconf 87' lang='lat' dir='ltr'>de</span> <span class='ocrx_word' id='word_1_362' title='bbox 1111 4866 1135 4913; x_wconf 86' lang='lat' dir='ltr'>S.</span> <span class='ocrx_word' id='word_1_363' title='bbox 1148 4868 1220 4926; x_wconf 67' lang='lat' dir='ltr'>Aug,</span> <span class='ocrx_word' id='word_1_364' title='bbox 1242 4869 1329 4929; x_wconf 87' lang='lat' dir='ltr'>prieur</span> <span class='ocrx_word' id='word_1_365' title='bbox 1340 4866 1442 4928; x_wconf 62' lang='lat' dir='ltr'>general</span> <span class='ocrx_word' id='word_1_366' title='bbox 1453 4868 1486 4916; x_wconf 91' lang='lat' dir='ltr'>de</span> <span class='ocrx_word' id='word_1_367' title='bbox 1497 4882 1543 4915; x_wconf 85' lang='lat' dir='ltr'>son</span> <span class='ocrx_word' id='word_1_368' title='bbox 1557 4868 1642 4936; x_wconf 76' lang='lat' dir='ltr'>ordre,</span> 
     </span>
     <span class='ocr_line' id='line_1_40' title="bbox 278 4936 1596 5003; baseline 0.003 -16"><span class='ocrx_word' id='word_1_369' title='bbox 278 4938 380 4987; x_wconf 73' lang='lat' dir='ltr'>nomme</span> <span class='ocrx_word' id='word_1_370' title='bbox 391 4936 488 5000; x_wconf 65' lang='lat' dir='ltr'>erisque</span> <span class='ocrx_word' id='word_1_371' title='bbox 499 4938 531 4986; x_wconf 89' lang='lat' dir='ltr'>de</span> <span class='ocrx_word' id='word_1_372' title='bbox 540 4936 641 4984; x_wconf 77' lang='lat' dir='ltr'>Novaro</span> <span class='ocrx_word' id='word_1_373' title='bbox 653 4936 676 4985; x_wconf 87' lang='lat' dir='ltr'>le</span> <span class='ocrx_word' id='word_1_374' title='bbox 690 4939 718 4985; x_wconf 81' lang='lat' dir='ltr'>ll</span> <span class='ocrx_word' id='word_1_375' title='bbox 730 4936 816 4997; x_wconf 86' lang='lat' dir='ltr'>juillet</span> <span class='ocrx_word' id='word_1_376' title='bbox 831 4937 1006 4999; x_wconf 67' lang='lat' dir='ltr'>tumulabor,</span> <span class='ocrx_word' id='word_1_377' title='bbox 1020 4937 1039 4998; x_wconf 85' lang='lat'>1,</span> <span class='ocrx_word' id='word_1_378' title='bbox 1053 4940 1100 4987; x_wconf 76' lang='lat'>389</span> <span class='ocrx_word' id='word_1_379' title='bbox 1115 4953 1121 4997; x_wconf 91' lang='grc'><strong>;</strong></span> <span class='ocrx_word' id='word_1_380' title='bbox 1138 4940 1291 4999; x_wconf 73' lang='lat' dir='ltr'>ctbenifle,</span> <span class='ocrx_word' id='word_1_381' title='bbox 1308 4940 1431 5001; x_wconf 76' lang='lat' dir='ltr'>(bortul,</span> <span class='ocrx_word' id='word_1_382' title='bbox 1447 4941 1480 5001; x_wconf 90' lang='lat' dir='ltr'>ll,</span> <span class='ocrx_word' id='word_1_383' title='bbox 1495 4942 1596 5003; x_wconf 82' lang='lat' dir='ltr'>index).</span> 
     </span>
    </p>
   </div>
   <div class='ocr_carea' id='block_1_10' title="bbox 0 0 1830 5675">
    <p class='ocr_par' dir='ltr' id='par_1_15' title="bbox 0 0 1830 5675">
     <span class='ocr_line' id='line_1_41' title="bbox 0 0 1830 5675; baseline 0 0"><span class='ocrx_word' id='word_1_384' title='bbox 0 0 1830 5675; x_wconf 95' lang='lat' dir='ltr'> </span> 
     </span>
    </p>
   </div>
  </div>
 </body>
</html>
