3650 5675
679 588 681 592 ,
700 531 789 606 1350,
810 532 845 596 16
868 532 995 597 octobre.
1463 534 1525 598 545

161 684 204 749 ad
221 684 436 750 collationem
447 692 513 747 etc.
524 684 681 770 episcopi,
692 683 823 763 decani,
839 684 1000 769 prepositi
1017 693 1051 748 et
1068 684 1214 769 capituli,
1234 683 1301 770 [et]
1320 685 1525 769 singulorum

159 790 399 855 canonicorum
415 800 450 853 et
465 809 680 873 personarum
708 790 848 854 ecclesie
877 788 1106 868 Cameracen,
1122 789 1148 854 si
1164 790 1199 853 in
1216 789 1363 870 civitate,
1385 788 1521 869 diocesi,

160 914 218 959 seu
233 893 355 977 ubique
381 894 529 958 habeant
554 894 714 973 conferre,
742 894 888 958 etiamsi
906 894 939 968 in
956 895 1039 959 ecel.
1063 893 1245 959 cathedrali
1272 894 1405 973 existat,
1420 902 1522 959 vacat

160 996 204 1061 ad
218 1016 355 1083 presens
369 998 424 1061 vel
440 1018 517 1062 cum
532 998 712 1077 vacaverit,
728 997 910 1082 dignemini
927 997 1113 1083 providere,
1125 997 1152 1061 si
1166 1018 1194 1062 c.
1207 1018 1237 1062 c.
1250 1015 1302 1080 70,
1318 998 1344 1061 si
1359 1018 1440 1063 vero
1454 1018 1480 1062 s.
1492 1019 1523 1063 c.

160 1099 258 1165 suerit
276 1120 316 1184 50
331 1100 403 1166 libr.
420 1100 588 1167 Toronen.
613 1121 756 1187 parvor,
781 1102 966 1166 secundum
989 1101 1201 1166 taxationem
1216 1100 1357 1181 decime,
1373 1103 1522 1167 valorem

159 1224 307 1268 annuum
319 1225 388 1269 non
402 1205 569 1270 excedant
580 1228 589 1285 ;
602 1226 671 1269 non
684 1208 769 1270 obst.
786 1205 876 1289 quod
892 1204 983 1269 idem
997 1203 1017 1282 J
1020 1207 1144 1270 acobus
1160 1205 1322 1290 capellan.
1340 1202 1378 1269 B.
1396 1203 1521 1269 Katbe·

158 1308 228 1371 rine
253 1308 353 1373 sitam
370 1308 405 1373 in
420 1310 502 1373 eccl.
530 1309 560 1373 S.
587 1308 769 1374 Salvatoris
797 1308 1085 1389 HarlebeccensiS,
1108 1308 1197 1373 dicte
1213 1308 1400 1374 Tomaoen.
1423 1308 1522 1387 dioc,

157 1412 307 1476 noscitur
322 1412 507 1477 obtinere...
522 1454 566 1461 -
583 1410 661 1477 Fiat
679 1412 718 1477 R.

203 1604 313 1665 2096.
331 1596 418 1662 ltem
445 1618 541 1683 supp.
569 1596 687 1662 Petrus
702 1597 744 1662 de
760 1596 921 1683 Basseya,
950 1596 1089 1661 clericus
1111 1594 1298 1661 Tomaoen.
1314 1596 1412 1677 dioc,
1428 1603 1521 1679 quat.

160 1701 268 1766 eidem
285 1702 426 1767 similem
442 1702 585 1785 gratiam
612 1702 782 1781 facientes
799 1702 841 1766 de
856 1705 933 1766 hen.
950 1701 1031 1765 eccl.
1048 1721 1077 1765 o.
1094 1721 1123 1765 c.
1139 1701 1193 1763 rel
1210 1720 1235 1765 s.
1252 1720 1291 1779 c.,
1308 1699 1352 1764 ad
1368 1700 1520 1764 collatio·

160 1826 237 1870 nem
254 1814 319 1871 etc.
335 1806 506 1891 prepositi,
530 1804 650 1879 decani
674 1813 709 1871 et
725 1805 861 1891 capituli
890 1804 1031 1870 ecclesie
1047 1804 1079 1869 S.
1096 1803 1185 1868 Petri
1214 1801 1404 1883 Insulensis,
1430 1802 1520 1868 dicte

159 1908 346 1975 Tomaoen.
370 1910 468 1990 dioc,
498 1908 589 1995 [vac.
605 1910 660 1973 vel
683 1908 822 1995 vacat.],
849 1909 1031 1993 dignemini
1057 1906 1261 1994 providere;
1288 1905 1521 1992 dispensantes

159 2033 235 2077 curn
252 2012 373 2078 eodem
389 2034 487 2099 super
501 2012 635 2078 defectu
651 2012 759 2093 etatis,
771 2033 847 2078 cum
863 2012 905 2078 sit
918 2012 952 2077 in
967 2034 983 2077 2
988 2027 1023 2096 30
1035 2033 1125 2077 anno
1135 2032 1196 2077 suo
1208 2012 1419 2090 constitutus,
1431 2010 1521 2095 quod

158 2116 263 2200 possit
300 2116 500 2181 beneficium
528 2138 556 2181 c.
582 2137 610 2181 c.
638 2126 814 2202 acceptare
839 2124 874 2181 et
901 2116 962 2180 sibi
990 2116 1099 2181 facere
1125 2115 1167 2180 cle
1194 2116 1315 2180 eodem
1343 2114 1521 2200 provideri,

158 2219 347 2304 hujusmodi
364 2219 498 2285 defectu
513 2240 581 2284 non
598 2222 706 2285 obst...
723 2260 765 2269 —-
782 2218 858 2284 Fiat
875 2228 941 2285 etc.
960 2218 999 2283 R.

203 2323 281 2389 Dat.
296 2324 397 2388 elvin.
415 2323 457 2389 id.
474 2332 540 2388 oct.
559 2338 594 2389 a0
612 2336 656 2404 90.
674 2325 751 2406 (20,
780 2324 854 2407 162)

178 2539 183 2547 '
211 2508 358 2590 2097.
1170 2540 1265 2603 1350,
1283 2521 1324 2585 16
1340 2523 1478 2587 octobre.

204 2627 305 2713 Supp.
322 2626 443 2705 Guid0,
459 2626 511 2691 tit.
537 2625 568 2689 S.
584 2624 708 2690 Cecilie
734 2624 896 2710 presbiter
920 2624 1106 2703 cardinalis,
1133 2632 1225 2709 quat.
1251 2645 1310 2689 suo
1337 2625 1523 2691 camerario

161 2750 247 2814 mag.
272 2728 435 2793 Durando
462 2726 590 2793 Girardi
605 2738 625 2807 ¹,
641 2726 694 2792 lic.
712 2726 745 2789 in
768 2728 842 2809 leg,
870 2726 912 2791 de
940 2746 1014 2793 can.
1040 2736 1075 2792 et
1098 2731 1191 2812 preb.
1215 2728 1356 2793 ecclesie
1383 2728 1522 2813 Pragen.

161 2853 293 2898 necnon
308 2832 350 2898 de
374 2831 650 2898 archidiaconatu
676 2830 825 2916 ejusdem
846 2832 987 2898 ecclesie
1012 2851 1086 2896 vac.
1111 2831 1292 2916 dignemini
1319 2832 1523 2918 providere;

160 2957 228 3002 non
244 2940 329 3002 obst.
346 2935 436 3020 qnod
459 2955 532 3001 can.
548 2945 583 3000 et
598 2937 690 3021 preb.
706 2943 741 3000 et
756 2934 958 3000 decanatum
974 2936 1008 2998 in
1024 2935 1471 3019 Enaziaci,Cla10m0nten.,
1486 2947 1522 3004 et

161 3041 192 3104 in
210 3041 241 3106 S.
257 3039 442 3105 Audomari
466 3039 509 3104 de
534 3040 565 3104 S.
592 3038 787 3104 Audonraro
804 3038 963 3119 ecclesiis,
992 3036 1159 3104 Morinen.
1186 3039 1284 3120 dioc,
1301 3040 1385 3105 etin
1403 3042 1522 3107 eadem

159 3145 409 3209 Claromonten.
426 3143 613 3208 chorariam
637 3142 786 3208 noscitur
812 3142 975 3222 obtinere,
991 3163 1125 3208 necnon
1142 3144 1231 3226 quod
1246 3144 1280 3208 in
1297 3147 1379 3210 eccl.
1396 3145 1521 3211 Catha-

159 3249 269 3314 lanen.
286 3267 361 3313 can.
377 3249 437 3312 sub
454 3267 531 3331 exp.
550 3245 691 3310 obtinet.
708 3279 751 3292 -
768 3243 843 3308 Fiat
860 3243 900 3309 R.

205 3351 283 3416 Dat.
298 3351 397 3416 Avin.
418 3367 455 3433 17
471 3348 537 3414 kal.
554 3370 631 3415 nox.
648 3363 684 3414 a⁰
701 3362 745 3428 90.
763 3351 839 3428 (20,
861 3351 946 3433 162).

213 3535 360 3618 2098·
1171 3569 1265 3634 1350,
1282 3551 1324 3616 16
1340 3553 1477 3617 octobre.

203 3655 305 3741 Supp.
321 3653 512 3720 Ludovicus
529 3651 664 3718 Nicolai
680 3653 722 3718 de
739 3651 892 3733 Baschi0,
909 3651 1082 3719 Tudertin.
1098 3653 1196 3735 dioc,
1210 3663 1300 3740 quat.
1313 3656 1375 3720 sibi
1386 3655 1429 3720 de
1445 3675 1519 3723 can.

159 3767 196 3823 et
211 3761 302 3844 preb.
319 3759 459 3825 ecclesie
483 3757 516 3823 N
519 3758 696 3838 ivellensis,
720 3757 881 3824 Leodien.
898 3759 996 3840 dioc,
1013 3780 1085 3824 rac.
1102 3759 1192 3845 apud
1206 3759 1319 3824 sedern
1336 3770 1443 3846 apost.
1459 3781 1520 3846 per

157 3866 214 3929 ob.
237 3863 328 3930 dom.
343 3863 587 3929 aldebrandini
603 3863 645 3928 de
662 3862 807 3928 Bascbio
823 3875 845 3944 ²,
872 3865 982 3950 patrui
999 3864 1059 3942 sui,
1075 3863 1130 3947 qui
1148 3864 1181 3926 in
1198 3862 1296 3929 Rom.
1322 3864 1412 3928 curia
1428 3863 1518 3928 diem

156 3967 279 4032 clausit
306 3978 504 4047 extremum,
536 3976 571 4032 et
597 3988 657 4054 per
684 3969 715 4034 S.
745 3969 784 4036 E.
811 3970 1011 4054 generaliter
1040 3968 1225 4047 reservatis,
1258 3988 1334 4034 cum
1365 3969 1521 4034 omnibus

152 4071 283 4157 juribus
298 4079 333 4136 et
349 4071 559 4156 pertinentiis
576 4071 642 4136 suis
666 4071 848 4156 dignemini
875 4072 1078 4157 providere;
1104 4091 1172 4136 non
1200 4073 1285 4137 obst.
1313 4071 1402 4156 quod
1429 4072 1519 4139 idem

160 4174 353 4242 Ludovicus
379 4195 454 4241 can.
470 4182 505 4239 et
520 4179 612 4262 preb.
636 4175 864 4257 Cameracen,
879 4196 919 4241 ac
934 4175 1077 4260 gratiam
1094 4173 1134 4240 V.
1151 4175 1182 4240 S.
1199 4178 1258 4240 sub
1281 4177 1519 4262 expectatione

156 4278 286 4344 denno
301 4279 355 4343 vel
371 4278 519 4363 pluribus
541 4279 714 4344 beneficiis
730 4300 758 4345 c.
775 4300 803 4344 c.
820 4281 874 4343 vel
897 4300 922 4344 s.
939 4300 968 4345 c.
985 4280 1213 4364 spectantibus
1235 4279 1278 4344 ad
1303 4281 1518 4346 collationem

157 4381 309 4467 episcopi
326 4390 360 4447 et
377 4381 516 4467 capituli
538 4380 712 4447 Tudertini
729 4383 953 4448 communiter
969 4385 1022 4447 vel
1038 4381 1179 4462 divisim,
1196 4383 1288 4467 cujus
1303 4405 1361 4449 seu
1377 4405 1518 4468 quorum

158 4486 309 4553 redditus
335 4495 370 4552 et
394 4495 586 4572 proventus,
603 4487 786 4552 secundum
810 4486 1020 4552 taxationem
1044 4486 1184 4568 decime,
1203 4492 1243 4550 60
1268 4486 1421 4553 florenor.
1447 4488 1517 4553 auri

158 4591 309 4656 valorem
324 4611 473 4656 annuum
488 4610 557 4655 non
573 4591 748 4672 excedant,
765 4591 918 4656 obtinere
932 4599 1123 4657 noscatur...
1139 4625 1182 4636 --
1198 4591 1274 4657 Fiat
1290 4590 1331 4658 R.

205 4694 284 4760 Dat.
299 4695 399 4759 Avin.
421 4713 457 4778 17
473 4693 541 4758 kal.
556 4715 635 4759 nov.
652 4709 688 4760 a0
706 4709 750 4774 9⁰.
769 4695 845 4778 (20,
866 4699 967 4779 170l).

197 4953 219 5001 l.
231 4951 294 5000 voh
305 4966 330 5000 n.
343 4953 397 5012 934,
410 4954 458 5000 988
473 4969 479 5012 ;
493 4951 560 5001 Mon.
574 4952 631 5001 Ver.
642 4953 714 5014 Boin,
728 4954 747 5013 l,
761 4968 785 5001 n.
798 4955 868 5015 1308,
883 4955 952 5012 1309,
968 4955 1037 5002 laio.
1047 4981 1078 4991 -
1095 4957 1119 5002 2.
1131 4955 1193 5003 Voir
1203 4969 1229 5005 n.
1241 4957 1295 5016 696,
1314 4959 1369 5005 715.

216 5059 278 5102 nnat.
293 5059 342 5102 Vnt.
359 5060 417 5112 Belg.
1449 5079 1473 5116 35
