<?xml version="1.0" encoding="UTF-8"?>
<!DOCTYPE html PUBLIC "-//W3C//DTD XHTML 1.0 Transitional//EN"
    "http://www.w3.org/TR/xhtml1/DTD/xhtml1-transitional.dtd">
<html xmlns="http://www.w3.org/1999/xhtml" xml:lang="en" lang="en">
 <head>
  <title>
</title>
<meta http-equiv="Content-Type" content="text/html;charset=utf-8" />
  <meta name='ocr-system' content='tesseract 3.04.00' />
  <meta name='ocr-capabilities' content='ocr_page ocr_carea ocr_par ocr_line ocrx_word'/>
</head>
<body>
  <div class='ocr_page' id='page_1' title='image "./suppliquesdeclm00berlgoog_0097.png"; bbox 0 0 3650 5675; ppageno 0'>
   <div class='ocr_carea' id='block_1_1' title="bbox 326 559 1149 634">
    <p class='ocr_par' dir='ltr' id='par_1_1' title="bbox 326 559 1149 634">
     <span class='ocr_line' id='line_1_1' title="bbox 326 559 1149 634; baseline -0.01 -4"><span class='ocrx_word' id='word_1_1' title='bbox 326 567 366 630; x_wconf 82' lang='lat'>52</span> <span class='ocrx_word' id='word_1_2' title='bbox 869 559 956 634; x_wconf 76' lang='lat'>1342,</span> <span class='ocrx_word' id='word_1_3' title='bbox 984 560 999 623; x_wconf 82' lang='grc'><strong><em>7</em></strong></span> <span class='ocrx_word' id='word_1_4' title='bbox 1021 560 1149 624; x_wconf 87' lang='lat' dir='ltr'>octobre.</span> 
     </span>
    </p>
   </div>
   <div class='ocr_carea' id='block_1_2' title="bbox 327 709 1687 899">
    <p class='ocr_par' dir='ltr' id='par_1_2' title="bbox 327 709 1687 899">
     <span class='ocr_line' id='line_1_2' title="bbox 327 709 1687 797; baseline -0.005 -15"><span class='ocrx_word' id='word_1_5' title='bbox 327 716 473 796; x_wconf 82' lang='lat' dir='ltr'>buxiere,</span> <span class='ocrx_word' id='word_1_6' title='bbox 497 715 707 779; x_wconf 85' lang='lat' dir='ltr'>Attrebaten.</span> <span class='ocrx_word' id='word_1_7' title='bbox 733 719 767 775; x_wconf 91' lang='lat' dir='ltr'>et</span> <span class='ocrx_word' id='word_1_8' title='bbox 793 709 961 776; x_wconf 89' lang='lat' dir='ltr'>Morinen.</span> <span class='ocrx_word' id='word_1_9' title='bbox 988 709 1120 797; x_wconf 86' lang='lat' dir='ltr'>[dioc.]‚</span> <span class='ocrx_word' id='word_1_10' title='bbox 1145 711 1294 777; x_wconf 87' lang='lat' dir='ltr'>noscitur</span> <span class='ocrx_word' id='word_1_11' title='bbox 1311 713 1472 778; x_wconf 90' lang='lat' dir='ltr'>obtinere.</span> <span class='ocrx_word' id='word_1_12' title='bbox 1489 711 1623 776; x_wconf 89' lang='lat' dir='ltr'>-Fiat</span> <span class='ocrx_word' id='word_1_13' title='bbox 1647 710 1687 775; x_wconf 94' lang='lat' dir='ltr'>R.</span> 
     </span>
     <span class='ocr_line' id='line_1_3' title="bbox 370 813 1006 899; baseline -0.005 -16"><span class='ocrx_word' id='word_1_14' title='bbox 370 819 448 885; x_wconf 92' lang='lat' dir='ltr'>Dat.</span> <span class='ocrx_word' id='word_1_15' title='bbox 463 816 564 881; x_wconf 85' lang='lat' dir='ltr'>Avin.</span> <span class='ocrx_word' id='word_1_16' title='bbox 580 835 648 881; x_wconf 90' lang='lat' dir='ltr'>non</span> <span class='ocrx_word' id='word_1_17' title='bbox 663 823 730 880; x_wconf 91' lang='lat' dir='ltr'>oct.</span> <span class='ocrx_word' id='word_1_18' title='bbox 746 822 779 878; x_wconf 88' lang='lat' dir='ltr'>a⁰</span> <span class='ocrx_word' id='word_1_19' title='bbox 798 822 837 879; x_wconf 81' lang='lat'>1⁰.</span> <span class='ocrx_word' id='word_1_20' title='bbox 855 813 898 899; x_wconf 91' lang='lat' dir='ltr'>(l,</span> <span class='ocrx_word' id='word_1_21' title='bbox 917 816 1006 899; x_wconf 86' lang='lat'>244).</span> 
     </span>
    </p>
   </div>
   <div class='ocr_carea' id='block_1_3' title="bbox 369 948 1686 1151">
    <p class='ocr_par' dir='ltr' id='par_1_3' title="bbox 369 948 1686 1151">
     <span class='ocr_line' id='line_1_4' title="bbox 377 948 1642 1042; baseline -0.006 -14"><span class='ocrx_word' id='word_1_22' title='bbox 377 948 489 1029; x_wconf 78' lang='lat'>242.</span> <span class='ocrx_word' id='word_1_23' title='bbox 1355 977 1450 1042; x_wconf 76' lang='lat'>1342,</span> <span class='ocrx_word' id='word_1_24' title='bbox 1469 976 1487 1040; x_wconf 90' lang='lat'><em>7</em></span> <span class='ocrx_word' id='word_1_25' title='bbox 1504 957 1642 1021; x_wconf 85' lang='lat' dir='ltr'><em>octobre.</em></span> 
     </span>
     <span class='ocr_line' id='line_1_5' title="bbox 369 1059 1686 1151; baseline -0.008 -20"><span class='ocrx_word' id='word_1_26' title='bbox 369 1067 471 1151; x_wconf 89' lang='lat' dir='ltr'>Supp.</span> <span class='ocrx_word' id='word_1_27' title='bbox 488 1063 608 1128; x_wconf 90' lang='lat' dir='ltr'>Petrus</span> <span class='ocrx_word' id='word_1_28' title='bbox 621 1061 665 1127; x_wconf 86' lang='lat' dir='ltr'>de</span> <span class='ocrx_word' id='word_1_29' title='bbox 682 1059 892 1145; x_wconf 89' lang='lat' dir='ltr'>Hanguest0,</span> <span class='ocrx_word' id='word_1_30' title='bbox 908 1081 983 1126; x_wconf 88' lang='lat' dir='ltr'>can.</span> <span class='ocrx_word' id='word_1_31' title='bbox 997 1081 1039 1126; x_wconf 89' lang='lat' dir='ltr'>ac</span> <span class='ocrx_word' id='word_1_32' title='bbox 1053 1061 1241 1146; x_wconf 86' lang='lat' dir='ltr'>prepositus</span> <span class='ocrx_word' id='word_1_33' title='bbox 1256 1062 1338 1126; x_wconf 89' lang='lat' dir='ltr'>eccl.</span> <span class='ocrx_word' id='word_1_34' title='bbox 1347 1061 1548 1127; x_wconf 80' lang='lat' dir='ltr'>Ambianen.</span> <span class='ocrx_word' id='word_1_35' title='bbox 1563 1069 1581 1140; x_wconf 87' lang='lat'>¹,</span> <span class='ocrx_word' id='word_1_36' title='bbox 1596 1059 1686 1125; x_wconf 91' lang='lat' dir='ltr'>dom.</span> 
     </span>
    </p>
   </div>
   <div class='ocr_carea' id='block_1_4' title="bbox 215 1163 1687 1251">
    <p class='ocr_par' dir='ltr' id='par_1_4' title="bbox 215 1163 1687 1251">
     <span class='ocr_line' id='line_1_6' title="bbox 215 1163 1687 1251; baseline -0.005 -17"><span class='ocrx_word' id='word_1_37' title='bbox 215 1166 226 1180; x_wconf 61' lang='lat'>²</span> <span class='ocrx_word' id='word_1_38' title='bbox 327 1167 467 1234; x_wconf 90' lang='lat' dir='ltr'>Francie</span> <span class='ocrx_word' id='word_1_39' title='bbox 482 1166 568 1251; x_wconf 90' lang='lat' dir='ltr'>regis</span> <span class='ocrx_word' id='word_1_40' title='bbox 584 1165 719 1230; x_wconf 86' lang='lat' dir='ltr'>illustris</span> <span class='ocrx_word' id='word_1_41' title='bbox 735 1165 951 1245; x_wconf 85' lang='lat' dir='ltr'>consiliarius,</span> <span class='ocrx_word' id='word_1_42' title='bbox 967 1165 1057 1249; x_wconf 91' lang='lat' dir='ltr'>quod</span> <span class='ocrx_word' id='word_1_43' title='bbox 1081 1185 1157 1230; x_wconf 89' lang='lat' dir='ltr'>cum</span> <span class='ocrx_word' id='word_1_44' title='bbox 1181 1165 1291 1231; x_wconf 90' lang='lat' dir='ltr'>dictus</span> <span class='ocrx_word' id='word_1_45' title='bbox 1311 1179 1369 1229; x_wconf 85' lang='lat' dir='ltr'>rex</span> <span class='ocrx_word' id='word_1_46' title='bbox 1393 1167 1485 1250; x_wconf 83' lang='lat' dir='ltr'><strong>preb.</strong></span> <span class='ocrx_word' id='word_1_47' title='bbox 1500 1171 1535 1228; x_wconf 92' lang='lat' dir='ltr'>et</span> <span class='ocrx_word' id='word_1_48' title='bbox 1554 1163 1687 1228; x_wconf 88' lang='lat' dir='ltr'>thesau-</span> 
     </span>
    </p>
   </div>
   <div class='ocr_carea' id='block_1_5' title="bbox 324 1265 1691 2785">
    <p class='ocr_par' dir='ltr' id='par_1_5' title="bbox 324 1265 1691 2785">
     <span class='ocr_line' id='line_1_7' title="bbox 324 1265 1685 1354; baseline -0.004 -17"><span class='ocrx_word' id='word_1_49' title='bbox 324 1273 444 1337; x_wconf 92' lang='lat' dir='ltr'>rariam</span> <span class='ocrx_word' id='word_1_50' title='bbox 461 1269 629 1335; x_wconf 90' lang='lat' dir='ltr'>Morinen.</span> <span class='ocrx_word' id='word_1_51' title='bbox 646 1288 686 1334; x_wconf 87' lang='lat' dir='ltr'>ac</span> <span class='ocrx_word' id='word_1_52' title='bbox 701 1270 793 1354; x_wconf 89' lang='lat' dir='ltr'>preb.</span> <span class='ocrx_word' id='word_1_53' title='bbox 806 1267 946 1334; x_wconf 89' lang='lat' dir='ltr'>Remen.</span> <span class='ocrx_word' id='word_1_54' title='bbox 959 1275 1119 1353; x_wconf 86' lang='lat' dir='ltr'><strong>tanquam</strong></span> <span class='ocrx_word' id='word_1_55' title='bbox 1136 1268 1170 1333; x_wconf 92' lang='lat' dir='ltr'>in</span> <span class='ocrx_word' id='word_1_56' title='bbox 1185 1268 1308 1352; x_wconf 77' lang='lat' dir='ltr'>regalia</span> <span class='ocrx_word' id='word_1_57' title='bbox 1322 1276 1482 1333; x_wconf 89' lang='lat' dir='ltr'>vacantes</span> <span class='ocrx_word' id='word_1_58' title='bbox 1498 1265 1685 1346; x_wconf 84' lang='lat' dir='ltr'>contulerit,</span> 
     </span>
     <span class='ocr_line' id='line_1_8' title="bbox 325 1369 1688 1458; baseline -0.004 -19"><span class='ocrx_word' id='word_1_59' title='bbox 325 1394 464 1458; x_wconf 90' lang='lat' dir='ltr'>quarum</span> <span class='ocrx_word' id='word_1_60' title='bbox 477 1372 674 1438; x_wconf 85' lang='lat' dir='ltr'>collationes</span> <span class='ocrx_word' id='word_1_61' title='bbox 687 1372 793 1456; x_wconf 90' lang='lat' dir='ltr'>justas</span> <span class='ocrx_word' id='word_1_62' title='bbox 808 1380 844 1438; x_wconf 88' lang='lat' dir='ltr'>et</span> <span class='ocrx_word' id='word_1_63' title='bbox 859 1373 1021 1438; x_wconf 87' lang='lat' dir='ltr'>canonice</span> <span class='ocrx_word' id='word_1_64' title='bbox 1048 1373 1153 1438; x_wconf 88' lang='lat' dir='ltr'>factas</span> <span class='ocrx_word' id='word_1_65' title='bbox 1177 1393 1307 1458; x_wconf 89' lang='lat' dir='ltr'>semper</span> <span class='ocrx_word' id='word_1_66' title='bbox 1334 1371 1514 1438; x_wconf 83' lang='lat' dir='ltr'>crediderit</span> <span class='ocrx_word' id='word_1_67' title='bbox 1529 1380 1563 1436; x_wconf 88' lang='lat' dir='ltr'>et</span> <span class='ocrx_word' id='word_1_68' title='bbox 1578 1369 1688 1436; x_wconf 91' lang='lat' dir='ltr'>adhuc</span> 
     </span>
     <span class='ocr_line' id='line_1_9' title="bbox 325 1472 1686 1562; baseline -0.004 -18"><span class='ocrx_word' id='word_1_69' title='bbox 325 1478 431 1544; x_wconf 87' lang='lat' dir='ltr'>credit</span> <span class='ocrx_word' id='word_1_70' title='bbox 458 1477 584 1557; x_wconf 78' lang='lat' dir='ltr'>fuisse3</span> <span class='ocrx_word' id='word_1_71' title='bbox 610 1497 675 1560; x_wconf 91' lang='lat' dir='ltr'>que</span> <span class='ocrx_word' id='word_1_72' title='bbox 699 1476 835 1560; x_wconf 91' lang='lat' dir='ltr'>quidem</span> <span class='ocrx_word' id='word_1_73' title='bbox 863 1476 1028 1542; x_wconf 89' lang='lat' dir='ltr'>beneficia</span> <span class='ocrx_word' id='word_1_74' title='bbox 1054 1497 1131 1542; x_wconf 90' lang='lat' dir='ltr'>cum</span> <span class='ocrx_word' id='word_1_75' title='bbox 1161 1475 1259 1542; x_wconf 89' lang='lat' dir='ltr'>dictis</span> <span class='ocrx_word' id='word_1_76' title='bbox 1288 1479 1380 1562; x_wconf 90' lang='lat' dir='ltr'>preb.</span> <span class='ocrx_word' id='word_1_77' title='bbox 1411 1496 1450 1541; x_wconf 91' lang='lat' dir='ltr'>ac</span> <span class='ocrx_word' id='word_1_78' title='bbox 1480 1472 1686 1560; x_wconf 87' lang='lat' dir='ltr'>prepositura</span> 
     </span>
     <span class='ocr_line' id='line_1_10' title="bbox 325 1577 1687 1666; baseline -0.003 -20"><span class='ocrx_word' id='word_1_79' title='bbox 325 1581 525 1646; x_wconf 78' lang='lat' dir='ltr'>Ambianen.</span> <span class='ocrx_word' id='word_1_80' title='bbox 541 1581 612 1645; x_wconf 91' lang='lat' dir='ltr'>sine</span> <span class='ocrx_word' id='word_1_81' title='bbox 628 1580 742 1645; x_wconf 87' lang='lat' dir='ltr'>fraude</span> <span class='ocrx_word' id='word_1_82' title='bbox 753 1581 958 1666; x_wconf 87' lang='lat' dir='ltr'>permutavit</span> <span class='ocrx_word' id='word_1_83' title='bbox 973 1580 1070 1665; x_wconf 91' lang='lat' dir='ltr'>;quia</span> <span class='ocrx_word' id='word_1_84' title='bbox 1085 1588 1200 1645; x_wconf 91' lang='lat' dir='ltr'>tamen</span> <span class='ocrx_word' id='word_1_85' title='bbox 1216 1586 1295 1644; x_wconf 90' lang='lat' dir='ltr'>ante</span> <span class='ocrx_word' id='word_1_86' title='bbox 1311 1580 1427 1645; x_wconf 91' lang='lat' dir='ltr'>oculos</span> <span class='ocrx_word' id='word_1_87' title='bbox 1442 1578 1554 1644; x_wconf 88' lang='lat' dir='ltr'>divine</span> <span class='ocrx_word' id='word_1_88' title='bbox 1570 1577 1687 1661; x_wconf 87' lang='lat' dir='ltr'>majes-</span> 
     </span>
     <span class='ocr_line' id='line_1_11' title="bbox 325 1680 1687 1770; baseline -0.004 -20"><span class='ocrx_word' id='word_1_89' title='bbox 325 1685 404 1750; x_wconf 88' lang='lat' dir='ltr'>tatis</span> <span class='ocrx_word' id='word_1_90' title='bbox 420 1684 556 1749; x_wconf 85' lang='lat' dir='ltr'>forsitan</span> <span class='ocrx_word' id='word_1_91' title='bbox 573 1684 709 1770; x_wconf 89' lang='lat' dir='ltr'>aliquod</span> <span class='ocrx_word' id='word_1_92' title='bbox 723 1685 908 1770; x_wconf 90' lang='lat' dir='ltr'>periculum</span> <span class='ocrx_word' id='word_1_93' title='bbox 933 1685 1106 1750; x_wconf 89' lang='lat' dir='ltr'>imminere</span> <span class='ocrx_word' id='word_1_94' title='bbox 1128 1690 1251 1770; x_wconf 92' lang='lat' dir='ltr'>posset,</span> <span class='ocrx_word' id='word_1_95' title='bbox 1267 1690 1338 1748; x_wconf 89' lang='lat' dir='ltr'>tam</span> <span class='ocrx_word' id='word_1_96' title='bbox 1353 1691 1490 1769; x_wconf 90' lang='lat' dir='ltr'>propter</span> <span class='ocrx_word' id='word_1_97' title='bbox 1505 1680 1687 1747; x_wconf 87' lang='lat' dir='ltr'>sententias</span> 
     </span>
     <span class='ocr_line' id='line_1_12' title="bbox 326 1786 1687 1874; baseline -0.005 -20"><span class='ocrx_word' id='word_1_98' title='bbox 326 1797 444 1854; x_wconf 89' lang='lat' dir='ltr'>contra</span> <span class='ocrx_word' id='word_1_99' title='bbox 468 1788 691 1873; x_wconf 87' lang='lat' dir='ltr'>impedientes</span> <span class='ocrx_word' id='word_1_100' title='bbox 716 1789 913 1855; x_wconf 89' lang='lat' dir='ltr'>collationes</span> <span class='ocrx_word' id='word_1_101' title='bbox 938 1788 1025 1853; x_wconf 88' lang='lat' dir='ltr'>sedis</span> <span class='ocrx_word' id='word_1_102' title='bbox 1048 1795 1156 1874; x_wconf 91' lang='lat' dir='ltr'>apost.</span> <span class='ocrx_word' id='word_1_103' title='bbox 1175 1786 1410 1874; x_wconf 87' lang='lat' dir='ltr'>promulgatas,</span> <span class='ocrx_word' id='word_1_104' title='bbox 1434 1805 1535 1869; x_wconf 86' lang='lat' dir='ltr'>quam</span> <span class='ocrx_word' id='word_1_105' title='bbox 1558 1804 1620 1869; x_wconf 91' lang='lat' dir='ltr'>pro</span> <span class='ocrx_word' id='word_1_106' title='bbox 1646 1804 1687 1848; x_wconf 89' lang='lat' dir='ltr'>eo</span> 
     </span>
     <span class='ocr_line' id='line_1_13' title="bbox 327 1889 1688 1976; baseline -0.003 -21"><span class='ocrx_word' id='word_1_107' title='bbox 327 1890 418 1975; x_wconf 93' lang='lat' dir='ltr'>quod</span> <span class='ocrx_word' id='word_1_108' title='bbox 431 1899 509 1974; x_wconf 92' lang='lat' dir='ltr'>post</span> <span class='ocrx_word' id='word_1_109' title='bbox 525 1910 637 1956; x_wconf 92' lang='lat' dir='ltr'>sacros</span> <span class='ocrx_word' id='word_1_110' title='bbox 651 1891 834 1976; x_wconf 88' lang='lat' dir='ltr'>susceperit</span> <span class='ocrx_word' id='word_1_111' title='bbox 850 1891 983 1957; x_wconf 89' lang='lat' dir='ltr'>ordines</span> <span class='ocrx_word' id='word_1_112' title='bbox 999 1912 1039 1956; x_wconf 93' lang='lat' dir='ltr'>ac</span> <span class='ocrx_word' id='word_1_113' title='bbox 1054 1892 1167 1958; x_wconf 92' lang='lat' dir='ltr'>divina</span> <span class='ocrx_word' id='word_1_114' title='bbox 1183 1889 1374 1970; x_wconf 88' lang='lat' dir='ltr'>celebravit,</span> <span class='ocrx_word' id='word_1_115' title='bbox 1384 1909 1426 1954; x_wconf 86' lang='lat' dir='ltr'>ex</span> <span class='ocrx_word' id='word_1_116' title='bbox 1441 1889 1560 1974; x_wconf 88' lang='lat' dir='ltr'>quibus</span> <span class='ocrx_word' id='word_1_117' title='bbox 1574 1895 1688 1972; x_wconf 87' lang='lat' dir='ltr'>posset</span> 
     </span>
     <span class='ocr_line' id='line_1_14' title="bbox 328 1990 1687 2080; baseline -0.002 -23"><span class='ocrx_word' id='word_1_118' title='bbox 328 1994 548 2077; x_wconf 87' lang='lat' dir='ltr'>irregularitas</span> <span class='ocrx_word' id='word_1_119' title='bbox 564 2015 623 2059; x_wconf 90' lang='lat' dir='ltr'>seu</span> <span class='ocrx_word' id='word_1_120' title='bbox 637 1995 823 2080; x_wconf 90' lang='lat' dir='ltr'>periculum</span> <span class='ocrx_word' id='word_1_121' title='bbox 838 1995 1023 2076; x_wconf 91' lang='lat' dir='ltr'>imminere,</span> <span class='ocrx_word' id='word_1_122' title='bbox 1041 1995 1131 2079; x_wconf 93' lang='lat' dir='ltr'>quod</span> <span class='ocrx_word' id='word_1_123' title='bbox 1142 2016 1211 2061; x_wconf 90' lang='lat' dir='ltr'>non</span> <span class='ocrx_word' id='word_1_124' title='bbox 1228 1993 1334 2060; x_wconf 91' lang='lat' dir='ltr'>credit</span> <span class='ocrx_word' id='word_1_125' title='bbox 1347 2015 1355 2073; x_wconf 88' lang='lat'>;</span> <span class='ocrx_word' id='word_1_126' title='bbox 1367 2001 1530 2078; x_wconf 89' lang='lat' dir='ltr'>quatenus</span> <span class='ocrx_word' id='word_1_127' title='bbox 1544 1990 1586 2056; x_wconf 93' lang='lat' dir='ltr'>de</span> <span class='ocrx_word' id='word_1_128' title='bbox 1596 1991 1687 2056; x_wconf 88' lang='lat' dir='ltr'>berri-</span> 
     </span>
     <span class='ocr_line' id='line_1_15' title="bbox 328 2095 1688 2184; baseline -0.001 -24"><span class='ocrx_word' id='word_1_129' title='bbox 328 2097 487 2182; x_wconf 88' lang='lat' dir='ltr'>gnissima</span> <span class='ocrx_word' id='word_1_130' title='bbox 517 2099 650 2182; x_wconf 89' lang='lat' dir='ltr'>[gratia]</span> <span class='ocrx_word' id='word_1_131' title='bbox 677 2098 709 2163; x_wconf 88' lang='lat' dir='ltr'>S.</span> <span class='ocrx_word' id='word_1_132' title='bbox 735 2096 774 2164; x_wconf 86' lang='lat' dir='ltr'>V.</span> <span class='ocrx_word' id='word_1_133' title='bbox 802 2099 911 2164; x_wconf 89' lang='lat' dir='ltr'>eidem</span> <span class='ocrx_word' id='word_1_134' title='bbox 938 2099 980 2164; x_wconf 87' lang='lat' dir='ltr'>ad</span> <span class='ocrx_word' id='word_1_135' title='bbox 1005 2100 1180 2180; x_wconf 90' lang='lat' dir='ltr'>cautelam,</span> <span class='ocrx_word' id='word_1_136' title='bbox 1207 2119 1249 2163; x_wconf 87' lang='lat' dir='ltr'>ex</span> <span class='ocrx_word' id='word_1_137' title='bbox 1274 2096 1481 2184; x_wconf 90' lang='lat' dir='ltr'>plenitudine</span> <span class='ocrx_word' id='word_1_138' title='bbox 1512 2095 1688 2182; x_wconf 90' lang='lat' dir='ltr'>potestatis</span> 
     </span>
     <span class='ocr_line' id='line_1_16' title="bbox 330 2197 1689 2288; baseline -0.003 -24"><span class='ocrx_word' id='word_1_139' title='bbox 330 2209 450 2281; x_wconf 86' lang='lat' dir='ltr'>vestre,</span> <span class='ocrx_word' id='word_1_140' title='bbox 463 2221 561 2287; x_wconf 91' lang='lat' dir='ltr'>super</span> <span class='ocrx_word' id='word_1_141' title='bbox 572 2201 636 2268; x_wconf 92' lang='lat' dir='ltr'>hiis</span> <span class='ocrx_word' id='word_1_142' title='bbox 645 2203 809 2282; x_wconf 91' lang='lat' dir='ltr'>omnibus,</span> <span class='ocrx_word' id='word_1_143' title='bbox 825 2223 865 2269; x_wconf 93' lang='lat' dir='ltr'>ac</span> <span class='ocrx_word' id='word_1_144' title='bbox 880 2222 979 2288; x_wconf 90' lang='lat' dir='ltr'>super</span> <span class='ocrx_word' id='word_1_145' title='bbox 989 2201 1148 2268; x_wconf 88' lang='lat' dir='ltr'>fructibus</span> <span class='ocrx_word' id='word_1_146' title='bbox 1158 2202 1235 2268; x_wconf 90' lang='lat' dir='ltr'>inde</span> <span class='ocrx_word' id='word_1_147' title='bbox 1246 2201 1422 2287; x_wconf 91' lang='lat' dir='ltr'>perceptis,</span> <span class='ocrx_word' id='word_1_148' title='bbox 1432 2197 1689 2265; x_wconf 90' lang='lat' dir='ltr'>misericorditer</span> 
     </span>
     <span class='ocr_line' id='line_1_17' title="bbox 329 2303 1688 2389; baseline -0.003 -20"><span class='ocrx_word' id='word_1_149' title='bbox 329 2303 521 2389; x_wconf 89' lang='lat' dir='ltr'>dispensare</span> <span class='ocrx_word' id='word_1_150' title='bbox 532 2305 713 2389; x_wconf 87' lang='lat' dir='ltr'>dignemini</span> <span class='ocrx_word' id='word_1_151' title='bbox 730 2326 806 2371; x_wconf 89' lang='lat' dir='ltr'>cum</span> <span class='ocrx_word' id='word_1_152' title='bbox 818 2306 949 2371; x_wconf 88' lang='lat' dir='ltr'>eodem.</span> <span class='ocrx_word' id='word_1_153' title='bbox 959 2346 1003 2355; x_wconf 92' lang='lat'>—</span> <span class='ocrx_word' id='word_1_154' title='bbox 1018 2305 1227 2371; x_wconf 86' lang='lat' dir='ltr'>Conserimus</span> <span class='ocrx_word' id='word_1_155' title='bbox 1242 2305 1303 2370; x_wconf 93' lang='lat' dir='ltr'>sibi</span> <span class='ocrx_word' id='word_1_156' title='bbox 1319 2305 1361 2370; x_wconf 90' lang='lat' dir='ltr'>de</span> <span class='ocrx_word' id='word_1_157' title='bbox 1376 2324 1466 2369; x_wconf 91' lang='lat' dir='ltr'>novo</span> <span class='ocrx_word' id='word_1_158' title='bbox 1481 2303 1589 2370; x_wconf 91' lang='lat' dir='ltr'>dictos</span> <span class='ocrx_word' id='word_1_159' title='bbox 1604 2321 1688 2380; x_wconf 83' lang='lat' dir='ltr'>cam,</span> 
     </span>
     <span class='ocr_line' id='line_1_18' title="bbox 330 2405 1688 2494; baseline -0.002 -23"><span class='ocrx_word' id='word_1_160' title='bbox 330 2410 422 2491; x_wconf 91' lang='lat' dir='ltr'>preb.</span> <span class='ocrx_word' id='word_1_161' title='bbox 447 2416 482 2473; x_wconf 89' lang='lat' dir='ltr'>et</span> <span class='ocrx_word' id='word_1_162' title='bbox 505 2409 749 2494; x_wconf 90' lang='lat' dir='ltr'>preposituram</span> <span class='ocrx_word' id='word_1_163' title='bbox 773 2409 986 2490; x_wconf 72' lang='lat' dir='ltr'>Ambianen,</span> <span class='ocrx_word' id='word_1_164' title='bbox 1011 2416 1045 2474; x_wconf 90' lang='lat' dir='ltr'>et</span> <span class='ocrx_word' id='word_1_165' title='bbox 1071 2409 1196 2475; x_wconf 87' lang='lat' dir='ltr'>fructus</span> <span class='ocrx_word' id='word_1_166' title='bbox 1222 2415 1399 2494; x_wconf 89' lang='lat' dir='ltr'>perceptos</span> <span class='ocrx_word' id='word_1_167' title='bbox 1423 2414 1457 2472; x_wconf 90' lang='lat' dir='ltr'>et</span> <span class='ocrx_word' id='word_1_168' title='bbox 1481 2406 1536 2491; x_wconf 93' lang='lat' dir='ltr'>qui</span> <span class='ocrx_word' id='word_1_169' title='bbox 1562 2405 1688 2492; x_wconf 89' lang='lat' dir='ltr'>percipi</span> 
     </span>
     <span class='ocr_line' id='line_1_19' title="bbox 330 2507 1690 2598; baseline -0.003 -23"><span class='ocrx_word' id='word_1_170' title='bbox 330 2513 501 2596; x_wconf 90' lang='lat' dir='ltr'>potuerint</span> <span class='ocrx_word' id='word_1_171' title='bbox 516 2521 587 2577; x_wconf 92' lang='lat' dir='ltr'>tam</span> <span class='ocrx_word' id='word_1_172' title='bbox 603 2513 645 2578; x_wconf 90' lang='lat' dir='ltr'>de</span> <span class='ocrx_word' id='word_1_173' title='bbox 660 2513 818 2598; x_wconf 83' lang='lat' dir='ltr'>predictis</span> <span class='ocrx_word' id='word_1_174' title='bbox 844 2514 1002 2597; x_wconf 90' lang='lat' dir='ltr'>quamde</span> <span class='ocrx_word' id='word_1_175' title='bbox 1025 2534 1108 2594; x_wconf 84' lang='lat' dir='ltr'>cam,</span> <span class='ocrx_word' id='word_1_176' title='bbox 1125 2515 1213 2598; x_wconf 93' lang='lat' dir='ltr'>preb.</span> <span class='ocrx_word' id='word_1_177' title='bbox 1229 2533 1269 2577; x_wconf 91' lang='lat' dir='ltr'>ac</span> <span class='ocrx_word' id='word_1_178' title='bbox 1284 2510 1486 2576; x_wconf 89' lang='lat' dir='ltr'>thesauraria</span> <span class='ocrx_word' id='word_1_179' title='bbox 1511 2507 1690 2587; x_wconf 89' lang='lat' dir='ltr'>Morinen.,</span> 
     </span>
     <span class='ocr_line' id='line_1_20' title="bbox 330 2615 1691 2702; baseline -0.002 -23"><span class='ocrx_word' id='word_1_180' title='bbox 330 2615 392 2680; x_wconf 91' lang='lat' dir='ltr'>sibi</span> <span class='ocrx_word' id='word_1_181' title='bbox 424 2616 634 2698; x_wconf 86' lang='lat' dir='ltr'>remittimus,</span> <span class='ocrx_word' id='word_1_182' title='bbox 665 2625 701 2682; x_wconf 89' lang='lat' dir='ltr'>et</span> <span class='ocrx_word' id='word_1_183' title='bbox 726 2637 824 2702; x_wconf 90' lang='lat' dir='ltr'>super</span> <span class='ocrx_word' id='word_1_184' title='bbox 849 2617 1089 2702; x_wconf 89' lang='lat' dir='ltr'>irregularitate</span> <span class='ocrx_word' id='word_1_185' title='bbox 1113 2617 1160 2682; x_wconf 93' lang='lat' dir='ltr'>sic</span> <span class='ocrx_word' id='word_1_186' title='bbox 1187 2622 1360 2682; x_wconf 88' lang='lat' dir='ltr'>contracta</span> <span class='ocrx_word' id='word_1_187' title='bbox 1382 2615 1621 2699; x_wconf 90' lang='lat' dir='ltr'>dispensamus.</span> <span class='ocrx_word' id='word_1_188' title='bbox 1648 2652 1691 2660; x_wconf 83' lang='lat'><strong>—</strong></span> 
     </span>
     <span class='ocr_line' id='line_1_21' title="bbox 331 2718 465 2785; baseline 0.015 -2"><span class='ocrx_word' id='word_1_189' title='bbox 331 2718 408 2785; x_wconf 88' lang='lat' dir='ltr'>Fiat</span> <span class='ocrx_word' id='word_1_190' title='bbox 424 2719 465 2785; x_wconf 85' lang='lat' dir='ltr'>R.</span> 
     </span>
    </p>
   </div>
   <div class='ocr_carea' id='block_1_6' title="bbox 374 2823 1023 2910">
    <p class='ocr_par' dir='ltr' id='par_1_6' title="bbox 374 2823 1023 2910">
     <span class='ocr_line' id='line_1_22' title="bbox 374 2823 1023 2910; baseline 0.008 -23"><span class='ocrx_word' id='word_1_191' title='bbox 374 2823 453 2890; x_wconf 90' lang='lat' dir='ltr'>Dat.</span> <span class='ocrx_word' id='word_1_192' title='bbox 468 2824 568 2889; x_wconf 83' lang='lat' dir='ltr'>Avin.</span> <span class='ocrx_word' id='word_1_193' title='bbox 585 2847 664 2891; x_wconf 90' lang='lat' dir='ltr'>non.</span> <span class='ocrx_word' id='word_1_194' title='bbox 680 2834 747 2893; x_wconf 89' lang='lat' dir='ltr'>oct.</span> <span class='ocrx_word' id='word_1_195' title='bbox 763 2833 796 2892; x_wconf 88' lang='lat' dir='ltr'>a⁰</span> <span class='ocrx_word' id='word_1_196' title='bbox 815 2833 854 2893; x_wconf 91' lang='lat'>1⁰.</span> <span class='ocrx_word' id='word_1_197' title='bbox 871 2824 915 2909; x_wconf 81' lang='lat' dir='ltr'>(I,</span> <span class='ocrx_word' id='word_1_198' title='bbox 934 2826 1023 2910; x_wconf 89' lang='lat'>245).</span> 
     </span>
    </p>
   </div>
   <div class='ocr_carea' id='block_1_7' title="bbox 328 2960 1692 3867">
    <p class='ocr_par' dir='ltr' id='par_1_7' title="bbox 381 2960 1644 3057">
     <span class='ocr_line' id='line_1_23' title="bbox 381 2960 1644 3057; baseline -0.005 -17"><span class='ocrx_word' id='word_1_199' title='bbox 381 2960 495 3045; x_wconf 81' lang='grc'>243.</span> <span class='ocrx_word' id='word_1_200' title='bbox 1359 2994 1455 3057; x_wconf 80' lang='lat'><em>1342,</em></span> <span class='ocrx_word' id='word_1_201' title='bbox 1473 2991 1492 3057; x_wconf 93' lang='lat'><em>7</em></span> <span class='ocrx_word' id='word_1_202' title='bbox 1507 2973 1644 3036; x_wconf 84' lang='lat' dir='ltr'>octobre.</span> 
     </span>
    </p>

    <p class='ocr_par' dir='ltr' id='par_1_8' title="bbox 328 3076 1692 3867">
     <span class='ocr_line' id='line_1_24' title="bbox 374 3076 1691 3163; baseline -0.002 -23"><span class='ocrx_word' id='word_1_203' title='bbox 374 3078 475 3161; x_wconf 89' lang='lat' dir='ltr'>Supp.</span> <span class='ocrx_word' id='word_1_204' title='bbox 491 3077 591 3143; x_wconf 84' lang='lat' dir='ltr'>frater</span> <span class='ocrx_word' id='word_1_205' title='bbox 606 3078 788 3159; x_wconf 75' lang='lat' dir='ltr'>johannes,</span> <span class='ocrx_word' id='word_1_206' title='bbox 804 3082 906 3145; x_wconf 91' lang='lat' dir='ltr'>abbas</span> <span class='ocrx_word' id='word_1_207' title='bbox 923 3078 1161 3161; x_wconf 87' lang='lat' dir='ltr'>Cisterciensis,</span> <span class='ocrx_word' id='word_1_208' title='bbox 1175 3086 1264 3163; x_wconf 91' lang='lat' dir='ltr'>quat.</span> <span class='ocrx_word' id='word_1_209' title='bbox 1281 3077 1441 3163; x_wconf 87' lang='lat' dir='ltr'>[Johanni</span> <span class='ocrx_word' id='word_1_210' title='bbox 1454 3076 1691 3162; x_wconf 87' lang='lat' dir='ltr'>Vippenbrouc</span> 
     </span>
     <span class='ocr_line' id='line_1_25' title="bbox 330 3169 1689 3269; baseline -0.005 -23"><span class='ocrx_word' id='word_1_211' title='bbox 330 3181 371 3247; x_wconf 91' lang='lat' dir='ltr'>de</span> <span class='ocrx_word' id='word_1_212' title='bbox 388 3180 549 3263; x_wconf 88' lang='lat' dir='ltr'>Bertines,</span> <span class='ocrx_word' id='word_1_213' title='bbox 577 3184 700 3267; x_wconf 83' lang='lat' dir='ltr'>presb]</span> <span class='ocrx_word' id='word_1_214' title='bbox 726 3182 893 3248; x_wconf 88' lang='lat' dir='ltr'>Morinen.</span> <span class='ocrx_word' id='word_1_215' title='bbox 918 3183 1016 3263; x_wconf 76' lang='lat' dir='ltr'>dioc,</span> <span class='ocrx_word' id='word_1_216' title='bbox 1032 3169 1074 3250; x_wconf 90' lang='lat' dir='ltr'>de</span> <span class='ocrx_word' id='word_1_217' title='bbox 1099 3204 1171 3248; x_wconf 90' lang='lat' dir='ltr'>can.</span> <span class='ocrx_word' id='word_1_218' title='bbox 1187 3190 1222 3247; x_wconf 92' lang='lat' dir='ltr'>et</span> <span class='ocrx_word' id='word_1_219' title='bbox 1244 3184 1336 3269; x_wconf 91' lang='lat' dir='ltr'>preb.</span> <span class='ocrx_word' id='word_1_220' title='bbox 1362 3182 1443 3246; x_wconf 90' lang='lat' dir='ltr'>eccl.</span> <span class='ocrx_word' id='word_1_221' title='bbox 1460 3180 1491 3245; x_wconf 87' lang='lat' dir='ltr'>S.</span> <span class='ocrx_word' id='word_1_222' title='bbox 1508 3176 1689 3243; x_wconf 90' lang='lat' dir='ltr'>Donatiani</span> 
     </span>
     <span class='ocr_line' id='line_1_26' title="bbox 331 3282 1690 3371; baseline -0.003 -24"><span class='ocrx_word' id='word_1_223' title='bbox 331 3282 517 3367; x_wconf 92' lang='lat' dir='ltr'>Brugensis,</span> <span class='ocrx_word' id='word_1_224' title='bbox 533 3284 720 3352; x_wconf 87' lang='lat' dir='ltr'>Tornacen.</span> <span class='ocrx_word' id='word_1_225' title='bbox 736 3286 833 3366; x_wconf 77' lang='lat' dir='ltr'>dioc,</span> <span class='ocrx_word' id='word_1_226' title='bbox 850 3288 937 3369; x_wconf 85' lang='lat' dir='ltr'>[vae.</span> <span class='ocrx_word' id='word_1_227' title='bbox 954 3288 1008 3350; x_wconf 90' lang='lat' dir='ltr'>vel</span> <span class='ocrx_word' id='word_1_228' title='bbox 1024 3288 1147 3369; x_wconf 80' lang='lat' dir='ltr'>vacat]</span> <span class='ocrx_word' id='word_1_229' title='bbox 1165 3285 1346 3371; x_wconf 91' lang='lat' dir='ltr'>dignemini</span> <span class='ocrx_word' id='word_1_230' title='bbox 1363 3285 1548 3370; x_wconf 87' lang='lat' dir='ltr'>providere,</span> <span class='ocrx_word' id='word_1_231' title='bbox 1565 3290 1599 3347; x_wconf 90' lang='lat' dir='ltr'>et</span> <span class='ocrx_word' id='word_1_232' title='bbox 1615 3302 1690 3345; x_wconf 91' lang='lat' dir='ltr'>eam</span> 
     </span>
     <span class='ocr_line' id='line_1_27' title="bbox 329 3384 1690 3474; baseline -0.001 -24"><span class='ocrx_word' id='word_1_233' title='bbox 329 3387 502 3453; x_wconf 89' lang='lat' dir='ltr'>donationi</span> <span class='ocrx_word' id='word_1_234' title='bbox 527 3389 613 3454; x_wconf 90' lang='lat' dir='ltr'>sedis</span> <span class='ocrx_word' id='word_1_235' title='bbox 629 3398 736 3474; x_wconf 90' lang='lat' dir='ltr'>apost.</span> <span class='ocrx_word' id='word_1_236' title='bbox 752 3410 921 3455; x_wconf 85' lang='lat' dir='ltr'>reservare</span> <span class='ocrx_word' id='word_1_237' title='bbox 937 3414 946 3470; x_wconf 94' lang='lat'>;</span> <span class='ocrx_word' id='word_1_238' title='bbox 965 3411 1034 3455; x_wconf 90' lang='lat' dir='ltr'>non</span> <span class='ocrx_word' id='word_1_239' title='bbox 1051 3394 1137 3456; x_wconf 90' lang='lat' dir='ltr'>obst.</span> <span class='ocrx_word' id='word_1_240' title='bbox 1154 3390 1243 3474; x_wconf 91' lang='lat' dir='ltr'>quod</span> <span class='ocrx_word' id='word_1_241' title='bbox 1259 3389 1340 3455; x_wconf 92' lang='lat' dir='ltr'>eccl.</span> <span class='ocrx_word' id='word_1_242' title='bbox 1351 3397 1499 3455; x_wconf 90' lang='lat' dir='ltr'>curatam</span> <span class='ocrx_word' id='word_1_243' title='bbox 1515 3388 1557 3454; x_wconf 91' lang='lat' dir='ltr'>de</span> <span class='ocrx_word' id='word_1_244' title='bbox 1571 3384 1690 3461; x_wconf 86' lang='lat' dir='ltr'>Arkes‚</span> 
     </span>
     <span class='ocr_line' id='line_1_28' title="bbox 328 3489 1690 3579; baseline -0.002 -26"><span class='ocrx_word' id='word_1_245' title='bbox 328 3489 478 3574; x_wconf 91' lang='lat' dir='ltr'>predicte</span> <span class='ocrx_word' id='word_1_246' title='bbox 495 3490 663 3557; x_wconf 90' lang='lat' dir='ltr'>Morinen.</span> <span class='ocrx_word' id='word_1_247' title='bbox 678 3493 775 3573; x_wconf 83' lang='lat' dir='ltr'>dioc,</span> <span class='ocrx_word' id='word_1_248' title='bbox 793 3493 953 3574; x_wconf 88' lang='lat' dir='ltr'>obtineat,</span> <span class='ocrx_word' id='word_1_249' title='bbox 971 3514 1035 3579; x_wconf 91' lang='lat' dir='ltr'>que</span> <span class='ocrx_word' id='word_1_250' title='bbox 1051 3494 1137 3559; x_wconf 90' lang='lat' dir='ltr'>ultra</span> <span class='ocrx_word' id='word_1_251' title='bbox 1154 3514 1194 3558; x_wconf 89' lang='lat'>20</span> <span class='ocrx_word' id='word_1_252' title='bbox 1212 3493 1284 3559; x_wconf 93' lang='lat' dir='ltr'>libr.</span> <span class='ocrx_word' id='word_1_253' title='bbox 1296 3492 1375 3557; x_wconf 93' lang='lat' dir='ltr'>Tur.</span> <span class='ocrx_word' id='word_1_254' title='bbox 1386 3490 1607 3567; x_wconf 85' lang='lat' dir='ltr'>communiter</span> <span class='ocrx_word' id='word_1_255' title='bbox 1622 3508 1690 3553; x_wconf 92' lang='lat' dir='ltr'>non</span> 
     </span>
     <span class='ocr_line' id='line_1_29' title="bbox 329 3590 1690 3683; baseline -0.003 -24"><span class='ocrx_word' id='word_1_256' title='bbox 329 3595 504 3659; x_wconf 91' lang='lat' dir='ltr'>consuevit</span> <span class='ocrx_word' id='word_1_257' title='bbox 519 3595 630 3659; x_wconf 89' lang='lat' dir='ltr'>valere</span> <span class='ocrx_word' id='word_1_258' title='bbox 645 3619 653 3675; x_wconf 88' lang='lat'>;</span> <span class='ocrx_word' id='word_1_259' title='bbox 670 3617 746 3661; x_wconf 92' lang='lat' dir='ltr'>cum</span> <span class='ocrx_word' id='word_1_260' title='bbox 763 3597 844 3662; x_wconf 88' lang='lat' dir='ltr'>alias</span> <span class='ocrx_word' id='word_1_261' title='bbox 859 3619 919 3683; x_wconf 90' lang='lat' dir='ltr'>per</span> <span class='ocrx_word' id='word_1_262' title='bbox 933 3600 1012 3662; x_wconf 91' lang='lat' dir='ltr'>bon.</span> <span class='ocrx_word' id='word_1_263' title='bbox 1028 3618 1127 3662; x_wconf 91' lang='lat' dir='ltr'>mem.</span> <span class='ocrx_word' id='word_1_264' title='bbox 1144 3598 1234 3663; x_wconf 91' lang='lat' dir='ltr'>dom.</span> <span class='ocrx_word' id='word_1_265' title='bbox 1251 3596 1472 3662; x_wconf 90' lang='lat' dir='ltr'>Benedictum</span> <span class='ocrx_word' id='word_1_266' title='bbox 1483 3614 1605 3681; x_wconf 91' lang='lat' dir='ltr'>papam</span> <span class='ocrx_word' id='word_1_267' title='bbox 1620 3590 1690 3656; x_wconf 89' lang='lat' dir='ltr'>XII</span> 
     </span>
     <span class='ocr_line' id='line_1_30' title="bbox 328 3698 1692 3788; baseline -0.001 -26"><span class='ocrx_word' id='word_1_268' title='bbox 328 3698 388 3763; x_wconf 92' lang='lat' dir='ltr'>sibi</span> <span class='ocrx_word' id='word_1_269' title='bbox 405 3699 576 3783; x_wconf 91' lang='lat' dir='ltr'>provisum</span> <span class='ocrx_word' id='word_1_270' title='bbox 592 3699 689 3765; x_wconf 82' lang='lat' dir='ltr'>tuerit</span> <span class='ocrx_word' id='word_1_271' title='bbox 704 3701 746 3766; x_wconf 92' lang='lat' dir='ltr'>de</span> <span class='ocrx_word' id='word_1_272' title='bbox 763 3722 835 3766; x_wconf 92' lang='lat' dir='ltr'>can.</span> <span class='ocrx_word' id='word_1_273' title='bbox 851 3723 928 3767; x_wconf 94' lang='lat' dir='ltr'>cum</span> <span class='ocrx_word' id='word_1_274' title='bbox 945 3704 1047 3788; x_wconf 76' lang='lat' dir='ltr'>preb,</span> <span class='ocrx_word' id='word_1_275' title='bbox 1064 3724 1164 3786; x_wconf 92' lang='lat' dir='ltr'>quam</span> <span class='ocrx_word' id='word_1_276' title='bbox 1179 3712 1292 3767; x_wconf 89' lang='lat' dir='ltr'>tamen</span> <span class='ocrx_word' id='word_1_277' title='bbox 1309 3721 1377 3765; x_wconf 93' lang='lat' dir='ltr'>non</span> <span class='ocrx_word' id='word_1_278' title='bbox 1387 3699 1449 3764; x_wconf 85' lang='lat' dir='ltr'>iuit</span> <span class='ocrx_word' id='word_1_279' title='bbox 1459 3705 1637 3763; x_wconf 88' lang='lat' dir='ltr'>assecutus.</span> <span class='ocrx_word' id='word_1_280' title='bbox 1648 3736 1692 3743; x_wconf 93' lang='lat'>—</span> 
     </span>
     <span class='ocr_line' id='line_1_31' title="bbox 330 3802 462 3867; baseline 0.008 -1"><span class='ocrx_word' id='word_1_281' title='bbox 330 3802 405 3867; x_wconf 90' lang='lat' dir='ltr'>Fiat</span> <span class='ocrx_word' id='word_1_282' title='bbox 422 3803 462 3867; x_wconf 94' lang='lat' dir='ltr'>R.</span> 
     </span>
    </p>
   </div>
   <div class='ocr_carea' id='block_1_8' title="bbox 371 3907 1037 3994">
    <p class='ocr_par' dir='ltr' id='par_1_9' title="bbox 371 3907 1037 3994">
     <span class='ocr_line' id='line_1_32' title="bbox 371 3907 1037 3994; baseline 0.005 -23"><span class='ocrx_word' id='word_1_283' title='bbox 371 3907 451 3973; x_wconf 88' lang='lat' dir='ltr'>Dat.</span> <span class='ocrx_word' id='word_1_284' title='bbox 466 3908 566 3974; x_wconf 83' lang='lat' dir='ltr'>Avin.</span> <span class='ocrx_word' id='word_1_285' title='bbox 584 3930 661 3973; x_wconf 90' lang='lat' dir='ltr'>non.</span> <span class='ocrx_word' id='word_1_286' title='bbox 677 3917 744 3974; x_wconf 94' lang='lat' dir='ltr'>oct.</span> <span class='ocrx_word' id='word_1_287' title='bbox 761 3918 794 3973; x_wconf 82' lang='lat' dir='ltr'>a⁰</span> <span class='ocrx_word' id='word_1_288' title='bbox 813 3916 852 3973; x_wconf 87' lang='lat'>1⁰.</span> <span class='ocrx_word' id='word_1_289' title='bbox 870 3907 914 3993; x_wconf 89' lang='lat' dir='ltr'>(I,</span> <span class='ocrx_word' id='word_1_290' title='bbox 933 3911 1037 3994; x_wconf 71' lang='lat'><strong>²48&#39;&#39;)·</strong></span> 
     </span>
    </p>
   </div>
   <div class='ocr_carea' id='block_1_9' title="bbox 331 4045 1692 4660">
    <p class='ocr_par' dir='ltr' id='par_1_10' title="bbox 379 4045 1647 4140">
     <span class='ocr_line' id='line_1_33' title="bbox 379 4045 1647 4140; baseline -0.009 -13"><span class='ocrx_word' id='word_1_291' title='bbox 379 4045 495 4127; x_wconf 77' lang='grc'>244.</span> <span class='ocrx_word' id='word_1_292' title='bbox 1366 4077 1460 4140; x_wconf 70' lang='lat'><em>1342,</em></span> <span class='ocrx_word' id='word_1_293' title='bbox 1475 4071 1494 4137; x_wconf 90' lang='lat'><em>7</em></span> <span class='ocrx_word' id='word_1_294' title='bbox 1509 4054 1647 4118; x_wconf 84' lang='lat' dir='ltr'>octobre.</span> 
     </span>
    </p>

    <p class='ocr_par' dir='ltr' id='par_1_11' title="bbox 331 4158 1692 4557">
     <span class='ocr_line' id='line_1_34' title="bbox 373 4158 1692 4250; baseline -0.005 -23"><span class='ocrx_word' id='word_1_295' title='bbox 373 4164 474 4250; x_wconf 88' lang='lat' dir='ltr'>Supp.</span> <span class='ocrx_word' id='word_1_296' title='bbox 500 4164 600 4229; x_wconf 83' lang='lat' dir='ltr'>frater</span> <span class='ocrx_word' id='word_1_297' title='bbox 614 4162 797 4242; x_wconf 74' lang='lat' dir='ltr'>lohannes,</span> <span class='ocrx_word' id='word_1_298' title='bbox 813 4165 916 4228; x_wconf 92' lang='lat' dir='ltr'>abbas</span> <span class='ocrx_word' id='word_1_299' title='bbox 934 4162 1137 4243; x_wconf 90' lang='lat' dir='ltr'>Clarevallis,</span> <span class='ocrx_word' id='word_1_300' title='bbox 1154 4171 1243 4246; x_wconf 90' lang='lat' dir='ltr'>quat.</span> <span class='ocrx_word' id='word_1_301' title='bbox 1260 4161 1448 4245; x_wconf 91' lang='lat' dir='ltr'>[Willermo</span> <span class='ocrx_word' id='word_1_302' title='bbox 1468 4158 1692 4243; x_wconf 89' lang='lat' dir='ltr'>Vipenbrouc,</span> 
     </span>
     <span class='ocr_line' id='line_1_35' title="bbox 331 4258 1692 4350; baseline -0.005 -20"><span class='ocrx_word' id='word_1_303' title='bbox 331 4267 424 4348; x_wconf 71' lang='lat' dir='ltr'>cler]</span> <span class='ocrx_word' id='word_1_304' title='bbox 452 4265 618 4332; x_wconf 90' lang='lat' dir='ltr'>Morinen.</span> <span class='ocrx_word' id='word_1_305' title='bbox 634 4266 732 4346; x_wconf 78' lang='lat' dir='ltr'>dioc,</span> <span class='ocrx_word' id='word_1_306' title='bbox 756 4265 882 4330; x_wconf 89' lang='lat' dir='ltr'>decan.</span> <span class='ocrx_word' id='word_1_307' title='bbox 895 4269 1032 4350; x_wconf 91' lang='lat' dir='ltr'>etpreb.</span> <span class='ocrx_word' id='word_1_308' title='bbox 1049 4267 1130 4331; x_wconf 88' lang='lat' dir='ltr'>eccl.</span> <span class='ocrx_word' id='word_1_309' title='bbox 1144 4266 1175 4329; x_wconf 88' lang='lat' dir='ltr'>S.</span> <span class='ocrx_word' id='word_1_310' title='bbox 1188 4264 1368 4329; x_wconf 89' lang='lat' dir='ltr'>Salvatoris</span> <span class='ocrx_word' id='word_1_311' title='bbox 1384 4258 1692 4339; x_wconf 76' lang='lat' dir='ltr'>HaerlebeccensiS,</span> 
     </span>
     <span class='ocr_line' id='line_1_36' title="bbox 331 4362 1691 4453; baseline -0.004 -22"><span class='ocrx_word' id='word_1_312' title='bbox 331 4368 517 4435; x_wconf 87' lang='lat' dir='ltr'>Tomacen.</span> <span class='ocrx_word' id='word_1_313' title='bbox 533 4371 630 4449; x_wconf 73' lang='lat' dir='ltr'>dioc,</span> <span class='ocrx_word' id='word_1_314' title='bbox 647 4372 733 4453; x_wconf 87' lang='lat' dir='ltr'>[vac.</span> <span class='ocrx_word' id='word_1_315' title='bbox 750 4370 804 4432; x_wconf 82' lang='lat' dir='ltr'>vel</span> <span class='ocrx_word' id='word_1_316' title='bbox 820 4370 953 4451; x_wconf 81' lang='lat' dir='ltr'>vacat.],</span> <span class='ocrx_word' id='word_1_317' title='bbox 970 4369 1151 4453; x_wconf 90' lang='lat' dir='ltr'>dignemini</span> <span class='ocrx_word' id='word_1_318' title='bbox 1167 4367 1352 4453; x_wconf 87' lang='lat' dir='ltr'>providere,</span> <span class='ocrx_word' id='word_1_319' title='bbox 1376 4374 1410 4430; x_wconf 91' lang='lat' dir='ltr'>et</span> <span class='ocrx_word' id='word_1_320' title='bbox 1427 4386 1502 4429; x_wconf 88' lang='lat' dir='ltr'>eam</span> <span class='ocrx_word' id='word_1_321' title='bbox 1517 4362 1691 4429; x_wconf 89' lang='lat' dir='ltr'>donationi</span> 
     </span>
     <span class='ocr_line' id='line_1_37' title="bbox 331 4471 940 4557; baseline 0 -21"><span class='ocrx_word' id='word_1_322' title='bbox 331 4472 418 4536; x_wconf 92' lang='lat' dir='ltr'>sedis</span> <span class='ocrx_word' id='word_1_323' title='bbox 432 4480 539 4557; x_wconf 91' lang='lat' dir='ltr'>apost.</span> <span class='ocrx_word' id='word_1_324' title='bbox 555 4492 733 4537; x_wconf 87' lang='lat' dir='ltr'>reservare.</span> <span class='ocrx_word' id='word_1_325' title='bbox 748 4513 792 4522; x_wconf 92' lang='lat'>—</span> <span class='ocrx_word' id='word_1_326' title='bbox 808 4472 883 4537; x_wconf 87' lang='lat' dir='ltr'>Fiat</span> <span class='ocrx_word' id='word_1_327' title='bbox 900 4471 940 4536; x_wconf 90' lang='lat' dir='ltr'>R.</span> 
     </span>
    </p>

    <p class='ocr_par' dir='ltr' id='par_1_12' title="bbox 376 4575 1020 4660">
     <span class='ocr_line' id='line_1_38' title="bbox 376 4575 1020 4660; baseline 0.002 -21"><span class='ocrx_word' id='word_1_328' title='bbox 376 4576 455 4640; x_wconf 90' lang='lat' dir='ltr'>Dat.</span> <span class='ocrx_word' id='word_1_329' title='bbox 470 4576 570 4640; x_wconf 88' lang='lat' dir='ltr'>Avin.</span> <span class='ocrx_word' id='word_1_330' title='bbox 585 4596 662 4640; x_wconf 89' lang='lat' dir='ltr'>non.</span> <span class='ocrx_word' id='word_1_331' title='bbox 679 4585 746 4640; x_wconf 90' lang='lat' dir='ltr'>oct.</span> <span class='ocrx_word' id='word_1_332' title='bbox 762 4584 794 4640; x_wconf 85' lang='lat' dir='ltr'>a⁰</span> <span class='ocrx_word' id='word_1_333' title='bbox 814 4586 852 4640; x_wconf 84' lang='lat'>1⁰.</span> <span class='ocrx_word' id='word_1_334' title='bbox 870 4575 913 4659; x_wconf 73' lang='grc' dir='ltr'>(Ι,</span> <span class='ocrx_word' id='word_1_335' title='bbox 932 4576 1020 4660; x_wconf 84' lang='lat'>250).</span> 
     </span>
    </p>
   </div>
   <div class='ocr_carea' id='block_1_10' title="bbox 377 4702 1694 4906">
    <p class='ocr_par' dir='ltr' id='par_1_13' title="bbox 377 4702 1694 4906">
     <span class='ocr_line' id='line_1_39' title="bbox 384 4702 1649 4797; baseline -0.005 -15"><span class='ocrx_word' id='word_1_336' title='bbox 384 4702 497 4784; x_wconf 78' lang='lat'>245.</span> <span class='ocrx_word' id='word_1_337' title='bbox 1364 4734 1458 4797; x_wconf 67' lang='lat'>1342,</span> <span class='ocrx_word' id='word_1_338' title='bbox 1477 4731 1495 4796; x_wconf 90' lang='lat'><em>7</em></span> <span class='ocrx_word' id='word_1_339' title='bbox 1511 4713 1649 4777; x_wconf 82' lang='lat' dir='ltr'>octobre.</span> 
     </span>
     <span class='ocr_line' id='line_1_40' title="bbox 377 4814 1694 4906; baseline -0.002 -22"><span class='ocrx_word' id='word_1_340' title='bbox 377 4821 478 4906; x_wconf 90' lang='lat' dir='ltr'>Supp.</span> <span class='ocrx_word' id='word_1_341' title='bbox 501 4822 603 4884; x_wconf 90' lang='lat' dir='ltr'>abbas</span> <span class='ocrx_word' id='word_1_342' title='bbox 618 4826 758 4884; x_wconf 89' lang='lat' dir='ltr'>monast.</span> <span class='ocrx_word' id='word_1_343' title='bbox 774 4820 984 4899; x_wconf 85' lang='lat' dir='ltr'>Altecumbe,</span> <span class='ocrx_word' id='word_1_344' title='bbox 1006 4819 1201 4885; x_wconf 87' lang='lat' dir='ltr'>Gebennen.</span> <span class='ocrx_word' id='word_1_345' title='bbox 1217 4820 1314 4899; x_wconf 74' lang='lat' dir='ltr'>dioc,</span> <span class='ocrx_word' id='word_1_346' title='bbox 1331 4826 1420 4903; x_wconf 90' lang='lat' dir='ltr'>quat.</span> <span class='ocrx_word' id='word_1_347' title='bbox 1438 4816 1563 4901; x_wconf 88' lang='lat' dir='ltr'>[Bricio</span> <span class='ocrx_word' id='word_1_348' title='bbox 1579 4814 1694 4899; x_wconf 90' lang='lat' dir='ltr'>Lelbe,</span> 
     </span>
    </p>
   </div>
   <div class='ocr_carea' id='block_1_11' title="bbox 368 4989 720 5049">
    <p class='ocr_par' dir='ltr' id='par_1_14' title="bbox 368 4989 720 5049">
     <span class='ocr_line' id='line_1_41' title="bbox 368 4989 720 5049; baseline -0.009 -10"><span class='ocrx_word' id='word_1_349' title='bbox 368 4994 389 5041; x_wconf 89' lang='lat' dir='ltr'>l.</span> <span class='ocrx_word' id='word_1_350' title='bbox 402 4992 528 5043; x_wconf 82' lang='lat' dir='ltr'>Molinior.</span> <span class='ocrx_word' id='word_1_351' title='bbox 545 4989 652 5049; x_wconf 78' lang='lat' dir='ltr'>ootr.,1,</span> <span class='ocrx_word' id='word_1_352' title='bbox 666 4992 720 5037; x_wconf 73' lang='lat'>494.</span> 
     </span>
    </p>
   </div>
   <div class='ocr_carea' id='block_1_12' title="bbox 0 0 1843 5675">
    <p class='ocr_par' dir='ltr' id='par_1_15' title="bbox 0 0 1843 5675">
     <span class='ocr_line' id='line_1_42' title="bbox 0 0 1843 5675; baseline 0 0"><span class='ocrx_word' id='word_1_353' title='bbox 0 0 1843 5675; x_wconf 95' lang='lat' dir='ltr'> </span> 
     </span>
    </p>
   </div>
   <div class='ocr_carea' id='block_1_13' title="bbox 1820 171 1828 1464">
    <p class='ocr_par' dir='ltr' id='par_1_16' title="bbox 1820 171 1828 1464">
     <span class='ocr_line' id='line_1_43' title="bbox 1820 171 1828 1464; baseline 0 0"><span class='ocrx_word' id='word_1_354' title='bbox 1820 171 1828 1464; x_wconf 95' lang='lat' dir='ltr'> </span> 
     </span>
    </p>
   </div>
   <div class='ocr_carea' id='block_1_14' title="bbox 1820 171 1828 1464">
    <p class='ocr_par' dir='ltr' id='par_1_17' title="bbox 1820 171 1828 1464">
     <span class='ocr_line' id='line_1_44' title="bbox 1820 171 1828 1464; baseline 0 0"><span class='ocrx_word' id='word_1_355' title='bbox 1820 171 1828 1464; x_wconf 95' lang='lat' dir='ltr'> </span> 
     </span>
    </p>
   </div>
   <div class='ocr_carea' id='block_1_15' title="bbox 1820 171 1828 1464">
    <p class='ocr_par' dir='ltr' id='par_1_18' title="bbox 1820 171 1828 1464">
     <span class='ocr_line' id='line_1_45' title="bbox 1820 171 1828 1464; baseline 0 0"><span class='ocrx_word' id='word_1_356' title='bbox 1820 171 1828 1464; x_wconf 95' lang='lat' dir='ltr'> </span> 
     </span>
    </p>
   </div>
  </div>
 </body>
</html>
