3650 5675
276 500 338 572 ‚152
800 497 887 570 1344,
911 495 985 561 5-14
1006 494 1123 561 feriar.

282 652 420 738 perinde
445 652 588 717 valuisse
615 660 651 718 et
676 652 799 729 valere,
815 669 856 715 ae
872 648 899 713 si
913 647 996 714 dieti
1012 648 1168 715 canonici
1190 669 1289 735 supra
1313 648 1443 715 dictum
1468 673 1644 721 numerum

283 757 382 842 positi
409 777 478 821 non
503 756 666 835 fuissent5
691 764 727 823 et
752 772 820 821 non
851 757 939 821 obst.
969 752 1063 819 dicto
1091 774 1233 819 nrunero
1261 755 1510 839 canonicorum,
1540 760 1645 825 etiam

282 860 308 924 si
336 859 444 924 adhuc
469 880 537 923 non
565 866 652 925 esset
677 859 864 925 deventum
889 856 935 922 ad
958 856 1068 941 ipsum
1090 878 1277 938 numerum,
1300 860 1385 924 alias
1407 861 1481 946 ipso
1503 883 1646 930 numero

282 962 314 1026 in
331 983 391 1027 suo
407 964 525 1027 robore
541 964 701 1029 duraturo
716 985 725 1042 ;
742 970 776 1027 et
794 962 866 1027 aliis
880 960 1035 1027 omnibus
1045 961 1255 1047 supradictb,
1268 983 1309 1028 ac
1321 964 1380 1028 lite
1392 985 1458 1048 que
1468 986 1567 1052 super
1577 967 1645 1034 hoc

281 1068 421 1132 vertitur
439 1068 525 1132 inter
548 1077 671 1153 partes,
689 1067 721 1132 in
739 1088 805 1151 qua
821 1066 865 1131 ad
881 1065 984 1130 libelli
999 1065 1184 1146 dationem,
1202 1088 1242 1132 ac
1255 1068 1436 1152 juramenti
1453 1070 1643 1157 calumpnie

282 1172 532 1256 prestationem,
549 1181 584 1237 et
600 1172 815 1238 articulorum
842 1169 1096 1251 exhibitionem,
1120 1178 1156 1234 et
1183 1170 1226 1235 ad
1252 1173 1430 1237 nonnullos
1450 1174 1532 1239 alios
1548 1183 1645 1241 aetus

281 1285 332 1342 est
348 1297 551 1362 processum.
567 1318 610 1326 -
627 1274 703 1343 Fiat
719 1274 760 1343 R.

327 1380 407 1444 Dat.
422 1381 523 1445 Avin.
539 1402 619 1446 non.
637 1380 716 1445 lebr.
733 1386 766 1444 a⁶
783 1386 826 1444 2⁰.
843 1378 894 1461 (4,
916 1380 1003 1461 177).

333 1516 1417 1612 659·15,r,t,
1429 1548 1451 1609 5
1458 1530 1600 1617 sdvrier.

325 1635 426 1721 Supp.
453 1634 610 1717 Jacobm,
627 1635 727 1721 episc.
749 1632 895 1699 Brixien.
913 1642 931 1711 ¹,
947 1639 1040 1715 quat.
1059 1630 1217 1717 [Jacobo
1233 1632 1405 1715 quondam
1423 1632 1584 1719 Hugolini
1599 1636 1643 1701 de

280 1738 380 1818 Attis,
397 1739 512 1825 nepoti
522 1738 608 1825 suo]
620 1740 663 1805 de
679 1737 996 1823 archipresbiteratu
1007 1735 1185 1821 collegiate
1197 1736 1304 1821 plebis
1319 1738 1477 1803 secularis
1492 1739 1524 1804 S.
1538 1738 1587 1805 M.
1599 1740 1643 1806 de

280 1842 506 1925 QuarantuliS,
524 1843 719 1929 Regimen.)
743 1842 841 1923 dioc,
864 1860 981 1906 curam
1001 1840 1191 1906 animarum
1213 1841 1372 1922 habente,
1388 1842 1431 1907 ad
1453 1863 1552 1927 quem
1569 1844 1641 1928 quis

279 1948 456 2013 consuevit
471 1948 631 2033 perviam
646 1945 824 2011 electionis
842 1944 976 2023 assumi,
997 1943 1056 2027 qui
1075 1943 1218 2009 durante
1234 1946 1458 2011 reservatione
1481 1948 1641 2029 biennali,

277 2070 338 2137 per
357 2052 411 2117 fel.
431 2072 496 2117 rec.
512 2052 603 2117 dom.
618 2050 811 2129 lohannem
825 2068 952 2135 papam
972 2045 1087 2127 XXIl,
1101 2047 1147 2114 de
1169 2049 1324 2114 omnibus
1348 2050 1642 2135 archipresbitera-

277 2155 366 2221 tibus
381 2177 421 2221 ac
432 2155 665 2241 personatibus
675 2162 711 2220 et
722 2154 813 2237 dign.
826 2153 862 2218 in
875 2152 1028 2237 partibus
1044 2152 1108 2217 illis
1122 2152 1221 2233 iacta,
1236 2174 1296 2238 per
1310 2163 1456 2219 mortem
1470 2155 1639 2238 quondam

275 2258 366 2325 dom.
394 2259 558 2326 Bonilacii
582 2260 625 2326 de
653 2258 768 2343 Regio,
795 2256 905 2321 ultimi
927 2254 1197 2340 archipresbiteri
1214 2255 1305 2321 dicte
1319 2258 1436 2343 plebis,
1456 2259 1592 2325 vaeavit
1605 2268 1641 2325 et

277 2364 387 2430 adhuc
413 2374 526 2446 vacat,
550 2363 733 2449 dignemini
760 2360 963 2447 providere;
988 2380 1058 2425 non
1087 2362 1175 2425 obet.
1197 2359 1288 2443 quod
1313 2361 1402 2426 idem
1427 2360 1576 2438 Jacobus
1605 2363 1639 2427 in

278 2464 434 2549 Brixien.,
451 2490 492 2534 ac
508 2468 539 2533 S.
556 2468 649 2533 Pauli
663 2464 851 2544 Leodien.²,
861 2472 896 2529 et
906 2464 938 2529 S.
950 2462 1123 2529 Gertrudis
1137 2462 1340 2529 Nirellensis
1348 2475 1369 2545 ³,
1382 2486 1423 2531 ac
1433 2466 1465 2531 S.
1475 2464 1494 2544 J
1497 2468 1642 2533 ohannis

276 2572 318 2638 de
330 2574 513 2655 Pontirolo,
525 2572 686 2639 Leodien.
698 2580 733 2637 et
747 2568 976 2635 Mediolanen.
985 2568 1243 2648 dionecclesiis,
1253 2590 1329 2635 can.
1341 2578 1376 2635 et
1387 2573 1480 2655 preb.
1492 2571 1642 2637 noscitur

279 2678 442 2743 obtinere.
459 2718 502 2727 —
518 2677 595 2743 Fiat
613 2676 652 2742 R.

321 2780 398 2848 Dat.
415 2782 513 2848 Avin.
530 2766 616 2886 non.i
626 2780 707 2847 febr.
724 2788 758 2846 a⁰
775 2787 818 2846 2⁰.
834 2780 885 2863 (4,
907 2779 992 2862 188).

328 2920 448 3003 660.
1008 3000 1014 3009 ,
1314 2951 1408 3014 1544,
1425 2932 1595 3017 dfiiirier.

320 3037 422 3122 Supp.
438 3036 624 3116 lohannes,
636 3043 736 3102 nates
747 3035 894 3101 cordam
908 3035 1058 3100 Conradi
1072 3035 1117 3101 de
1133 3035 1251 3113 Ponte,
1268 3035 1345 3099 cler.
1362 3034 1521 3099 leodien.
1536 3034 1634 3113 dioc,

276 3140 404 3203 nullum
429 3142 507 3204 ben.
533 3139 616 3205 eccl.
641 3147 822 3218 assecutus,
838 3138 969 3204 habens
983 3159 1087 3204 unam
1102 3159 1163 3224 per
1177 3137 1291 3202 omnia
1306 3136 1340 3200 in
1356 3136 1471 3220 gratiis
1486 3157 1637 3202 commu·

276 3243 374 3308 nibus
386 3252 421 3308 et
432 3244 584 3309 inutilem
596 3239 748 3309 totaliter
756 3242 986 3322 collationem,
998 3251 1091 3326 quat.
1101 3241 1162 3308 sibi
1172 3242 1215 3307 de
1224 3241 1377 3327 parroch.
1388 3241 1470 3306 eccl.
1478 3241 1522 3306 de
1534 3239 1638 3321 Fehe,

275 3345 367 3411 dicte
392 3345 551 3412 Leodien.
575 3346 674 3428 dioc,
699 3365 773 3412 vac.
799 3346 831 3412 in
855 3347 959 3425 curia,
975 3365 1038 3432 pro
1056 3367 1102 3412 eo
1121 3345 1211 3430 qood
1226 3344 1401 3422 Johannes
1415 3344 1459 3410 de
1474 3344 1603 3411 Banow
1618 3355 1639 3425 ⁴,

276 3450 413 3516 ultimus
424 3438 534 3516 rector
555 3451 714 3535 ejusdem,
729 3458 781 3516 est
797 3458 971 3518 assecutus
983 3450 1126 3535 pacilioe
1138 3470 1215 3516 can.
1230 3457 1266 3514 et
1281 3452 1374 3536 preb.
1389 3449 1421 3516 S.
1441 3448 1589 3516 Materni
1605 3450 1639 3514 in

277 3555 359 3619 eccl.
376 3553 547 3636 Leodien.,
563 3553 746 3640 dignemini
760 3554 948 3640 providere.
962 3591 1006 3604 -
1023 3551 1101 3620 Fiat
1117 3553 1160 3619 R.

321 3657 400 3724 Dat.
416 3658 515 3724 Avin.
532 3659 550 3723 8
568 3657 611 3723 id.
628 3657 708 3724 iebr.
722 3665 758 3723 a⁰
774 3666 816 3726 2⁰.
831 3661 886 3742 (4,
906 3659 994 3741 189).

328 3792 438 3879 661.
1293 3829 1386 3893 1344,
1404 3829 1445 3874 12
1452 3809 1593 3896 fdvrr'en

320 3913 421 4000 Supp.
435 3913 567 3994 Paulus,
589 3931 713 3994 eomeS,
727 3911 941 3978 ambariator
962 3907 1136 3990 Lndovici,
1151 3910 1237 3995 regis
1254 3910 1415 3996 Ungarie,
1431 3919 1523 3996 quat.
1542 3909 1638 3998 [nob.

276 4017 348 4082 viro
363 4015 535 4083 Waltbero
550 4017 592 4083 de
609 4015 759 4104 Lynepe,
782 4013 853 4102 lie]
871 4016 905 4080 in
925 4024 998 4096 art,
1014 4011 1190 4080 Colonien.
1213 4014 1311 4096 dioc,
1332 4015 1375 4080 de
1399 4015 1488 4100 dign.
1505 4015 1539 4079 in
1555 4015 1638 4080 eccl.

275 4121 494 4206 Argentinen.
506 4119 688 4206 dignemini
700 4117 896 4205 providere;
911 4139 981 4184 non
998 4121 1084 4184 obst.
1098 4118 1188 4203 qnod
1200 4118 1310 4183 eidem
1320 4117 1496 4185 Walthero
1507 4117 1551 4184 de
1562 4139 1637 4184 can.

274 4234 310 4291 et
337 4230 428 4313 preb.
455 4225 603 4312 ejusdem
628 4227 710 4290 eccl.
741 4231 791 4290 est
818 4225 989 4310 provisum
1018 4232 1054 4290 et
1083 4223 1174 4309 qnod
1200 4245 1275 4290 can.
1302 4232 1338 4289 et
1367 4227 1458 4309 preb.
1490 4223 1523 4288 in
1554 4223 1638 4289 eccl.

273 4327 494 4411 Curtercensi,
511 4327 671 4395 Leodien.
687 4328 784 4409 dioc,
801 4327 950 4394 noscitur
964 4327 1127 4394 obtinere.
1137 4367 1181 4378 -
1197 4327 1275 4393 Fiat
1291 4326 1333 4394 R.

318 4433 398 4499 Dat.
414 4435 514 4499 Avin.
532 4454 549 4498 2
566 4431 610 4498 id.
627 4433 707 4499 febr.
723 4439 757 4498 at
773 4437 815 4499 2⁰.
833 4434 885 4520 (4,
904 4433 1090 4518 209·²09')·

326 4569 440 4654 662.
1294 4603 1389 4668 1344,
1402 4603 1441 4666 14
1450 4584 1594 4670 saniir.

267 4691 270 4701 '
316 4689 419 4775 Supp.
446 4697 596 4756 oratores
620 4687 732 4772 vestrl,
757 4683 875 4758 Petrus
898 4687 1065 4768 iohannis
1090 4687 1133 4756 de
1161 4685 1344 4771 Florentia,
1365 4690 1476 4770 legum
1506 4686 1637 4770 doctor,

264 4907 267 4914 .
302 4863 327 4920 1.
339 4861 450 4922 Jaoqnee
467 4863 532 4934 Atti,
545 4869 571 4920 4
588 4865 616 4912 31
636 4867 688 4913 oct.
706 4863 768 4912 lali
787 4863 892 4926 (babel,
904 4863 927 4926 1,
940 4863 1008 4926 152).
1020 4891 1051 4900 -
1062 4866 1087 4915 2.
1107 4861 1191 4922 l'idal,
1203 4877 1230 4912 n.
1242 4865 1298 4913 885.
1311 4890 1342 4898 —
1352 4865 1375 4910 3.
1388 4861 1487 4922 Mollat,
1500 4877 1525 4910 n.
1537 4863 1592 4910 aad
1603 4887 1637 4897 —-

272 4941 296 4984 t.
308 4935 408 4996 liimcb,
422 4935 497 4996 Ji'oll,
511 4939 558 4985 267
571 4954 577 4993 ;
590 4939 720 4996 llormnna,
734 4938 778 4998 ll',
792 4940 847 4988 32⁸.
