3650 5675
289 480 342 549 114
840 479 928 562 1348,
952 481 993 546 29
1015 485 1096 548 aotlt.

291 644 426 722 poterat
442 644 522 702 ante
537 634 797 720 resignationem
812 632 1001 719 hujusmodi
1018 632 1051 698 in
1067 653 1141 699 can.
1158 641 1192 698 et
1215 632 1308 719 preb.
1334 633 1502 719 predictis,
1527 655 1586 701 seu
1608 631 1650 702 ad

291 739 375 820 illos,
390 760 431 806 ac
447 741 480 804 in
497 759 596 806 causa
611 747 647 804 et
661 738 721 804 lite
741 738 888 825 prefatis,
912 746 1002 804 auct.
1026 747 1132 825 apost.
1156 757 1336 822 surrogare,
1360 737 1489 822 sibique
1512 739 1555 805 de
1578 739 1651 825 jure

292 843 481 927 hujusmodi
496 842 693 928 providere3
710 842 930 908 decernentes
944 841 1053 927 ipsum
1077 841 1290 927 Raynaldum
1317 841 1360 906 ad
1386 863 1522 908 causam
1544 843 1650 928 ipsam

292 948 429 1031 ejusque
453 947 724 1033 prosecutionem
740 947 774 1012 in
799 967 842 1011 eo
864 953 955 1010 statu
981 944 1228 1012 admittendum
1250 945 1328 1025 fore,
1353 944 1388 1010 in
1415 965 1482 1030 quo
1507 953 1542 1011 et
1566 947 1650 1012 sicut

292 1050 525 1116 admitteretur
540 1051 630 1116 idem
647 1051 763 1132 Ursus,
779 1051 805 1116 si
821 1051 930 1117 dictos
942 1071 1017 1116 can.
1033 1059 1069 1116 et
1079 1053 1172 1136 preb.
1192 1057 1254 1116 ac²
1266 1051 1319 1134 jus
1331 1049 1391 1116 sibi
1405 1058 1602 1136 competens
1616 1052 1650 1116 in

290 1153 416 1219 eisdem
437 1155 577 1219 minime
602 1156 812 1240 resignasset,
838 1153 1056 1220 Bonisaciana
1084 1164 1119 1220 et
1148 1155 1298 1238 qualibet
1322 1154 1387 1218 alia
1410 1155 1650 1220 constitutione

290 1257 466 1338 contraria,
481 1265 539 1323 aut
554 1257 621 1323 litis
636 1257 863 1343 dependentia
877 1277 946 1322 non
970 1259 1055 1322 obst.
1072 1279 1079 1337 ;
1108 1277 1166 1322 seu
1189 1256 1281 1340 quod
1304 1258 1376 1343 ipse
1403 1257 1596 1342 Raynaldus
1616 1259 1650 1323 in

291 1360 451 1426 Leodien.
479 1361 792 1428 archidiaconatum
817 1361 859 1427 de
883 1360 1068 1446 Campinia,
1093 1369 1128 1426 et
1148 1361 1182 1426 in
1210 1362 1328 1428 eadem
1364 1383 1405 1428 ac
1438 1362 1585 1428 Paduan.
1616 1371 1651 1428 et

207 1461 211 1468 '
289 1464 443 1531 Toletan.
459 1466 608 1532 ecclesiis
623 1487 696 1532 can.
712 1474 747 1531 et
762 1469 854 1553 preb.
870 1466 1019 1531 noscitur
1034 1465 1196 1531 obtinere.
1212 1507 1256 1515 —
1272 1465 1348 1532 Fiat
1365 1465 1404 1530 R.

333 1610 420 1672 504.
437 1599 525 1668 Item
542 1624 636 1690 supp.
654 1612 745 1688 quat.
773 1601 915 1668 Matheo
940 1601 1106 1687 Raynaldi
1134 1601 1263 1668 Caluilli
1290 1604 1332 1670 de
1359 1603 1549 1685 Vicovan'o,
1574 1606 1651 1671 cler.

290 1705 453 1772 Tiburtin.
472 1708 569 1789 dioc,
596 1707 638 1773 de
665 1709 878 1794 prepositura·
901 1707 984 1772 eccl.
1010 1707 1041 1772 S.
1070 1705 1119 1771 Μ.
1145 1707 1187 1772 de
1215 1707 1319 1789 Valle,
1347 1707 1526 1774 Marsican.
1553 1708 1650 1791 dioc,

290 1809 387 1876 simili
403 1812 506 1877 modo
531 1833 615 1892 vac,
632 1832 734 1895 quam
750 1820 785 1876 et
801 1811 866 1876 alia
882 1814 958 1876 ben.
974 1810 1057 1876 dicti
1074 1810 1162 1892 Ursi,
1173 1812 1215 1878 ad
1227 1812 1330 1898 ipsius
1346 1811 1514 1898 Raynaldi
1524 1814 1650 1878 instan-

289 1915 383 1996 tiam,
396 1917 467 2000 jam
483 1924 535 1981 est
550 1916 616 1997 diu,
632 1915 840 2001 dispositioni
863 1923 974 2001 apost.
998 1915 1188 2000 specialiter
1212 1917 1413 1996 reservastis
1441 1915 1544 1981 etiam
1571 1917 1597 1982 si
1620 1917 1650 1981 ei

290 2040 368 2085 cura
383 2019 560 2085 immineat
574 2019 771 2100 animarum,
787 2018 971 2103 dignemini
988 2018 1174 2105 providere.
1191 2061 1234 2070 -
1251 2019 1327 2086 Fiat
1344 2021 1384 2085 R.

334 2123 411 2188 Dat
429 2144 482 2210 ap.
499 2122 749 2189 Villamnovam
765 2146 785 2207 4
801 2122 867 2187 kal.
890 2131 975 2208 sept.
993 2129 1027 2186 a⁰
1045 2129 1086 2187 2⁰.
1103 2125 1151 2205 (5,
1174 2125 1247 2208 182)
1265 2135 1283 2190 ¹.

342 2261 580 2346 505-508.
701 2246 707 2254 ’
1350 2294 1445 2358 1343,
1462 2293 1503 2358 29
1520 2276 1606 2338 aon.

335 2382 436 2468 Supp.
454 2380 556 2466 Hugo
571 2380 614 2446 de
631 2377 800 2465 Maupilis,
825 2378 1041 2443 cancellarius
1066 2379 1148 2444 eccl.
1172 2377 1369 2459 Tornacen.,
1385 2388 1396 2412 ²
1411 2381 1530 2464 presb,
1546 2397 1651 2462 nepos

290 2484 381 2550 dom.
396 2485 575 2569 Alndree),
590 2485 644 2550 tit.
661 2482 692 2547 S.
709 2483 859 2546 Susanne
882 2484 991 2567 presb.
1016 2481 1116 2562 card,
1134 2489 1225 2566 quat.
1242 2481 1303 2547 sibi
1319 2481 1361 2546 de
1384 2481 1651 2567 archipresbyte-

290 2595 365 2653 ratu
381 2589 463 2653 eccl.
479 2588 510 2652 S.
528 2586 697 2653 Laurentii
713 2587 746 2651 in
764 2587 906 2668 Collina,
924 2585 1111 2652 Bononien.
1127 2585 1224 2666 dioc,
1240 2606 1315 2652 vac.
1330 2607 1391 2673 per
1400 2590 1453 2652 ob.
1466 2585 1548 2652 dicti
1564 2585 1651 2650 card.

291 2712 348 2756 seu
364 2692 457 2772 alias,
474 2691 567 2777 cujus
580 2691 738 2772 redditus,
756 2712 821 2757 sec.
837 2698 905 2756 tax.
922 2691 1063 2772 decime,
1076 2710 1113 2775 35
1132 2689 1407 2756 damnatorem
1424 2710 1571 2756 annuum
1582 2709 1650 2754 non

290 2797 467 2878 excedunt,
483 2795 666 2881 dignemini
681 2796 877 2883 providere3
894 2817 964 2861 non
981 2798 1066 2862 obst.
1083 2795 1174 2879 quod
1189 2815 1262 2861 can.
1278 2802 1313 2861 et
1335 2797 1425 2882 preb.
1441 2815 1480 2861 ac
1501 2791 1556 2859 off.
1573 2811 1650 2859 can·

291 2902 424 2965 cellarie
440 2901 474 2963 in
490 2898 678 2966 Tornacen.
693 2910 729 2967 et
744 2902 778 2966 in
794 2903 825 2966 S.
843 2901 956 2967 Fursei
976 2884 1180 2981 Peronensis,
1193 2899 1395 2966 Noviomen.
1408 2899 1505 2980 dioc,
1518 2919 1649 2964 necnon

291 3022 366 3067 can.
377 3006 435 3068 sub
452 3024 528 3089 exp.
544 3006 635 3088 preb.
653 3005 685 3068 in
696 3005 898 3069 Ambianen.
915 3006 997 3070 ecel.
1014 3006 1162 3071 noscitur
1177 3005 1337 3071 obtinere.
1350 3045 1392 3053 -
1405 3003 1578 3070 Provisum
1588 3013 1649 3083 est,

291 3106 349 3171 sed
365 3108 423 3172 fiat
432 3108 475 3173 de
490 3109 673 3194 plebanatu
683 3108 726 3173 de
741 3108 911 3189 Thorano,
928 3107 1161 3175 Vulterranen.
1174 3109 1270 3189 dioc,
1281 3107 1559 3191 quandocumque
1575 3126 1648 3170 vac.

291 3212 362 3275 sive
376 3232 436 3298 per
451 3220 595 3277 mortem
607 3210 697 3278 card.
714 3221 773 3277 aut
789 3212 880 3277 alias.
899 3212 939 3278 R.

335 3355 418 3417 506.
435 3347 522 3413 Item
546 3369 640 3434 supp.
668 3356 760 3431 quat.
788 3326 957 3434 cumipse
982 3348 1131 3434 ejusdem
1158 3349 1247 3415 card.
1275 3347 1440 3433 obsequiis
1467 3346 1651 3412 insistendo

291 3451 426 3533 fructus,
442 3452 590 3517 redditus
605 3459 640 3516 et
661 3462 845 3537 proventus
867 3454 1108 3519 beneficiorum
1133 3474 1266 3519 suorum
1293 3456 1374 3519 eccl.
1400 3474 1428 3517 c.
1445 3472 1474 3517 c.
1489 3453 1544 3515 vel
1569 3472 1594 3515 s.
1611 3471 1649 3529 c.,

293 3578 358 3641 que
374 3556 515 3636 obtinet,
532 3556 636 3620 etiam
652 3556 686 3620 in
703 3556 828 3621 eisdem
844 3558 1017 3622 beneficiis
1032 3578 1100 3623 non
1116 3558 1293 3623 residendo
1309 3576 1369 3643 pro
1385 3564 1537 3641 tempore
1545 3554 1649 3640 perci-

293 3682 373 3748 pere
382 3668 505 3747 posset,
515 3659 640 3725 virtute
655 3660 818 3745 privilegii
830 3661 983 3747 predicto
999 3661 1160 3727 cardinali
1171 3662 1333 3742 indulti,...
1350 3669 1516 3745 quatenus
1531 3658 1647 3737 eidem,

293 3767 349 3850 qui
365 3766 453 3831 circa
470 3764 704 3831 executionem
721 3771 755 3828 et
772 3764 1019 3830 ordinationem
1033 3768 1198 3831 bonorum
1225 3765 1343 3851 prefati
1372 3763 1548 3830 cardinalis
1570 3782 1648 3827 con-

292 3870 385 3935 tinue
401 3869 576 3950 laborarit,
591 3867 773 3952 dignemini
789 3868 959 3952 indulgere
975 3869 1102 3952 quoda
1125 3870 1179 3935 die
1202 3868 1321 3955 prefati
1347 3869 1458 3933 obitus
1481 3888 1584 3952 usque
1607 3864 1649 3930 ad

293 3975 517 4061 septemnium
533 3974 719 4039 litterarum
734 3973 845 4039 studio
860 3973 1044 4040 insistendo
1060 3974 1215 4057 generali,
1233 3982 1292 4039 aut
1307 3972 1340 4037 in
1351 3972 1457 4037 altero
1471 3969 1649 4036 beneficio-

293 4099 366 4143 rum
382 4100 516 4144 suorum
532 4078 614 4142 eccl.
630 4077 848 4142 residendo...
864 4078 1036 4164 percipere
1053 4080 1176 4144 valeat.
1194 4066 1236 4128 -έ
1253 4076 1328 4141 Fiat
1344 4075 1388 4140 ad
1402 4074 1581 4141 triennium
1595 4071 1634 4137 R.

340 4224 422 4285 507.
439 4216 527 4282 Item
544 4236 639 4301 supp.
656 4223 747 4299 quat.
764 4236 840 4281 cum
856 4215 968 4281 dom...
979 4217 1079 4303 episc.
1089 4214 1288 4296 Tornacen.,
1301 4210 1649 4296 considerationepre·

325 4422 354 4485 n)
370 4392 428 4470 (lul.
438 4420 479 4470 ad

294 4553 551 4565 ———-

328 4640 349 4686 l.
361 4639 384 4685 A
395 4637 420 4685 la
431 4637 490 4685 doto
502 4638 537 4683 du
549 4640 580 4683 20
591 4637 654 4683 nucu
669 4638 736 4692 1343,
749 4636 862 4698 sititque
873 4639 905 4685 dc
918 4637 1025 4689 lliodbnc
1042 4640 1155 4703 reppello
1167 4640 1192 4687 la
1203 4640 1330 4701 provisiou
1343 4637 1406 4685 inite
1418 4638 1432 4685 d
1446 4636 1557 4683 Imm-ent
1571 4632 1648 4680 Frau-

293 4711 412 4769 ccschini,
425 4712 491 4758 clem
502 4711 534 4757 de
547 4710 674 4768 Flumineo,
687 4711 749 4757 ‹l'un
765 4727 821 4759 marr.
833 4719 859 4760 ct.
878 4712 955 4761 rl'uue
975 4714 1043 4775 preb.
1056 4714 1182 4771 ‹I'A‘rcanq
1206 4718 1311 4761 varnurts
1330 4726 1376 4773 pur
1394 4711 1419 4758 ln
1437 4716 1502 4757 mort
1524 4708 1559 4753 du
1581 4707 1648 4754 enni.

292 4784 379 4833 Andr-t·
399 4785 431 4832 do
452 4786 618 4842 ‚ss-simule,
640 4792 667 4831 ct-
687 4799 737 4832 unc
754 4793 828 4833 autre
840 4787 902 4834 luite
920 4790 935 4834 ir
955 4788 1065 4835 'l'bonms
1079 4788 1196 4849 Philippo
1219 4788 1320 4838 Villnni,
1333 4786 1399 4832 (dere
1416 4784 1447 4831 dc
1467 4783 1594 4835 Florem-c,
1614 4780 1648 4828 du

291 4872 346 4907 cnn.
359 4863 385 4907 et
396 4858 427 4904 de
438 4858 464 4905 ln
476 4858 546 4919 preb.
557 4858 589 4916 de
601 4857 738 4916 Pleissnce
753 4866 858 4907 vaeants
868 4876 916 4924 par
927 4861 951 4909 la
963 4867 1030 4909 mort
1039 4862 1074 4909 ‹lu
1084 4862 1166 4910 meme
1178 4860 1293 4909 cardinal
1305 4857 1416 4922 (Suppli,
1430 4864 1448 4905 t.
1461 4861 1483 4916 ε’),
1498 4857 1515 4905 s.
1530 4854 1649 4913 183').

291 4936 315 4979 2.
330 4932 390 4978 l'oir
402 4947 426 4979 n.
438 4933 494 4981 427.
