3650 5675
730 483 819 560 1346,
841 484 879 547 1er
899 487 979 549 aoht.
1475 490 1542 554 265·

219 641 319 701 1031.
342 629 430 698 Item
446 631 596 711 Johanni
613 633 655 699 de
672 633 786 699 Rathe
802 645 821 716 ¹,
837 655 926 720 mag.
944 636 976 699 in
994 643 1055 701 art.
1072 645 1107 700 et
1122 639 1195 702 bac.
1211 647 1289 704 actu
1305 639 1358 705 lic.
1375 641 1408 704 in
1421 641 1536 720 theol,

169 737 212 803 de
228 757 301 802 can.
316 743 352 802 et
366 739 459 822 preb.
481 757 522 802 ac
537 737 627 821 dign.
650 739 706 802 vel
718 759 803 822 pers.
819 758 878 803 seu
901 737 969 818 off,
987 760 1015 804 c.
1032 759 1061 803 c.
1078 741 1132 804 vel
1143 727 1171 804 s.
1189 761 1229 821 c.,
1240 732 1322 807 eccl.
1348 741 1531 827 Glasguen-

170 842 225 920 sis,
244 840 334 927 [vac.
349 842 405 905 vel
419 839 562 926 vacat.],
579 841 769 925 dignemini¹
790 841 967 926 providere
981 865 988 920 ;
1018 862 1086 906 non
1103 845 1189 908 obst.
1206 845 1296 928 quod
1312 845 1346 909 in
1374 847 1536 930 Alberdo7

172 967 248 1010 nen.
261 953 379 1011 canet
390 948 484 1031 preb.
495 966 535 1011 ac
547 945 865 1024 archidiaconatum,
877 954 912 1009 et
923 946 956 1008 in
969 945 1000 1010 S.
1013 945 1196 1011 Donatiani
1207 946 1395 1032 Brugensis‚
1409 949 1535 1015 Torna-

173 1069 246 1114 cen.
261 1049 359 1129 dioc.,
375 1049 525 1114 ecclesiis
540 1069 615 1114 can.
632 1050 692 1114 sub
708 1069 784 1134 exp.
800 1051 892 1133 preb.
916 1049 1066 1115 noscitur
1076 1051 1361 1117 obtinere—Fiat
1374 1054 1477 1118 etiam
1494 1054 1536 1119 de

173 1153 273 1238 dign,
290 1161 356 1219 etc.
371 1153 412 1219 R.

218 1297 320 1358 1032.
347 1291 435 1356 Item
459 1291 611 1356 Henrico
635 1289 678 1354 de
705 1288 817 1354 Lenis
831 1300 851 1369 ²,
880 1287 1042 1355 Leodien.
1068 1290 1165 1371 dioc.,
1192 1293 1324 1357 bacin
1351 1293 1466 1373 theol,
1494 1293 1536 1358 de

172 1397 247 1459 ben.
264 1395 345 1460 eccl.
362 1416 391 1460 e.
407 1397 501 1460 cvel
517 1415 541 1460 s.
555 1415 594 1473 c.,
612 1395 714 1458 etiam
730 1394 755 1458 si
773 1393 871 1457 fuerit
897 1414 983 1478 pers.
1000 1394 1052 1458 vel
1070 1395 1136 1474 off,
1156 1403 1331 1481 spectante
1358 1397 1400 1462 ad
1427 1397 1539 1462 coll...

171 1500 283 1584 episc,
299 1500 471 1586 prepositi,
495 1499 625 1577 decani,
650 1519 723 1583 cap.
748 1507 784 1562 et
810 1499 1015 1581 singulorum
1043 1499 1292 1579 canonicorum,
1317 1501 1419 1566 etiam
1446 1501 1535 1584 dign.

172 1604 225 1667 vel
241 1624 326 1688 pers.
343 1613 401 1668 aut
416 1604 472 1670 off.
489 1605 523 1670 in
533 1605 615 1669 eccl.
632 1602 793 1668 Leodien.
808 1603 1016 1682 habentium,
1041 1614 1075 1669 et
1091 1604 1220 1669 etiamsi
1237 1604 1271 1669 in
1287 1605 1368 1670 eccl.
1385 1605 1535 1670 cathedr.

171 1708 225 1770 vel
242 1708 359 1792 colleg.
385 1708 519 1788 existat,
547 1707 730 1792 dignemini
747 1706 945 1791 providere,
971 1728 1039 1772 non
1065 1710 1151 1773 obst.
1173 1707 1264 1791 quod
1278 1710 1431 1792 parrocb.
1453 1710 1535 1776 eccl.

171 1813 214 1878 de
246 1809 443 1897 Nederpelt,
474 1812 563 1877 dicte
593 1811 691 1892 dioc.,
723 1810 873 1875 noscitur
903 1811 1079 1890 obtinere;
1109 1831 1167 1876 seu
1193 1809 1284 1895 quod
1310 1819 1399 1876 auct.
1426 1819 1536 1876 vestra

171 1919 249 1980 ben.
265 1916 346 1981 eccl.
363 1912 393 1980 c.
405 1937 435 1982 c.
452 1917 506 1980 vel
518 1937 543 1981 s.
561 1937 589 1982 c.
606 1922 763 2001 spectans
779 1914 822 1980 ad
838 1915 913 1980 coll.
930 1914 1012 1979 dicti
1040 1913 1190 2000 episcopi
1207 1923 1376 1999 expectet.
1392 1953 1436 1964 —-
1461 1914 1536 1980 Fiat
1561 1985 1564 1992 ,

173 2019 335 2103 usquead
351 2040 517 2084 summam
535 2022 575 2084 80
598 2019 654 2083 lib.
671 2039 700 2083 c.
717 2039 756 2099 c.,
775 2038 814 2101 50
831 2038 855 2081 s.
873 2038 901 2082 c.
920 2016 960 2081 R.

220 2164 320 2224 1033.
339 2156 427 2222 Item
437 2156 598 2222 Oudardo
613 2156 655 2221 de
672 2155 808 2234 Gaunis,
824 2155 906 2220 alias
930 2155 972 2220 de
988 2155 1204 2220 Assonvillari
1214 2163 1234 2234 ³,
1252 2175 1338 2240 mag.
1356 2155 1388 2217 in
1406 2161 1477 2232 art,
1502 2162 1537 2219 et

174 2261 246 2324 bac.
262 2259 295 2322 in
307 2259 422 2340 theol,
439 2259 481 2323 de
496 2262 573 2324 ben.
590 2261 671 2325 eccl.
688 2280 717 2324 c.
734 2280 763 2325 c.
779 2260 833 2323 vel
849 2280 875 2322 S.
892 2279 931 2338 c.‚
945 2259 1076 2324 etiamsi
1091 2259 1124 2323 in
1141 2261 1222 2324 eccl.
1240 2258 1387 2323 cathedr.
1404 2259 1535 2338 existat,

173 2370 350 2448 spectante
366 2361 411 2428 ad
423 2364 509 2441 coll.,
527 2370 602 2440 etc,
618 2365 693 2427 abb.
710 2371 746 2426 et
761 2383 858 2427 coms.
870 2361 1065 2427 monasterii
1083 2361 1114 2426 S.
1133 2360 1242 2426 Mauri
1255 2362 1297 2427 de
1315 2359 1473 2440 Fossatis,
1493 2360 1535 2425 O.

173 2465 205 2530 S.
221 2465 270 2545 13,
287 2463 447 2531 Parisien.
470 2465 567 2545 dioc.,
596 2466 688 2549 cujus
709 2465 888 2545 fructus...,
904 2465 930 2530 si
944 2484 972 2529 c.
994 2487 1023 2530 c.
1045 2485 1114 2544 roo,
1132 2465 1159 2528 si
1184 2486 1264 2530 vero
1286 2486 1310 2529 s.
1335 2464 1477 2530 eluerit
1496 2485 1535 2547 50

172 2568 307 2634 lib.Tur.
319 2590 423 2654 parv,
436 2590 501 2634 see.
514 2577 582 2634 tax.
592 2568 733 2648 decime,
750 2569 898 2634 valorem
914 2588 1062 2633 annuum
1078 2587 1146 2632 non
1164 2567 1341 2648 excedant,
1352 2567 1535 2651 dignemini

172 2673 369 2758 providere;
394 2695 463 2739 non
488 2676 574 2738 obst.
590 2672 681 2756 quod
697 2671 865 2757 quandam
886 2672 1006 2758 capell.
1024 2692 1082 2736 seu
1098 2671 1336 2736 commendam
1353 2671 1386 2734 in
1408 2671 1536 2756 capella

173 2775 302 2841 Domus
317 2777 494 2842 scolarium
510 2780 588 2843 bon.
605 2797 706 2842 mem.
722 2775 812 2841 dom.
840 2772 1007 2853 Johannis
1033 2775 1121 2841 card.
1139 2773 1273 2840 Clroleti
1301 2773 1442 2840 Parisius
1463 2773 1535 2839 fun-

173 2880 261 2962 date,
278 2882 441 2961 obtineat,
457 2903 522 2965 que
549 2881 676 2945 nemini
704 2880 766 2945 nisi
792 2879 913 2945 scolari
942 2890 976 2943 et
992 2882 1106 2945 bursas
1133 2878 1165 2943 in
1183 2880 1255 2963 ipsa
1278 2880 1381 2944 domo
1397 2879 1534 2943 habenti

173 2984 342 3049 confertur
357 3008 365 3063 ;
382 2993 417 3049 et
433 2985 551 3069 capell.
569 2984 606 3049 B.
625 2981 817 3067 Margarete
832 2982 1009 3047 fundatam
1026 2982 1058 3045 in
1076 2981 1158 3046 eccl.
1176 2980 1213 3046 B.
1232 2978 1280 3046 M.
1298 2982 1340 3047 de
1358 2980 1534 3047 Mouchin-

172 3097 335 3167 cocastro,
352 3086 532 3153 Beluacen.
549 3088 646 3167 dioc.,
664 3109 728 3170 que
738 3094 875 3173 propter
891 3086 1093 3151 tenuitatem
1104 3085 1293 3150 reddituum
1311 3085 1354 3150 ad
1368 3085 1532 3151 decimam

170 3210 239 3255 non
252 3199 386 3256 taxatur
394 3214 402 3271 ;
415 3212 474 3255 seu
489 3191 580 3276 quod
592 3192 626 3255 in
638 3190 815 3269 Morinen,
827 3199 915 3255 auct.
924 3189 976 3254 fel.
987 3210 1052 3255 rec.
1065 3188 1155 3255 dom.
1169 3187 1343 3255 Benedicti
1353 3210 1443 3275 pape
1453 3186 1533 3269 XII,

171 3314 244 3359 can.
255 3298 315 3360 sub
327 3316 402 3381 exp.
413 3298 664 3380 preb.,acauct.
676 3303 785 3360 vestra
802 3294 835 3358 in
847 3292 1051 3358 Noviomen.
1062 3292 1295 3359 ecclesiiscan.
1313 3293 1464 3359 obtineat
1473 3297 1533 3359 sub

171 3418 247 3483 exp.
263 3399 353 3483 preb.
367 3420 408 3463 ac
423 3398 513 3482 dign.
524 3399 578 3462 vel
590 3418 676 3483 pers
689 3420 747 3463 seu
760 3396 817 3464 off.
829 3419 858 3463 c.
872 3419 900 3463 c.
911 3399 966 3461 vel
982 3418 1007 3463 s
1025 3418 1052 3463 c.
1066 3438 1108 3445 —
1122 3396 1198 3462 Fiat
1210 3405 1246 3461 ut
1263 3396 1296 3461 in
1313 3398 1475 3483 proxima.
1492 3396 1533 3462 R.

218 3542 323 3601 1034.
349 3534 438 3599 Item
465 3535 615 3601 Roberto
638 3536 680 3601 de
697 3536 854 3621 Corbeya
868 3547 889 3615 ⁴,
905 3556 992 3619 mag.
1009 3536 1043 3599 in
1060 3546 1122 3601 art.
1138 3544 1173 3601 et
1188 3538 1262 3601 bac.
1280 3536 1312 3599 in
1330 3536 1444 3614 theol,
1461 3556 1534 3600 can.

170 3641 263 3723 preb.
279 3638 312 3702 in
330 3640 410 3704 eccl.
428 3637 466 3703 Β.
485 3637 616 3704 Mathei
633 3638 872 3718 Foilliacensis,
885 3640 1086 3704 Ambianen.
1101 3639 1199 3717 dioc.,
1211 3638 1254 3703 de
1270 3639 1359 3722 dign.
1372 3640 1436 3703 vel.
1449 3658 1533 3722 pers.

171 3762 230 3807 seu
255 3742 310 3807 off.
337 3762 366 3807 c.
383 3763 412 3807 c.
436 3743 490 3807 vel
507 3764 532 3809 s.
549 3763 589 3823 c.,
605 3743 707 3809 etiam
732 3743 758 3809 si
783 3742 826 3807 ad
852 3742 1040 3826 hujusmodi
1057 3742 1217 3827 dignper
1232 3742 1432 3807 electionem
1456 3760 1535 3805 con-

171 3846 317 3911 sueverit
333 3846 406 3929 quis
421 3847 542 3911 assumi
556 3870 565 3925 ;
582 3847 675 3931 cujus
690 3846 856 3912 fructus...
879 3866 915 3930 15
934 3846 989 3912 lib.
1006 3846 1034 3909 T
1036 3866 1083 3910 ur.
1107 3866 1211 3930 parv,
1228 3866 1294 3911 sec.
1310 3852 1378 3909 tax.
1394 3844 1534 3921 decime,

170 3950 319 4014 valorem
344 3968 492 4013 annuum
513 3970 582 4014 non
599 3950 774 4029 excedant,
792 3958 826 4014 et
842 3949 973 4014 etiamsi
990 3948 1078 4033 dign.
1095 3957 1153 4013 aut
1169 3968 1258 4033 pers.
1280 3948 1334 4010 vel
1351 3946 1407 4012 off.
1424 3947 1535 4030 hujus-

172 4052 266 4117 modi
279 4053 427 4131 collatio,
444 4052 627 4119 secundum
638 4062 765 4119 statuta
781 4053 1018 4118 Lateranensis
1028 4052 1171 4132 concilii,
1186 4060 1244 4116 aut
1254 4051 1345 4129 alias,
1362 4050 1405 4115 ad
1420 4050 1535 4115 sedem

169 4166 278 4240 apost.
288 4156 331 4220 sit
347 4156 496 4240 legitime
513 4155 681 4237 devoluta,
698 4158 724 4221 si
741 4178 816 4241 qua,
832 4156 887 4220 vel
904 4156 930 4219 si
947 4154 1029 4239 quis,
1046 4162 1105 4219 aut
1121 4153 1148 4219 si
1164 4152 1254 4237 quod
1270 4154 1303 4217 in
1320 4153 1439 4217 eadem
1452 4153 1534 4218 eccl.

170 4266 269 4323 vacat
280 4258 324 4323 ad
338 4279 474 4344 presens
486 4261 541 4324 vel
552 4282 628 4325 cum
643 4261 826 4339 vacaverit,
843 4258 1025 4343 dignemini
1042 4257 1216 4343 providere
1232 4280 1240 4336 3
1257 4277 1326 4321 non
1342 4259 1427 4323 obst.
1444 4256 1535 4339 quod

170 4381 245 4427 can.
268 4362 351 4430 eccl.
378 4362 410 4426 S.
435 4362 619 4429 Donatiani
643 4362 830 4449 Brugensis,
857 4361 1046 4427 Tomacen.
1069 4360 1167 4441 dioc.,
1189 4360 1351 4441 obtineat,
1376 4362 1435 4425 sub
1458 4380 1533 4444 exp.

168 4467 272 4551 preb„
285 4474 320 4529 et
329 4464 420 4548 quod
436 4466 499 4531 aS.
516 4464 556 4531 V.
572 4465 712 4550 gratiam
728 4465 883 4545 obtinuit,
900 4472 1000 4550 prout
1016 4467 1058 4529 ab
1069 4464 1234 4548 aliquibus
1250 4464 1415 4543 asseritur,
1432 4482 1533 4546 quam

166 4568 319 4653 ignorat;
348 4586 517 4653 quamque
550 4590 597 4655 gr.
629 4570 814 4656 expn'mere
841 4570 951 4633 valeat
989 4568 1022 4631 in
1058 4576 1170 4633 vestra
1194 4568 1402 4650 cancellaria,
1430 4576 1467 4631 ut
1499 4566 1534 4630 in

165 4671 287 4737 litteris
301 4669 519 4739 conficiendis
534 4694 633 4759 super
648 4672 793 4759 presenti
810 4672 916 4757 gratia
932 4672 1106 4738 inseratur.
1128 4708 1160 4720 -
1182 4668 1258 4737 Fiat
1275 4670 1317 4737 R.

167 4792 430 4807 0—-un———n—

200 4848 223 4895 1.
238 4846 302 4894 Voir
311 4860 338 4895 n.
351 4848 433 4893 14.-
453 4848 477 4894 2.
499 4846 604 4900 Denifle.
627 4846 662 4905 Il,
684 4849 738 4904 595,
751 4848 799 4894 597
812 4863 817 4896 ;
830 4848 885 4894 noir
896 4846 955 4909 plus
966 4846 1029 4896 haut
1043 4860 1067 4895 n.
1080 4848 1133 4904 517,
1148 4846 1203 4893 826.
1215 4870 1246 4883 ·-
1267 4844 1289 4891 ³.
1303 4841 1408 4902 Deuifle,
1430 4841 1464 4901 Il,
1477 4842 1534 4900 595,

164 4922 213 4968 597
224 4936 230 4978 ;
243 4920 325 4979 Vidal,
338 4935 364 4969 n.
377 4923 432 4969 974.
444 4948 476 4957 -
488 4923 511 4970 l.
525 4921 629 4978 Dcuillc,
643 4920 678 4979 11,
691 4922 745 4979 344,
758 4923 812 4980 595,
824 4922 881 4970 597.
