3650 5675
707 530 794 603 1350,
818 530 908 595 29-31
928 531 1036 611 juillet
1493 544 1559 607 527.

240 676 390 759 2026.
897 770 899 775 Ι
1221 713 1317 777 1350,
1334 717 1376 780 ap
1385 696 1509 777 juillet.

232 794 333 879 Supp.
347 792 533 860 Bernardus
548 794 589 860 de
603 792 794 874 Malanac0,
810 794 1031 861 cubicularius
1043 796 1170 861 domini
1187 799 1363 865 cardinalis
1377 803 1421 867 de
1434 803 1555 876 Mota,

190 906 283 982 quat.
312 897 372 963 sibi
390 898 432 963 de
448 897 602 964 scolaniis
617 897 659 962 de
674 895 784 961 Tolha
808 897 907 962 etde
930 899 1091 979 Avisano,
1115 900 1202 966 dioc.
1219 900 1465 986 Convenarum,
1481 929 1555 973 vac.

188 1000 229 1066 ad
243 1021 379 1087 presens
394 1002 484 1087 apud
499 1002 612 1067 sedem
637 1009 745 1086 apost.
772 1021 832 1086 per
856 1004 910 1065 ob.
926 1004 981 1066 bo.
1004 1023 1070 1067 me.
1093 1003 1221 1068 domini
1245 1006 1422 1073 cardinalis
1450 1009 1556 1076 Nico-

189 1105 305 1169 siensis
316 1120 338 1185 ²,
354 1125 423 1170 non
448 1107 534 1171 obst.
562 1103 652 1188 quod
671 1104 702 1168 S.
719 1102 759 1168 V.
775 1104 994 1189 postdictum
1011 1108 1065 1171 ob.
1093 1105 1274 1173 Guillelmo
1296 1109 1338 1174 de
1356 1110 1487 1179 Ussaco
1511 1115 1554 1179 de

190 1208 254 1273 illis
278 1207 411 1274 duxerit
437 1208 692 1294 providendum,
723 1207 789 1291 qui,
821 1215 1004 1292 antequam
1030 1217 1117 1275 esset
1147 1210 1276 1275 illarum
1310 1216 1553 1298 possessionem

191 1310 341 1397 adeptuS,
357 1320 450 1377 extra
468 1311 566 1378 Rom.
594 1312 721 1376 curiam
741 1311 831 1376 diem
856 1331 953 1375 suum
978 1313 1097 1377 clausit
1120 1320 1318 1396 extremum,
1342 1317 1452 1382 eidem
1477 1317 1555 1383 Ber-

190 1414 296 1479 nardo
312 1436 389 1480 cum
405 1415 560 1481 omnibus
573 1415 700 1500 juribus
710 1422 745 1478 et
756 1414 967 1500 pertinentiis
978 1416 1158 1481 earundem
1173 1416 1357 1501 dignemini
1369 1422 1556 1506 providere,

189 1537 229 1583 ac
245 1539 322 1583 cum
347 1519 556 1599 inhibitione,
585 1519 722 1584 decreto
738 1526 774 1582 et
789 1518 936 1583 clausula
951 1518 1104 1583 anteferri
1124 1543 1133 1599 ;
1158 1541 1227 1585 non
1251 1524 1337 1587 obst.
1360 1524 1450 1607 quod
1466 1525 1556 1591 idem

191 1620 380 1687 Bernardus
406 1623 558 1708 parroch.
576 1623 658 1687 eccl.
676 1619 714 1686 B.
733 1619 840 1685 Marie
856 1621 898 1686 de
916 1616 1107 1702 Faulbesio,
1124 1643 1165 1688 ac
1182 1644 1255 1689 can.
1271 1633 1306 1689 et
1320 1630 1413 1712 preb.
1438 1627 1556 1693 Nivel-

191 1725 301 1806 lensis,
317 1724 535 1791 Antoniensis
550 1733 586 1790 et
601 1722 776 1803 Sociensis,
794 1744 834 1788 ac
851 1724 1035 1789 scolaniam
1052 1723 1090 1790 B.
1108 1724 1158 1791 M.
1173 1728 1215 1792 de
1232 1728 1402 1817 Scoemps,
1420 1731 1554 1799 Condo-

190 1828 301 1909 mien.,
327 1828 499 1910 Auxitan,
526 1827 687 1894 Leodien.
713 1836 748 1892 et
775 1826 991 1894 Conseranen
1018 1830 1116 1911 dioc,
1141 1831 1304 1913 obtineat,
1329 1835 1422 1921 cujus
1437 1844 1553 1901 tamen

190 1929 224 1995 N
226 1932 394 1997 ivellensis
409 1932 561 1998 nondum
575 1932 822 2018 possessionem
842 1940 893 1997 est
920 1933 1061 2019 adeptus
1079 1956 1087 2013 3
1116 1943 1243 2001 etcum
1260 1938 1333 2003 aliis
1347 1960 1416 2004 non
1433 1942 1549 2005 obst...

191 2073 233 2088 -
250 2035 325 2101 Fiat
343 2036 382 2102 R.

235 2140 314 2205 Dat.
330 2140 430 2205 Arin.
447 2163 468 2225 4
483 2139 550 2205 kal.
567 2160 641 2225 aug.
657 2148 690 2205 a⁰
707 2146 747 2220 9⁰.
764 2141 840 2223 (20,
859 2143 942 2224 79l).

242 2295 386 2376 2027.
1225 2331 1320 2394 1350,
1334 2334 1375 2397 29
1384 2312 1508 2394 juillet.

232 2412 332 2499 Supp.
349 2413 618 2479 Archambaldus
632 2413 675 2477 de
688 2411 1118 2493 Combormo,domicelluS,
1129 2423 1221 2498 quat.
1238 2413 1257 2492 J
1260 2416 1385 2480 ohanni
1401 2417 1443 2482 de
1459 2418 1552 2481 Sere·

189 2537 356 2603 nocampo
368 2531 390 2597 ³,
407 2517 530 2583 clerico
546 2516 707 2582 Leodien.
722 2516 820 2597 dioc,
837 2517 879 2582 de
892 2537 965 2582 can.
982 2521 1043 2583 sub
1059 2538 1133 2603 exp.
1149 2521 1242 2605 preb.
1260 2521 1400 2584 ecclesie
1413 2520 1445 2585 S.
1458 2520 1550 2585 Pauli

190 2618 348 2684 Leodien.
368 2619 567 2706 [dignemini
584 2618 789 2706 providere}
806 2618 942 2684 -Fiat
968 2620 1007 2685 R.

233 2723 311 2788 Dat.
327 2724 426 2789 Asin.
443 2746 462 2807 4
477 2721 546 2789 kal.
563 2744 636 2808 aug.
653 2730 687 2787 a⁰
704 2730 746 2803 9⁰.
760 2724 837 2807 (20,
855 2725 938 2807 81').

242 2877 385 2959 2028.
1217 2910 1313 2973 1350,
1326 2911 1371 2972 31
1382 2890 1506 2972 juillet.

234 2995 334 3080 Supp.
362 2995 535 3074 Johannes
549 2996 591 3061 de
608 2994 782 3080 Campet0,
810 2993 889 3058 olim
918 2993 1100 3058 canonicus
1126 2993 1351 3078 prebendatus
1374 3003 1409 3059 et
1432 2995 1551 3061 subde-

191 3119 292 3164 canus
319 3099 458 3164 ecclesie
475 3098 506 3165 S.
524 3098 614 3163 Ilarii
631 3097 816 3176 Pictaven,
833 3104 868 3160 et
883 3095 902 3174 J
906 3097 1058 3162 ohannes
1073 3096 1115 3162 de
1126 3097 1289 3164 Claveriis
1301 3099 1367 3164 Dal
1382 3099 1516 3165 Vemch
1528 3114 1550 3180 ⁴,

191 3203 371 3268 canonicus
398 3203 429 3266 S.
457 3202 639 3267 Audomari
666 3201 707 3266 de
735 3200 766 3265 S.
793 3200 999 3279 Audomaro,
1028 3198 1198 3266 Morinen.
1229 3202 1327 3282 dioc,
1355 3203 1550 3287 quodcum

190 3304 209 3383 J
213 3307 362 3371 ohannes
377 3305 419 3370 de
436 3303 602 3390 Campeto
618 3324 677 3390 per
691 3311 954 3390 procuratorem,
971 3312 1005 3368 et
1020 3303 1129 3368 dictus
1144 3303 1163 3382 J
1167 3305 1318 3370 ohannes
1333 3306 1401 3371 Dal
1417 3306 1550 3372 Vemch

189 3431 297 3497 perse
321 3411 429 3495 ipsum
455 3409 607 3495 predicta
631 3407 806 3488 beneficia,
835 3428 935 3472 causa
959 3409 1225 3494 permutationis,
1249 3417 1285 3475 et
1306 3432 1375 3475 non
1401 3410 1491 3491 alias,
1516 3412 1550 3476 in

189 3514 342 3578 manibus
358 3512 398 3578 R.
416 3512 452 3576 P.
470 3511 684 3596 G(uillelmi),
710 3512 811 3598 episc.
838 3511 1034 3592 Lexovien,
1050 3511 1290 3595 resignaverint
1309 3537 1318 3593 ;
1344 3523 1434 3597 quat.
1458 3515 1550 3580 dicto

188 3616 207 3695 J
211 3617 335 3682 ohanni
352 3617 394 3681 de
412 3616 579 3700 Campeto
594 3612 636 3678 de
652 3633 727 3678 can.
745 3623 779 3678 et
791 3616 882 3698 preb.
899 3613 930 3677 S.
947 3613 1132 3678 Audomari
1149 3622 1183 3678 et
1199 3614 1291 3679 dicto
1313 3614 1333 3692 J
1336 3616 1460 3680 olranni
1485 3616 1548 3680 Dal

189 3721 322 3786 Vemch
334 3721 376 3786 de
393 3741 466 3786 can.
482 3728 517 3783 et
533 3721 624 3803 preb.
641 3736 681 3783 ac
697 3718 925 3782 subdecanatu
941 3717 972 3782 S.
999 3716 1086 3781 Ilarii
1111 3717 1263 3802 predicti,
1295 3739 1371 3782 cum
1396 3719 1549 3784 omnibns

185 3825 311 3910 juribus
328 3833 362 3889 et
383 3822 593 3910 pertinentiis
608 3841 647 3886 ac
664 3821 814 3901 annexis,
839 3821 1021 3906 dignemini
1046 3820 1221 3906 providere
1235 3844 1243 3901 ;
1260 3842 1329 3886 non
1346 3825 1432 3888 obst.
1448 3825 1551 3886 bene-

190 3929 271 3994 ficiis
296 3949 360 4013 que
386 3929 550 4008 obtinent,
576 3946 640 4010 que
668 3925 850 4008 dignemini
874 3925 998 3989 babere
1019 3945 1080 4009 pro
1102 3925 1292 4010 expressis;
1317 3925 1551 4011 dispensantes

190 4052 265 4097 cum
290 4032 382 4098 dicto
405 4031 424 4109 J
428 4032 561 4097 ohanne
585 4029 652 4093 Dal
677 4027 810 4093 Vemch
838 4036 874 4092 ut
899 4028 1066 4114 prefatum
1090 4027 1356 4093 subdecanatum
1380 4049 1448 4094 uno
1473 4050 1550 4094 cum

189 4134 464 4201 archidiaconatu
490 4134 668 4213 Turonen,
693 4153 733 4197 ac
755 4131 908 4218 patrocli.
932 4132 1073 4197 ecclesia
1087 4132 1130 4196 de
1146 4131 1339 4216 Broquerio,
1357 4133 1549 4198 Ruthenen.

188 4239 286 4320 dioc,
303 4241 436 4306 insimul
452 4240 567 4305 valeat
582 4239 674 4303 licite
689 4237 832 4301 retinere
848 4259 856 4316 ;
878 4257 954 4301 cum
972 4236 1127 4300 clausulis
1148 4244 1184 4300 ut
1204 4237 1237 4300 in
1256 4236 1375 4316 fonna3
1402 4257 1549 4301 reserva-

188 4343 335 4409 tionibns
351 4344 614 4427 quibuscumque
630 4362 698 4407 non
712 4344 798 4406 obst.
814 4381 856 4388 —
875 4339 951 4404 Fiat
968 4348 1003 4405 et
1017 4340 1248 4425 dispensamus
1265 4340 1305 4406 R.

233 4445 320 4511 Item
336 4447 491 4531 dignetur
506 4447 537 4510 S.
554 4445 593 4510 V.
610 4445 785 4531 providere
802 4443 948 4522 Johanni
965 4444 1007 4508 de
1023 4444 1188 4528 Campeto
1210 4444 1362 4529 predicto
1377 4444 1419 4509 de
1436 4443 1548 4510 officio

188 4551 457 4636 subprepositure
473 4550 614 4615 ecclesie
629 4549 660 4614 S.
677 4548 861 4614 Andomari
889 4547 1049 4634 predicte,
1077 4568 1151 4612 vac
1166 4569 1225 4633 per
1240 4548 1378 4612 liberam
1403 4548 1549 4632 resigna-

225 4819 244 4866 l.
258 4818 321 4865 Snus
333 4817 412 4866 doute
426 4818 510 4866 Piorrc
521 4817 610 4876 Roger.
624 4817 682 4880 plus
695 4814 990 4876 tarrlll1·6goircXI.—
1006 4817 1029 4862 2,
1042 4813 1099 4861 Elio
1115 4813 1148 4860 dc
1165 4812 1306 4870 Nabinelis,
1320 4813 1375 4859 roir
1391 4827 1417 4860 n.
1436 4813 1507 4860 1438.
1518 4839 1551 4846 -

189 4892 212 4938 3.
225 4889 265 4938 On
277 4897 413 4940 renrontrc
424 4905 456 4940 en
471 4892 534 4938 1358
546 4905 581 4937 nn
593 4891 659 4938 Jean
676 4891 707 4938 de
726 4889 906 4951 Seriucbamps
922 4887 1059 4936 bertericier·
1075 4889 1091 4934 rt
1108 4885 1209 4934 Norille
1220 4885 1278 4949 pres
1295 4885 1555 4946 numismatum-1

191 4967 272 5024 iraten,
286 4965 306 5022 I,
323 4965 388 5026 1111),
401 4979 434 5012 en
449 4965 510 5012 1360
522 4965 537 5012 a
550 4964 743 5012 Nculmousticr
755 4963 808 5025 (ib,
823 4963 866 5023 45)
878 4967 905 5012 ot
917 4962 1041 5010 chanoiue
1052 4963 1068 5008 a
1081 4960 1157 5019 Liege
1170 4959 1237 5021 (ib.)
1251 4961 1317 5009 -1,
1329 4959 1428 5008 Voirn.
1447 4962 1518 5010 1775.
