3650 5675
683 560 687 569 .
712 501 799 574 1344,
821 502 841 565 4
862 502 1029 566 novembre.
1496 504 1553 569 188

191 651 294 717 XXII
311 653 530 719 reservandos
544 652 650 719 duxit.
673 690 704 700 -
726 651 801 717 Fiat
816 660 912 718 motu
928 652 1073 738 proprio,
1090 652 1117 717 si
1133 652 1321 719 constiterit
1342 653 1386 719 de
1405 673 1552 719 reserva·

192 758 294 823 tione.

236 862 314 927 Dat.
329 860 430 926 Avin.
448 880 465 924 2
482 880 562 925 non.
578 880 658 925 nov.
674 866 707 924 a⁰
724 866 766 943 3⁰.
784 860 831 943 (7,
849 860 934 944 411).

243 998 356 1080 754-
1163 1032 1257 1097 1544,
1280 1035 1299 1095 4
1322 1013 1506 1077 novembre.

139 1128 153 1145 ·
235 1115 323 1199 Sign.
343 1112 550 1201 [Philippus]
569 1123 588 1191 ¹,
604 1114 706 1178 abbas
722 1121 756 1178 et
772 1122 959 1181 conventus
981 1115 1172 1180 monasterii
1190 1116 1221 1181 S.
1238 1114 1390 1181 Nichasii
1404 1114 1550 1179 Remen-

190 1219 245 1299 sis,
262 1217 303 1283 0.
319 1218 351 1283 S.
367 1216 417 1299 B,
433 1217 523 1301 quod
547 1237 623 1282 cum
638 1216 847 1302 parrochiani
864 1216 946 1281 eccl.
973 1215 1004 1281 S.
1032 1216 1207 1281 Genovefe
1228 1216 1324 1301 juxta
1350 1214 1548 1299 Cymaeum,

191 1322 352 1387 Leodien.
368 1320 465 1401 dioc.,
482 1320 575 1404 cujus
589 1318 651 1406 ipsi
667 1322 770 1385 abbas
785 1327 819 1385 et
835 1327 1022 1385 conventus
1038 1319 1171 1405 patroni
1187 1319 1346 1399 existunt,
1358 1317 1444 1383 adeo
1459 1317 1549 1382 defe-

189 1426 313 1491 cissent
325 1424 416 1510 quod
430 1423 473 1490 ad
488 1444 591 1488 unum
616 1423 740 1489 redacti
765 1423 884 1504 forent,
909 1430 944 1487 et
968 1424 1041 1507 ipsa
1065 1424 1147 1489 eccl.
1172 1423 1250 1488 ville
1266 1422 1308 1488 de
1335 1421 1487 1507 Cymaeo
1502 1421 1550 1486 sic

188 1530 301 1595 vicina
317 1536 405 1594 esset
420 1527 511 1611 quod
525 1547 604 1593 crua
622 1526 723 1613 ipsius
750 1534 784 1591 et
811 1526 951 1591 ecclesie
972 1526 1061 1591 dicte
1077 1527 1155 1591 ville
1172 1546 1231 1613 per
1254 1547 1359 1590 unum
1384 1533 1549 1590 rectorem

190 1632 333 1699 comode
348 1630 473 1717 poterit
488 1630 635 1695 exerceri
649 1653 657 1711 ;
675 1650 751 1696 ven.
767 1636 863 1716 pater
877 1629 968 1695 dom.
997 1630 1098 1716 episc.
1115 1629 1292 1711 Leodien,¹
1305 1650 1381 1695 cum
1409 1629 1551 1694 consilio

189 1745 225 1801 et
241 1757 378 1802 assensu
394 1734 532 1821 capituli
549 1735 597 1800 sui
615 1742 649 1799 et
659 1735 825 1801 dictorum
838 1742 1068 1822 patronorum,
1085 1735 1211 1801 dictam
1227 1735 1309 1800 eccl.
1326 1734 1357 1799 S.
1375 1732 1551 1798 Genovefe

190 1840 252 1926 ipsi
270 1838 410 1914 ecclesie
426 1838 468 1903 de
485 1837 637 1923 Cymaeo
654 1839 686 1902 in
703 1844 902 1924 perpetuum
920 1858 960 1903 eo
973 1837 1077 1904 modo
1092 1838 1198 1903 univit
1216 1847 1251 1903 et
1265 1847 1430 1924 perpetuo
1445 1837 1551 1923 appli-

189 1943 291 2025 cavit,
308 1942 398 2027 quod
414 1950 505 2007 certa
519 1962 595 2028 pars
616 1942 706 2008 bladi
727 1943 769 2007 de
793 1941 975 2007 redditibus
990 1942 1081 2007 dicte
1093 1945 1175 2009 eccl.
1193 1942 1224 2007 S.
1241 1940 1415 2006 Genovefe
1430 1939 1551 2006 rectori

191 2047 336 2134 ipsarum
352 2047 567 2112 ecclesiarum
584 2047 638 2131 qui
655 2047 741 2112 foret
756 2066 818 2131 pro
832 2054 986 2132 tempore
1006 2066 1068 2131 pro
1083 2046 1170 2111 illius
1196 2045 1430 2131 supportandis
1446 2046 1552 2110 oneri-

190 2154 262 2231 bus,
280 2157 314 2215 et
329 2149 393 2215 alia
405 2158 497 2215 certa
520 2170 597 2235 pars
624 2150 860 2216 archidiacono
884 2151 950 2216 loci
966 2170 1028 2236 pro
1041 2152 1113 2236 jure
1136 2161 1171 2215 et
1188 2152 1348 2217 interesse
1364 2152 1441 2232 suis,
1458 2150 1555 2216 annis

190 2254 328 2339 singulis
344 2261 564 2333 remanerent,
581 2261 616 2318 et
632 2254 776 2337 reliquos
799 2275 917 2320 omnes
932 2254 1080 2320 redditus
1103 2255 1194 2320 dicte
1218 2256 1300 2321 eccl.
1318 2255 1350 2321 S.
1378 2253 1554 2319 Genovefe

190 2358 304 2424 officio
329 2358 511 2423 infirmarie
540 2357 622 2424 dicti
652 2358 845 2422 monasterii
871 2379 933 2443 pro
957 2358 1151 2423 necessariis
1175 2359 1381 2423 intirmorum
1406 2358 1554 2443 ejusdem

190 2462 396 2543 monasterii,
422 2461 479 2547 qui
505 2469 672 2547 oportuna
695 2461 752 2541 eis,
780 2469 918 2547 propter
943 2469 1176 2548 paupertatem
1203 2462 1284 2527 dicti
1301 2460 1414 2542 officii,
1432 2461 1555 2526 habere

190 2567 386 2650 nequibant,
399 2565 583 2651 applicavit
598 2574 762 2652 perpetuo
778 2574 812 2630 et
828 2567 1006 2647 concessit,
1019 2566 1063 2632 ad
1079 2568 1144 2633 hoc
1156 2566 1316 2632 antedicti
1327 2565 1554 2631 archidiaconi

190 2669 375 2735 accedente
391 2689 578 2749 consensu;
606 2678 705 2755 prout
720 2670 754 2733 in
771 2670 963 2755 patentibus
982 2670 1102 2735 litteris
1117 2670 1195 2735 inde
1211 2669 1383 2750 confectis,
1400 2669 1553 2755 episcopi

191 2780 226 2838 et
242 2772 380 2858 capituli
408 2779 443 2836 et
458 2772 683 2839 archidiaconi
700 2772 926 2859 predictorum
942 2773 1055 2859 sigillis
1080 2772 1228 2854 munitis,
1255 2772 1386 2858 plenius
1403 2772 1555 2840 contine·

190 2885 254 2942 tur.
272 2877 385 2961 Quare
401 2896 497 2962 supp.
513 2876 594 2942 dicti
616 2879 720 2942 abbas
736 2884 770 2940 et
786 2886 983 2958 conventus
1010 2886 1100 2961 quat.
1125 2877 1286 2962 premissa
1301 2877 1415 2942 omnia
1439 2884 1473 2940 et
1489 2877 1555 2940 sin·

190 2981 269 3064 gula
284 2981 325 3044 ab
343 2979 463 3045 eodem
478 2981 569 3046 dom.
586 2981 746 3067 episcopo
767 2981 867 3058 facta,
891 2989 966 3047 rata
993 2990 1028 3046 et
1050 2990 1145 3065 grata
1171 2981 1344 3062 habentes,
1361 2982 1416 3045 illa
1439 2981 1554 3066 digne-

190 3082 273 3147 mini
298 3091 386 3148 auct.
403 3092 510 3169 apost.
527 3084 735 3164 confirmare,
760 3092 894 3150 tenores
920 3084 1085 3151 dictarum
1112 3085 1298 3150 litterarum
1317 3085 1359 3150 de
1382 3087 1487 3151 verbo
1510 3085 1554 3151 ad

191 3189 331 3251 verbum
347 3185 381 3250 in
397 3186 662 3251 confirmationis
677 3195 787 3252 vestre
803 3189 922 3254 litteris
937 3189 1036 3254 inseri
1052 3189 1214 3254 facientes
1229 3199 1250 3253 ².
1267 3230 1310 3236 —
1327 3187 1402 3253 Fiat
1424 3187 1464 3253 R.

236 3291 316 3356 Dat.
332 3290 431 3356 Avin.
450 3311 466 3354 2
484 3311 562 3356 non.
579 3311 657 3356 nov.
674 3299 708 3356 a⁰
725 3299 767 3375 3⁰.
784 3295 831 3371 (7,
848 3294 932 3376 431).

243 3425 485 3510 755-756.
1178 3461 1272 3524 1344,
1289 3465 1307 3525 ,z
1327 3443 1509 3505 novembre.

236 3543 336 3609 Pater
351 3544 416 3609 S¹'¹⁸.
434 3543 564 3608 Placuit
585 3551 695 3608 vestre
721 3543 932 3622 beatitudini,
956 3565 1010 3608 me
1040 3543 1196 3628 Hugone‚
1214 3545 1265 3609 tit.
1284 3545 1314 3608 S.
1331 3544 1502 3609 Laurentii
1519 3545 1552 3608 in

192 3647 343 3713 Damaso
369 3650 477 3733 presb.
503 3646 590 3712 card.
606 3661 628 3728 ³,
645 3646 865 3733 supplicante,
882 3645 992 3711 facere
1014 3648 1156 3731 gratiam
1177 3647 1358 3733 specialem
1376 3643 1495 3730 Egidio
1511 3646 1553 3710 de

194 3750 339 3832 Puiseus,
367 3771 441 3836 cap.
466 3758 501 3815 et
524 3749 625 3815 famil.
652 3769 729 3813 meo
752 3749 948 3830 domestic0,
973 3749 1113 3816 decan.
1137 3758 1171 3815 et
1194 3753 1285 3835 preb.
1309 3738 1390 3815 cccl.
1414 3751 1446 3813 S.
1464 3749 1551 3813 Petri

193 3853 404 3935 Casletensis,
431 3852 599 3919 Morinerr.
623 3853 720 3933 dioc,
744 3873 818 3917 vac.
841 3860 923 3918 tunc
938 3873 997 3938 per
1012 3862 1157 3919 mortem
1180 3852 1349 3937 quondam
1366 3853 1496 3918 Odonis
1511 3853 1553 3918 de

193 3957 312 4041 Roma,
336 3958 485 4043 ejusdem
512 3958 594 4023 eccl.
620 3977 706 4038 can,
732 3957 788 4040 qui
811 3956 846 4020 in
869 3957 1019 4042 partibus
1036 3957 1099 4022 illis
1114 3958 1203 4022 diem
1219 3956 1339 4022 clausit
1355 3966 1552 4036 extremum,

226 4201 248 4246 l.
260 4197 356 4246 L’obbo
369 4197 486 4262 Phibppe
497 4198 583 4246 obtint
596 4213 645 4246 une
656 4197 732 4246 lettre
743 4197 936 4259 ‹l’indulgeuces
952 4197 975 4245 le
991 4198 1074 4245 meme
1089 4197 1149 4259 jour
1165 4198 1243 4261 (Περ.
1254 4199 1331 4247 Aria.
1349 4199 1386 4257 78,
1399 4198 1418 4246 f.
1431 4199 1511 4260 3691).
1522 4227 1555 4233 -

192 4275 215 4320 2.
228 4273 377 4334 L'egliserlo
389 4270 671 4321 Sta-Genevieveavait
682 4270 724 4320 ete
735 4270 834 4320 tlonude
845 4274 861 4319 b
873 4271 991 4333 l'abbeye
1002 4271 1034 4319 de
1047 4271 1189 4320 St·Nioaise
1200 4272 1233 4320 de
1252 4273 1338 4320 Roime
1356 4285 1404 4334 par
1423 4271 1504 4320 Alnrd
1522 4271 1555 4320 de

192 4345 292 4394 ommni
304 4351 331 4394 eb
342 4346 474 4394 eafemme
487 4345 605 4405 Basilide,
626 4359 685 4392 sous
704 4345 728 4393 lo
747 4348 950 4405 gouvernement
969 4344 1096 4404 d'Otbert,
1117 4343 1214 4404 evaque
1233 4345 1266 4393 de
1286 4344 1370 4406 Liege.
1382 4343 1553 4405 L’equuede

193 4417 269 4481 Libge
282 4417 973 4482 Henriapprouvaoebt'odonabioneu1148(Miraeuo,
987 4415 1034 4479 Op.
1042 4415 1113 4479 dipl,
1122 4417 1173 4476 111,
1187 4419 1314 4479 668-669).
1323 4418 1373 4466 Ias
1389 4418 1512 4466 Archives
1522 4417 1554 4466 de

192 4493 282 4552 l'lltat,
295 4495 311 4540 b
323 4492 405 4552 Mons,
425 4490 562 4556 possedeut
573 4505 624 4541 une
635 4493 707 4554 copie
718 4489 829 4539 delivrde
840 4506 888 4554 par
908 4491 934 4539 la
953 4505 1015 4547 oour
1033 4489 1240 4554 metropolitaine
1259 4492 1291 4541 de
1311 4493 1403 4551 Reims,
1417 4492 1441 4539 le
1452 4493 1483 4539 26
1496 4507 1554 4539 nov.

193 4568 263 4624 1345,
276 4567 308 4615 de
320 4567 345 4614 la
355 4566 426 4615 bulle
437 4567 544 4615 d’nnion
555 4566 591 4614 du
604 4567 618 4613 4
631 4565 769 4614 novembre
783 4566 851 4626 1344,
864 4565 930 4614 ainsi
942 4579 993 4626 que
1003 4570 1096 4626 quatre
1115 4565 1218 4614 chartas
1229 4565 1364 4626 originales
1375 4565 1412 4612 dn
1425 4566 1456 4612 25
1467 4562 1555 4624 juillet

194 4641 256 4688 1³45
267 4654 301 4688 au
313 4641 345 4687 22
356 4641 407 4688 mai
420 4641 483 4688 1346
494 4639 669 4701 d'Engelburt,
682 4638 721 4687 ev.
733 4640 765 4688 de
777 4638 860 4701 lege,
881 4638 952 4688 etde
971 4638 1146 4687 l'arohidiacre
1165 4640 1246 4689 Henri
1259 4637 1428 4702 (Suderman)
1445 4637 1478 4688 de
1498 4639 1556 4686 Τετ-

193 4715 295 4775 moigne
307 4711 426 4761 relatives
438 4715 454 4761 b
465 4717 533 4762 cette
545 4715 625 4762 union
637 4714 876 4776 (Reneeignements
886 4713 936 4761 dus
954 4715 969 4760 b
987 4712 1013 4761 ln
1024 4713 1209 4762 bienveillnnco
1219 4713 1251 4761 de
1269 4713 1304 4761 M.
1321 4712 1398 4777 Leop.
1413 4713 1558 4774 Devillers).

192 4787 230 4836 Ia
241 4786 312 4836 bullo
322 4785 355 4834 de
367 4785 485 4836 clement
496 4787 533 4835 VI
545 4787 679 4849 reproduit
691 4787 716 4835 la
736 4787 812 4835 lettre
830 4787 863 4835 de
889 4786 1004 4847 leveque
1023 4786 1141 4849 Adolphe
1160 4785 1193 4834 de
1213 4785 1289 4848 Llege
1308 4787 1344 4834 dn
1362 4786 1445 4849 tljuin
1459 4789 1520 4835 1343
1532 4793 1558 4834 et

191 4860 255 4909 celle
266 4859 301 4906 de
312 4857 487 4908 l’archidiacre
499 4859 581 4908 Hermi
593 4859 626 4908 de
639 4859 770 4907 Premente
782 4859 818 4906 du
831 4861 861 4908 10
873 4859 1018 4921 septembre
1036 4860 1140 4906 suivant
1160 4857 1236 4924 (Rep.
1248 4860 1325 4908 Arva.
1346 4861 1384 4919 79,
1397 4859 1426 4908 ff.
1439 4862 1470 4906 66
1484 4860 1559 4922 -73’).

192 4961 225 4968 —-
237 4935 260 4981 3.
272 4933 381 4993 Hugueo
391 4932 474 4994 Roger
488 4949 494 4990 ς
507 4935 562 4981 voir
572 4947 598 4982 n.
611 4934 665 4981 395.
