3650 5675
730 526 818 599 1350,
841 526 927 590 10-12
950 525 1019 589 mai.
1492 533 1554 595 507

191 680 295 763 grani,
323 679 482 745 Leodien.
510 680 607 760 dioc,
632 680 674 745 de
699 699 772 745 can.
788 688 823 745 et
839 682 931 764 preb.
956 679 1096 745 ecclesie
1123 679 1162 745 B.
1190 679 1239 745 M.
1265 683 1441 766 Aquensis,
1465 684 1554 749 dicte

190 783 289 864 dioc,
307 802 381 848 vac.
399 803 458 869 per
473 792 620 849 mortem
637 782 786 848 Bertoldi
803 782 921 848 Ulrici.

236 884 325 950 Item
341 889 611 972 acceptationem
628 887 752 952 factam
765 882 1025 971 per'Henricum
1039 885 1172 953 Gruteri
1185 888 1227 953 de
1240 886 1346 953 Venle
1358 889 1401 954 de
1416 893 1553 976 paroch.

190 990 274 1053 eccl.
290 988 332 1053 de
348 987 452 1054 Wilre
465 990 559 1071 juxta
576 990 607 1054 S.
623 988 826 1071 Trudonem,
848 989 1009 1056 Leodien.
1033 991 1130 1072 dioc,
1153 1013 1226 1058 vac.
1243 1013 1303 1078 per
1317 996 1371 1059 ob.
1390 993 1553 1080 Hugolini

192 1093 303 1159 Tinoli
321 1102 341 1159 ¹.
365 1134 407 1142 -
432 1093 507 1159 Fiat
532 1094 572 1159 R.

237 1195 316 1262 Dat.
332 1218 385 1283 ap.
402 1196 652 1263 Villamnovam
670 1201 688 1262 8
706 1197 749 1263 id.
765 1198 843 1263 maii
860 1206 894 1263 a⁰
911 1201 953 1263 8⁰.
971 1200 1043 1282 (18,
1060 1198 1097 1263 P.
1115 1197 1160 1280 ll,
1178 1202 1262 1284 87').

245 1334 390 1417 1950.
1262 1372 1302 1435 13
1302 1372 1357 1435 50,
1375 1374 1416 1417 10
1432 1357 1510 1419 inat.

236 1453 337 1539 Supp.
353 1452 527 1531 Johannes
543 1452 756 1538 Canisterper
768 1464 788 1535 ²,
812 1461 922 1519 rector
945 1455 1082 1540 paroch.
1109 1456 1191 1520 eccl.
1216 1454 1258 1519 de
1284 1455 1457 1538 Drimilen,
1474 1478 1554 1524 con-

192 1556 258 1622 cilii
270 1563 284 1591 ‘¹
300 1556 470 1637 BekensiS,
487 1556 648 1621 Leodien.
664 1557 761 1637 dioc,
778 1566 868 1641 quat.
885 1557 946 1622 sibi
962 1556 1005 1622 de
1020 1557 1187 1624 decanatu
1201 1559 1300 1624 rurali
1312 1559 1382 1625 sive
1403 1559 1555 1626 christia-

192 1660 307 1725 nitatis
322 1660 402 1725 dicti
419 1658 576 1725 conciliib
593 1657 764 1739 BekensiS,
781 1660 874 1744 cujus
890 1659 1055 1725 fructus...
1074 1662 1174 1726 annui
1202 1662 1385 1728 secundum
1407 1664 1555 1729 taxatio-

192 1786 271 1829 nem
286 1764 415 1830 decime
433 1785 473 1848 24
490 1764 560 1829 libr.
576 1784 755 1850 parvorum
779 1762 948 1829 Turonen.
973 1785 1041 1830 non
1069 1766 1246 1847 excedunt,
1270 1787 1343 1832 vac.
1360 1766 1402 1833 ad
1418 1788 1555 1854 presens

192 1889 251 1953 per
268 1870 320 1933 ob.
337 1867 475 1933 Gerardi
492 1858 534 1931 de
552 1866 649 1948 Rivo,
667 1867 767 1952 ipsius
783 1866 966 1932 decanatus
980 1867 1090 1932 ultimi
1106 1868 1235 1950 decani,
1263 1870 1319 1954 001
1336 1878 1431 1935 extra
1454 1870 1553 1937 Rom.

191 1971 319 2036 curiam
343 1970 433 2036 diem
460 1972 801 2053 clausitextremum,
824 1971 867 2037 ad
892 1992 992 2055 quem
1017 1974 1194 2039 consuevit
1217 1973 1291 2057 quis
1314 1975 1356 2040 de
1372 1976 1554 2040 rectoribus

192 2074 433 2159 parochialium
460 2076 676 2140 eeclesiarum
699 2075 779 2141 dicti
796 2076 929 2141 concilii
945 2087 956 2110 ²
979 2096 1039 2162 per
1058 2077 1261 2143 electionem
1276 2079 1353 2163 eligi
1368 2088 1404 2144 et
1418 2080 1553 2162 assumi,

191 2179 255 2244 etsi
272 2178 369 2244 100111
384 2180 582 2264 generaliter
605 2180 669 2244 vel.
682 2180 873 2265 specialiter
892 2189 1120 2263 reservatum,
1144 2181 1326 2266 dignemini
1353 2184 1552 2269 providere3

192 2303 261 2348 non
281 2286 367 2348 obst.
379 2284 469 2367 quod
484 2284 612 2349 dictam
635 2284 812 2349 ecclesiam
827 2284 963 2370 paroch.
980 2293 1015 2349 01
1031 2287 1134 2350 011010
1151 2284 1205 2350 SS.
1222 2286 1367 2372 Philippi
1383 2294 1418 2351 et
1432 2286 1453 2364 J
1456 2288 1553 2353 acobi

192 2387 225 2451 in
242 2388 323 2452 eccl.
341 2386 499 2467 Distensi,
523 2387 613 2452 dicte
628 2386 726 2466 (1100,
743 2396 900 2453 noscatur
916 2389 1078 2454 obtinere.
1101 2430 1145 2439 -
1168 2388 1246 2454 Fiat
1270 2390 1311 2456 R.

236 2489 321 2554 Dat.¹
332 2510 385 2575 ap.
403 2489 652 2555 Villamnovam
671 2495 688 2554 6
705 2490 748 2555 id.
765 2490 842 2555 maii
860 2498 894 2555 a⁰
910 2495 952 2556 8⁰.
972 2493 1043 2576 (18,
1061 2491 1097 2557 P.
1114 2492 1159 2573 ΙΙ,
1179 2494 1261 2577 65').

246 2625 379 2709 1951.
745 2630 762 2643 “
1257 2663 1352 2726 1350,
1373 2664 1413 2708 12
1430 2646 1508 2709 anai.

227 2744 335 2838 'Supp.
353 2744 552 2830 Stephanus
570 2744 748 2809 cardinalis
764 2743 1127 2830 Claromonten.,quat.
1146 2745 1297 2811 Martino
1312 2746 1428 2811 Bencii
1444 2747 1554 2832 provi-

188 2849 268 2913 dere
292 2849 474 2932 dignemini
502 2849 544 2914 de
568 2849 706 2934 paroch.
732 2849 813 2913 eccl.
837 2847 880 2913 de
896 2847 1010 2930 Wilre,
1035 2849 1196 2916 Leodien.
1221 2851 1319 2931 dioc,
1335 2872 1408 2916 vac.
1424 2872 1484 2937 per
1499 2855 1552 2916 ob.

193 2951 353 3036 Hugolini
370 2951 481 3018 Tinoli
497 2952 539 3017 de
555 2953 691 3018 Perusio
702 2963 723 3032 ³,
736 2974 801 3037 que
816 2973 982 3018 summam
999 2973 1039 3036 50
1055 2952 1127 3018 libr.
1143 2953 1312 3019 Turonen.
1327 2974 1418 3040 parv.
1435 2974 1552 3020 secun-

190 3055 272 3120 dum
288 3055 497 3120 taxationem
514 3057 644 3122 decime
667 3057 846 3123 ascendere
862 3056 1088 3142 dignoscitur;
1114 3078 1183 3122 non
1207 3062 1292 3129 obst.
1308 3059 1398 3143 quod
1421 3079 1493 3125 can.
1517 3066 1552 3124 et

192 3161 282 3243 preb.
299 3159 332 3222 in
349 3160 430 3224 eccl.
447 3158 607 3231 Leodien.
630 3171 787 3227 noscatur
810 3162 1038 3227 obtinere.-—
1062 3161 1139 3227 Fiat
1163 3163 1203 3228 R.

236 3261 315 3326 Dat.
330 3283 384 3347 ap.
402 3262 651 3330 villamnovam
665 3289 687 3350 4
703 3264 747 3330 id.
764 3266 842 3331 maii
858 3273 891 3331 a⁰
908 3268 951 3331 8⁰.
968 3268 1039 3350 (18,
1057 3266 1093 3331 P.
1111 3265 1157 3347 Il,
1175 3266 1242 3351 71).

244 3398 381 3481 1952.
1259 3438 1354 3502 1350,
1372 3439 1412 3482 12
1429 3420 1506 3483 anai.

236 3517 337 3603 Supp.
354 3517 522 3583 Robertus
538 3518 692 3585 Punefier
707 3520 750 3585 de
766 3520 937 3585 Liemoir⁴
953 3530 1044 3605 quat.
1069 3543 1146 3587 cum
1173 3521 1234 3587 sibi
1260 3520 1386 3587 dudum
1409 3521 1452 3586 de
1475 3543 1551 3587 can.

190 3630 228 3685 et
242 3625 333 3707 preb.
350 3623 489 3687 ecclesie
514 3620 727 3704 NivellensiS,
744 3622 901 3689 Leodien.
919 3624 1015 3705 (1100,
1042 3625 1132 3711 apud
1154 3624 1268 3690 sedem
1291 3631 1399 3710 apost.
1423 3646 1483 3710 per
1498 3628 1553 3690 ob.

193 3725 341 3808 Alquerii
357 3725 399 3791 de
412 3725 540 3790 Lanate
551 3734 570 3806 ⁵,
583 3727 753 3812 scriptoris
775 3729 888 3808 vestri,
904 3748 989 3808 vac,
1005 3749 1065 3815 per
1088 3729 1119 3795 S.
1136 3728 1176 3793 V.
1191 3730 1362 3814 provisum
1385 3735 1421 3792 et
1442 3736 1554 3793 vestra

192 3829 396 3894 auctoritate
412 3830 655 3915 possessionem
679 3840 849 3896 assecutus
871 3832 996 3912 fuisset,
1020 3852 1059 3897 ac
1074 3841 1228 3917 tempore
1243 3833 1285 3897 fe.
1306 3854 1352 3898 re.
1379 3830 1553 3898 Benedicti

191 3953 280 4019 pape
296 3931 376 4013 XII,
400 3932 477 4016 0010
493 3953 562 3998 non
579 3943 673 4000 erant
697 3935 741 4001 ibi
757 3936 927 4022 prebende
943 3937 1185 4022 presbiterales,
1202 3944 1365 4001 statutum
1382 3943 1419 4000 ut
1433 3935 1554 4001 dicitur

193 4035 320 4101 factum
336 4044 370 4100 et
382 4037 529 4121 juratum
545 4059 585 4104 ac
602 4040 804 4105 auctoritate
820 4049 927 4125 apost.
945 4041 1180 4105 confirmatum
1196 4038 1258 4104 fuit
1273 4038 1364 4122 quod
1372 4039 1552 4124 prebenda,

191 4159 257 4225 que
274 4139 306 4204 in
334 4149 506 4225 posterum
529 4163 633 4226 00000
656 4143 698 4208 ad
721 4152 848 4208 certum
864 4164 1038 4208 numerum
1055 4143 1161 4208 tercio
1176 4149 1311 4208 vacaret
1326 4143 1412 4221 1000,
1429 4143 1553 4227 presbi-

192 4245 306 4310 teralis
321 4253 356 4310 et
372 4266 446 4309 earn
473 4245 635 4331 recipiens
659 4253 737 4311 0010
753 4245 917 4331 presbiter
932 4266 1004 4310 esse
1019 4246 1157 4311 deberet
1173 4266 1213 4310 ac
1228 4244 1317 4311 idem
1335 4243 1502 4310 Robertus
1518 4245 1552 4308 in

192 4356 284 4413 etate
305 4353 341 4414 16
358 4370 521 4415 annorum
543 4357 625 4415 tunc
641 4349 843 4414 constitutus
865 4350 920 4413 vel
937 4350 1024 4415 circa
1039 4358 1074 4415 et
1088 4370 1157 4414 non
1174 4349 1344 4436 presbiter,
1361 4349 1417 4434 qui
1433 4349 1475 4414 de
1488 4350 1553 4415 hoc

192 4460 332 4534 0101010,
359 4474 434 4518 cum
461 4453 569 4539 ipsum
595 4460 748 4539 tempore
771 4452 1015 4538 impetrationis
1031 4453 1211 4538 ignoraret,
1227 4454 1353 4518 nullam
1377 4454 1492 4519 fecerit
1517 4455 1552 4518 in

227 4671 249 4716 a,
262 4657 286 4717 b,
299 4657 326 4719 0)
342 4657 398 4706 eod.
411 4657 523 4705 Consilii.

202 4795 438 4803 ...ω-...-

228 4889 250 4934 l.
262 4885 324 4934 Voir
336 4901 361 4934 n.
374 4887 444 4936 1928,
456 4915 487 4922 -
498 4890 522 4936 2.
536 4888 596 4935 Voir
608 4903 632 4936 n.
646 4891 698 4949 732,
714 4889 782 4948 1112,
796 4891 866 4938 1170.
879 4917 910 4922 -
929 4889 951 4937 3.
965 4887 1026 4935 Voir
1036 4902 1062 4937 n.
1075 4889 1145 4950 19211,
1160 4890 1229 4937 1919.
1242 4917 1273 4922 -
1286 4889 1308 4937 1,
1321 4887 1383 4935 Voir
1398 4903 1424 4938 n.
1437 4889 1507 4937 1799.
1519 4915 1551 4922 -

193 4963 218 5008 5.
231 4959 292 5007 Voir
303 4975 329 5009 n.
343 4963 413 5010 1321.
