3650 5675
700 452 798 532 1848,
822 454 990 520 6-122011.
1467 453 1532 523 878

175 629 216 676 ac
231 605 353 673 deinde
368 605 402 671 S.
416 602 458 672 V.
473 604 507 670 in
523 599 676 691 hospicio
687 604 837 690 ejusdem
853 604 885 672 S.
897 602 939 672 V.
950 606 1038 672 ultra
1054 605 1233 672 Rodanum
1248 626 1308 692 per
1327 606 1364 672 16
1380 599 1488 672 annos
1499 615 1533 673 et

176 713 262 778 ultra
277 710 441 776 continuo
455 708 602 789 servivit,
618 714 712 793 quat.
723 708 834 775 eidem
849 709 892 775 de
907 729 982 774 can.
998 716 1034 774 et
1048 712 1140 795 preb.
1157 711 1297 776 ecclesie
1312 709 1443 778 Tullen.
1459 731 1533 778 vac.

176 817 208 880 in
224 815 316 882 curia
331 814 430 879 Rom.
445 834 506 898 per
520 815 574 878 ob.
590 811 721 878 Thorne
737 812 779 878 de
791 812 977 899 Domparie
988 823 1038 878 ¹...
1052 813 1232 899 dignemini
1248 815 1421 900 providere
1437 839 1446 895 ;
1462 837 1531 882 non

176 923 261 987 obst.
286 917 377 1003 quod
392 916 481 982 idern
505 913 669 981 Nicolaus
695 936 769 981 can.
793 924 829 981 et
851 918 943 1002 preb.
968 917 1050 982 eccl.
1077 917 1265 1001 collegiate'
1279 911 1533 998 Rothhacensis,

176 1024 393 1089 Cameracen.
408 1019 506 1100 dioc,
522 1019 564 1084 de
591 1018 710 1103 quibus
735 1019 845 1085 adhuc
867 1028 1005 1106 propter
1030 1041 1165 1106 guerras
1188 1021 1357 1086 modicum
1384 1021 1535 1108 percepit

172 1148 216 1212 ac
231 1126 315 1192 eccl.
328 1122 482 1212 parroch.
497 1121 540 1188 de
557 1121 719 1205 Moussin,
735 1121 922 1190 Tomacen.
946 1123 1044 1206 dioc,
1060 1145 1160 1210 quam
1187 1145 1293 1210 nuper
1315 1124 1428 1210 vigore
1444 1125 1534 1191 litte·

175 1250 288 1295 rarum
303 1235 530 1294 vestrarum...
548 1225 660 1291 extitit
687 1226 827 1312 pacifice
852 1236 1033 1310 assecutus
1050 1229 1143 1313 cujus
1168 1228 1294 1294 fructus
1320 1229 1406 1294 ultra
1422 1249 1462 1314 23
1478 1228 1534 1296 lib

177 1332 281 1398 Paris.
295 1351 365 1420 non
380 1335 601 1396 accensantur
616 1329 802 1412 annuatim,
818 1330 861 1396 de
876 1339 911 1396 et
927 1351 1025 1418 super
1040 1332 1158 1418 quibus
1174 1333 1348 1398 solvuntur
1364 1333 1485 1400 clerico
1501 1333 1535 1398 in

177 1435 296 1500 eadem
311 1431 512 1501 deservienti
532 1453 592 1499 1oo
615 1433 711 1498 solidi
727 1433 903 1499 annuatim
920 1443 954 1500 et
970 1437 1057 1501 ultra
1072 1436 1136 1501 hec
1148 1435 1317 1502 decimam
1329 1445 1535 1518 consuetam,

176 1539 326 1604 noscitur
343 1537 506 1603 obtinere.
522 1578 566 1586 —
582 1536 659 1601 Fiat
677 1535 716 1601 R.

220 1642 301 1707 Dat.
316 1641 416 1706 Avin.
435 1661 453 1704 2
470 1661 549 1707 non.
566 1659 640 1725 aug.
658 1647 691 1704 a⁰
708 1647 750 1724 7⁰.
764 1641 836 1726 (15,
854 1642 942 1727 181).

229 1786 378 1871 1403-
453 1860 455 1863 ,
1257 1805 1352 1888 1348,
1369 1802 1390 1867 ό
1405 1808 1493 1868 aodt.

221 1904 345 1990 Supp...
361 1902 560 1983 Galhardus,
572 1901 605 1968 S.
622 1898 724 1967 Lucie
739 1901 774 1966 in
790 1901 883 1968 silice
897 1902 1129 1987 diac.ca1d.,...
1141 1913 1233 1990 quat.
1247 1905 1291 1972 de
1306 1906 1442 1992 paroch.
1455 1908 1537 1974 eccl.

176 2008 220 2072 de
234 2005 539 2092 Amulphamonte,
556 2003 805 2090 Rothomagen.
821 2005 953 2088 dioc.‚...
970 2004 1113 2075 Matheo
1134 2008 1177 2076 de
1202 2009 1342 2092 Sanctis
1364 2011 1538 2098 capellano

177 2111 329 2201 familiari
345 2118 380 2175 et
395 2108 613 2175 commensali
629 2107 710 2174 dicti
727 2108 905 2194 cardinalis
920 2125 941 2192 ²,
958 2109 1140 2194 dignemini
1154 2113 1330 2200 providere
1343 2135 1352 2193 ;
1368 2134 1436 2180 non
1452 2116 1537 2182 obst.

172 2208 268 2299 ¹quod
283 2205 325 2279 de
341 2201 416 2279 can.
432 2222 467 2279 et
482 2215 574 2298 preb.
590 2212 672 2277 eccl.
696 2213 727 2278 S.
743 2211 910 2290 Johannis
934 2210 1085 2280 Leodien
1111 2236 1217 2302 nuper
1243 2216 1275 2282 S.
1291 2216 1363 2303 ipsa
1391 2218 1435 2283 ad
1458 2217 1538 2284 dicti

178 2318 353 2384 cardinalis
368 2317 652 2403 supplicacionem
675 2315 821 2401 providit
845 2317 955 2382 eidem
982 2325 1017 2383 et
1043 2320 1205 2406 capellan.
1227 2341 1321 2408 perp.
1347 2320 1389 2386 de
1412 2321 1539 2387 Hoiva-

177 2421 276 2506 gniel,
295 2418 461 2486 Morinen.
477 2420 576 2500 dioc,
592 2420 741 2485 noscitur
756 2419 918 2488 obtinere.
935 2461 976 2472 -
994 2421 1071 2488 Fiat
1087 2422 1127 2490 R.

222 2525 302 2590 Dat.
317 2524 418 2589 Avin.
434 2526 452 2588 8
470 2523 514 2590 id.
529 2543 605 2608 aug.
620 2529 653 2588 a⁰
670 2530 712 2606 7⁰.
730 2524 801 2609 (15,
822 2526 925 2610 184').

232 2663 383 2745 1404.
1238 2679 1333 2760 1548,
1351 2697 1392 2742 rr
1408 2682 1496 2743 aotlt.

224 2781 347 2868 Supp...
374 2779 515 2847 servitor
540 2786 576 2845 et
599 2798 704 2863 coqus
727 2785 839 2843 vester
868 2776 1042 2856 Johannes
1070 2777 1217 2860 Postelli,
1249 2787 1341 2863 quat.
1371 2779 1538 2866 [familiari

182 2907 245 2952 suo
259 2885 440 2951 Guillelmo
463 2883 643 2965 CandoinS,
659 2881 799 2969 clerico]
830 2881 1007 2947 Ebroicen.
1023 2880 1162 2964 dioc.‚...
1180 2881 1223 2947 de
1249 2884 1386 2969 paroch.
1402 2886 1484 2949 eccl.
1500 2882 1539 2949 R

183 2988 233 3055 M.
249 2990 291 3055 de
306 2987 510 3074 Aquilavilla
535 3007 634 3072 supra
657 2986 862 3066 Passiacum,
878 2985 968 3051 dicte
984 2984 1060 3053 dioc
1063 3036 1114 3067 .....
1133 2984 1309 3071 providere
1335 2987 1539 3072 dignemini,⁸

181 3115 249 3160 non
266 3096 352 3160 obst.
368 3093 458 3177 quod
481 3090 589 3156 eidem
607 3089 789 3155 Guillelmo
805 3090 837 3155 S.
853 3087 893 3156 V.
909 3090 952 3156 de
967 3091 1104 3175 paroch.
1121 3090 1203 3157 eccl.
1218 3089 1261 3157 de
1279 3090 1401 3172 Heriis,
1419 3090 1537 3157 Came·

180 3219 291 3264 racen.
305 3197 403 3278 dioc,
418 3194 551 3261 noviter
565 3193 754 3279 providit,...
771 3194 824 3258 cui
839 3202 976 3278 paratus
991 3200 1041 3259 est
1056 3194 1261 3259 renunciare.
1276 3234 1321 3244 -
1336 3193 1412 3261 Fiat
1431 3194 1471 3261 R.

226 3302 305 3365 Dat.
320 3300 421 3364 Avin.
439 3320 457 3383 3
475 3299 518 3365 id.
533 3318 607 3382 aug.
623 3304 656 3363 a⁰
673 3305 715 3382 7⁰.
732 3298 803 3383 (15,
823 3298 911 3381 199).

236 3436 380 3519 1405.
1240 3451 1334 3533 1348,
1351 3468 1392 3513 12
1409 3454 1496 3515 acal.

225 3555 325 3620 Pater
337 3553 578 3620 sanctissime...
591 3551 740 3630 Johanni
756 3550 798 3616 de
814 3550 980 3632 Tomaco,
991 3551 1158 3618 advocato
1171 3553 1204 3617 in
1217 3553 1427 3639 parlamento
1442 3553 1538 3637 regis,

181 3657 364 3743 dignemini
379 3656 555 3743 providere
570 3655 613 3723 de
628 3676 704 3722 can.
719 3662 754 3719 et
777 3658 870 3740 preb.
895 3655 1036 3721 ecclesie
1061 3654 1278 3723 Cameracen.
1292 3677 1364 3722 vac.
1387 3677 1446 3741 per
1461 3656 1540 3721 libe·

181 3783 253 3827 ram
280 3752 545 3845 resignacionem
572 3760 606 3824 in
632 3758 786 3824 manibus
811 3758 894 3824 dicti
917 3758 1045 3823 domini
1069 3760 1198 3825 abbatis
1226 3758 1281 3846 [=
1301 3757 1481 3840 Guillelmi,
1510 3759 1541 3825 S.

182 3865 316 3930 Taurini
341 3862 583 3950 Ebroicensis],
598 3864 724 3929 factam
744 3871 779 3928 et
806 3861 985 3927 admissam
1012 3882 1072 3947 per
1093 3871 1346 3948 procuratorem
1371 3861 1539 3929 Guillelrui

182 3970 327 4050 Choleti,
349 3969 430 4034 olim
445 3969 536 4035 dicte
551 3970 634 4035 eccl.
650 3988 725 4034 can.
740 3967 938 4052 prebendati
954 3977 974 4032 ³.
991 4005 1034 4016 -—
1050 3964 1127 4031 Fiat
1144 3964 1183 4032 R.

225 4074 306 4142 Dat.
322 4074 421 4139 Avin.
438 4094 455 4137 2
473 4073 517 4139 id.
532 4092 607 4167 aug.
622 4079 657 4137 a⁰
672 4078 716 4153 7⁰.
733 4072 804 4157 (15,
825 4072 928 4158 192V).

234 4211 381 4294 1406.
1239 4222 1334 4305 1348,
1351 4240 1391 4285 12
1409 4226 1496 4287 acal.

225 4330 349 4417 Supp...
365 4326 607 4411 G(uillelmus),
624 4324 655 4391 S.
674 4323 723 4389 M.
740 4326 772 4390 in
790 4324 972 4392 Cosmedin
984 4325 1069 4392 diac.
1085 4325 1206 4407 card.,..
1216 4325 1306 4409 quod
1322 4325 1362 4391 E.
1379 4324 1410 4391 S.
1426 4325 1540 4410 digne·

181 4443 236 4499 tur
249 4434 382 4521 prefato
396 4432 535 4498 domino
550 4429 569 4508 J
573 4430 697 4496 charmi
716 4428 771 4514 [=
786 4428 935 4505 Johanni
949 4430 1054 4495 Pleno
1070 4428 1246 4510 amoribus,
1262 4430 1345 4495 alias
1359 4429 1401 4494 de
1418 4430 1540 4516 Reges·

182 4546 246 4619 tro,
270 4533 421 4603 familiari
446 4533 536 4621 suo],
561 4534 617 4620 qui
641 4534 725 4599 alias
740 4541 819 4598 octo
835 4534 930 4599 annis
946 4531 1114 4600 continuis
1129 4532 1170 4599 V.
1186 4532 1217 4600 S.
1234 4531 1376 4599 fideliter
1400 4542 1435 4601 et
1459 4555 1539 4601 con·

183 4642 279 4708 tinuo
302 4639 450 4721 servivit,
466 4639 508 4704 de
534 4658 609 4705 can.
624 4644 660 4702 et
682 4638 774 4722 preb.
787 4637 869 4703 eccl.
886 4636 1102 4704 Cameracen.
1128 4658 1202 4704 vac.
1217 4657 1276 4723 per
1291 4645 1435 4704 mortem
1451 4638 1540 4705 dom.

219 4886 239 4931 l.
253 4883 352 4941 Kimch,
365 4879 443 4940 roll,
457 4880 509 4939 168,
524 4881 577 4939 175,
590 4880 644 4937 210,
658 4880 712 4936 213,
725 4880 780 4926 221.
791 4906 824 4914 -
834 4881 858 4927 2.
875 4877 938 4927 Voir
950 4892 975 4927 n.
993 4878 1047 4937 9³6,
1067 4879 1136 4927 1214.
1149 4906 1180 4913 -
1192 4880 1215 4928 3.
1232 4879 1295 4928 Voir
1306 4891 1331 4926 11.
1345 4877 1414 4925 1393.
