3650 5675
719 532 806 605 1350.
829 532 886 597 2-6
908 531 977 597 mai.
1466 535 1529 599 505

223 680 359 762 1941.
1259 712 1353 778 1350,
1370 716 1389 759 0
1406 698 1484 761 mai.
1610 768 1612 773 ,

211 798 357 863 Rotulus
374 799 645 884 resignatz'onum.
1233 867 1237 877 ‚

212 902 299 969 Item
316 901 502 987 Reginaldo
514 900 705 981 Petronille,
718 903 826 986 presb.
836 899 1043 967 Lenovicen.
1052 900 1150 982 dioc,
1157 902 1339 987 dignemini
1351 903 1529 989 providere

166 1009 209 1074 de
225 1029 298 1074 can.
314 1014 349 1073 et
364 1009 456 1093 preb.
484 1005 625 1071 ecclesie
649 1003 860 1085 Casletensis,
888 1002 1057 1069 Morinen.
1083 1006 1182 1087 dioc,
1209 1026 1282 1073 vac.
1305 1027 1365 1092 per
1388 1008 1528 1073 liberam

166 1112 426 1197 resignationem
443 1110 566 1175 factam
583 1129 642 1195 per
658 1108 795 1173 Petrum
811 1107 958 1193 Capocie
970 1119 989 1173 ¹.
1005 1148 1047 1159 —
1065 1108 1144 1175 Fiat
1161 1108 1202 1175 R.

211 1216 288 1281 Dat.
304 1235 357 1300 ap.
374 1212 624 1279 Villamnovam
641 1216 660 1276 6
675 1232 754 1277 non.
770 1212 848 1277 maii
864 1218 898 1275 0ο
913 1214 957 1277 8⁰.
975 1212 1049 1295 (18,
1065 1211 1101 1278 P.
1119 1211 1165 1294 ll,
1184 1215 1267 1297 60').

219 1378 361 1463 1942.
1256 1412 1352 1476 1350,
1366 1414 1387 1477 3
1406 1397 1483 1459 mai.

208 1498 309 1583 Supp.
337 1494 448 1561 Guido
470 1496 513 1560 de
530 1494 734 1560 Podiovallis
748 1506 759 1531 ²
774 1504 864 1580 quat.
893 1494 1030 1579 Hugoni
1054 1495 1098 1561 de
1121 1496 1252 1578 Duno³,
1270 1497 1410 1563 Remen.
1425 1498 1528 1579 dioc„

165 1621 254 1685 mag.
271 1600 304 1664 in
321 1608 383 1665 art.
399 1608 435 1663 et
448 1602 521 1665 bac.
538 1599 571 1663 in
588 1599 702 1679 theol,
719 1599 752 1664 in
769 1600 922 1685 proximo
938 1600 982 1665 ad
994 1600 1167 1665 licentiam
1178 1602 1415 1686 presentando,
1426 1623 1528 1668 cano—

164 1704 242 1769 nico
266 1702 476 1789 prebendato
502 1702 643 1768 ecclesie
659 1701 701 1767 de
718 1702 865 1787 Braquis,
891 1702 981 1769 dicte
1008 1703 1106 1783 dioc,
1122 1703 1166 1769 de
1187 1706 1396 1789 prepositura
1423 1706 1524 1791 ipsius

164 1809 305 1874 ecclesie
318 1828 358 1891 30
374 1808 447 1872 libr.
460 1806 618 1871 Parisien.
631 1805 813 1871 secundnm
826 1807 1034 1872 taxationem
1046 1806 1177 1873 decime
1186 1809 1337 1873 valorem
1348 1830 1416 1875 non
1429 1829 1527 1874 exce-

164 1912 275 1991 dente,
292 1910 344 1976 cui
361 1930 438 1976 cura
456 1909 619 1987 imminet,
635 1930 708 1974 vac.
724 1930 783 1995 per
799 1912 852 1975 ob.
870 1909 1026 1994 Hugonis
1041 1910 1073 1975 le
1088 1909 1198 1992 Voeit,
1219 1910 1401 1995 dignemini
1413 1913 1525 1998 provi-

164 2015 254 2095 dere,
269 2036 338 2080 non
355 2017 441 2079 obst.
457 2012 548 2097 quod
570 2012 604 2076 in
628 2012 744 2078 eadem
761 2020 796 2076 et
812 2011 846 2075 in
863 2009 1045 2075 Virdunen.
1072 2011 1221 2077 ecclesiis
1236 2032 1310 2077 can.
1326 2021 1362 2077 et
1376 2016 1468 2099 preb.
1485 2033 1525 2078 ac

164 2120 299 2205 paroch.
324 2120 406 2184 eccl.
429 2119 472 2183 de
495 2114 700 2197 Broukerka,
730 2114 895 2180 Morinen.
921 2115 1018 2195 dioc,
1043 2122 1202 2180 noscatur
1224 2115 1376 2181 obtinere
1399 2126 1434 2181 et
1448 2120 1527 2182 ben.

166 2222 248 2287 eccl.
265 2221 308 2287 ad
324 2221 399 2287 coll.
416 2220 656 2306 archiepiscopi
674 2229 708 2285 et
725 2220 861 2305 capituli
880 2219 1021 2286 Remen.
1037 2229 1205 2306 expectet.
1221 2263 1265 2273 -
1281 2220 1358 2287 Fiat
1375 2221 1415 2288 R

206 2325 285 2390 Dat.
301 2345 354 2410 ap.
370 2322 619 2388 Villamnovam
637 2342 653 2406 5
671 2343 750 2388 non.
766 2323 845 2388 maii
862 2331 894 2387 a⁰
911 2326 954 2388 8⁰.
971 2325 1042 2408 (18,
1060 2324 1097 2390 P.
1114 2323 1160 2405 lI,
1178 2327 1262 2409 561).

217 2489 362 2574 1943.
1253 2522 1348 2584 1550,
1365 2504 1386 2566 ό
1402 2506 1479 2568 moi.

206 2606 307 2692 Supp.
324 2605 403 2671 Flos
418 2604 460 2669 de
476 2604 624 2669 Pestello
638 2615 649 2647 ⁴
665 2612 756 2688 quat.
780 2604 921 2689 Symoni
942 2603 1061 2668 Clerici
1077 2604 1121 2669 de
1136 2604 1384 2690 Espaignyaco,
1401 2606 1526 2673 clerico

163 2710 363 2775 Ambianen.
388 2709 485 2788 dioc,
510 2708 728 2792 servitorique
753 2708 880 2792 registri
897 2708 1084 2773 litterarum
1100 2716 1285 2773 vestrarum
1308 2718 1343 2775 et
1367 2730 1428 2795 pro
1456 2731 1523 2794 quo

162 2814 265 2880 etiam
280 2812 401 2880 nobilis
416 2812 464 2877 vir
480 2811 570 2878 dom.
586 2812 626 2877 A.
644 2812 686 2878 de
704 2810 850 2877 Pestello
861 2809 982 2876 dicitur
1005 2810 1087 2877 alias
1102 2811 1314 2898 supplicasse,
1330 2813 1372 2879 de
1387 2814 1527 2900 paroch.

162 2921 244 2984 0001.
266 2919 308 2984 (10
325 2917 470 3002 Bergnes
492 2937 590 3002 super
616 2916 754 2998 Zonam,
783 2915 944 2982 Leodien.
968 2915 1066 2997 dioc,
1089 2937 1162 2983 vac.
1179 2915 1222 2981 ad
1243 2938 1381 3003 presens
1395 2938 1454 3003 per
1470 2921 1523 2984 ob.

161 3023 268 3088 ultimi
294 3022 431 3087 rectoris
443 3027 462 3101 ⁵,
487 3021 543 3105 qui
568 3040 673 3106 nuper
700 3027 794 3085 extra
822 3019 921 3085 Rom.
937 3019 1064 3084 curiam
1079 3019 1169 3085 diem
1184 3021 1303 3087 clausit
1326 3030 1523 3101 extremum,

161 3126 343 3212 dignemini
360 3125 545 3212 providere.
560 3159 603 3170 -
619 3123 695 3189 Fiat
711 3123 752 3188 R.

206 3231 283 3297 Dat.
299 3250 353 3315 ap.
369 3229 619 3294 villamnovam
636 3231 654 3292 8
671 3228 714 3294 id.
730 3228 808 3294 maii
824 3235 857 3294 a⁰
874 3230 918 3294 8⁰.
934 3229 1006 3312 (18,
1023 3226 1060 3292 Ρ.
1077 3227 1122 3309 ll,
1142 3230 1209 3312 62).

216 3395 361 3478 1944.
645 3397 647 3401 ’
1254 3424 1292 3487 13
1295 3425 1348 3485 50,
1365 3405 1385 3467 ό
1402 3407 1480 3470 mai.

206 3513 307 3599 Supp.
324 3511 521 3577 Guillelmus
537 3509 671 3594 Rogerii
688 3517 780 3593 quat.
797 3507 950 3574 familiari
964 3530 1024 3574 suo
1041 3507 1193 3574 Henrico
1209 3507 1354 3574 Humari
1364 3507 1386 3588 ⁶,
1399 3508 1525 3573 clerico

163 3615 323 3682 Leodien.
348 3616 447 3696 dioc,
470 3615 512 3680 de
536 3618 613 3681 ben.
630 3613 712 3678 eccl.
729 3635 757 3678 c.
774 3633 802 3678 c.
820 3613 873 3676 vel
890 3633 914 3677 s.
933 3634 961 3679 0.
978 3620 1154 3699 spectante
1170 3611 1213 3676 ad
1230 3613 1306 3677 coll.
1330 3612 1522 3676 monasterii

162 3721 195 3786 S.
212 3719 357 3785 Huberti
373 3720 405 3782 in
421 3718 589 3798 Ardenna,
617 3716 776 3784 Leodien.
802 3717 899 3798 dioc,
917 3717 959 3782 Ο.
976 3717 1007 3783 S.
1032 3716 1113 3797 B...,
1140 3716 1321 3800 dignemini
1339 3716 1526 3802 providere,

162 3844 231 3889 non
248 3826 333 3888 obst.
349 3823 439 3906 quod
455 3822 618 3907 capellan.
635 3821 667 3886 in
686 3823 767 3886 eccl.
792 3822 929 3906 paroch.
946 3819 1076 3885 Montis
1092 3821 1123 3886 S.
1139 3819 1284 3900 Andree,
1309 3819 1399 3884 dicte
1426 3819 1526 3898 dioc,

163 3928 314 3994 noscitur
329 3927 490 3991 obtinere.
506 3965 549 3975 —
566 3923 641 3989 Fiat
658 3924 698 4005 R,
715 3925 845 3990 etiamsi
863 3925 897 3989 in
913 3925 995 3991 eccl.
1012 3923 1193 3990 cathedrali
1210 3921 1275 3988 R⁸.

208 4031 295 4097 Item
311 4051 406 4116 supp.
422 4037 512 4114 quat.
529 4029 668 4114 Symoni
683 4027 726 4094 de
742 4027 885 4109 Welino,
901 4029 980 4094 cler.
994 4027 1153 4094 Leodien.
1169 4027 1266 4107 dioc,
1283 4027 1438 4092 familiari
1454 4047 1525 4104 suo,

163 4135 206 4202 de
221 4139 299 4200 ben.
313 4136 397 4200 eccl.
408 4155 443 4200 c.
454 4155 486 4199 c.
500 4135 554 4198 vel
569 4153 595 4198 s.
611 4153 643 4198 c.
657 4133 701 4198 ad
716 4133 792 4198 coll.
809 4133 947 4218 capituli
963 4131 1124 4198 Leodien
1139 4131 1323 4216 dignemini
1337 4131 1526 4216 providere.

163 4279 207 4288 —-
224 4239 299 4304 Fiat
312 4238 352 4304 R.

208 4341 286 4408 Dat.
303 4363 357 4428 ap.
374 4341 622 4407 Villamnovam
637 4342 655 4406 8
671 4339 715 4406 id.
731 4339 809 4406 maii
825 4347 858 4405 a⁰
875 4342 918 4406 8⁰.
935 4340 1008 4422 (18,
1024 4338 1061 4406 P.
1078 4338 1125 4421 Il,
1142 4341 1210 4424 64).

195 4575 224 4636 a)
237 4575 277 4622 En
289 4587 376 4636 margo
392 4589 397 4622 :
416 4573 468 4621 1010
485 4571 628 4620 additiones
640 4589 649 4620 .·
661 4572 761 4620 01101111
783 4572 808 4618 in
828 4569 888 4618 0011.
905 4569 1050 4619 cathedrali
1061 4570 1190 4631 :sterant
1202 4571 1281 4633 [101110
1299 4571 1325 4616 (ἠ
1337 4569 1460 4633 originali
1476 4585 1527 4633 per·

162 4645 288 4696 (1011111111
303 4651 412 4696 alme-nm
425 4651 448 4694 at
461 4646 504 4694 1110
515 4645 676 4694 (1011101111010
692 4660 792 4710 suaper
811 4658 846 4691 1110
859 4644 889 4691 P.
906 4645 1036 4694 Garatoni.

197 4904 217 4950 l.
230 4901 291 4950 11011·
302 4916 327 4951 n.
339 4903 393 4960 4111,
408 4901 460 4960 158,
481 4899 805 4956 1081-0101111810,
820 4900 890 4946 1420.
903 4927 935 4933 -
947 4899 972 4947 3.
985 4899 1083 4948 101111.
1098 4899 1167 4959 1829,
1181 4899 1251 4948 1877.
1264 4900 1329 4947 -1,
1342 4898 1405 4947 Voir
1415 4913 1440 4948 n.
1454 4901 1526 4948 1928.

163 4980 227 5026 -11,
239 4976 357 5026 l'rancou
367 4977 400 5024 (10
412 4975 544 5036 Jodoigne,
557 4975 612 5022 volt
624 4989 649 5022 n.
662 4974 810 5022 1931-(1.
825 4973 922 5025 101111,
935 4973 989 5029 sat,
1008 4974 1063 5022 859.
