3650 5675
316 522 379 589 384
825 519 915 595 1348,
937 517 1020 581 16-18
1042 519 1169 584 oatobre.

317 670 458 738 ecclesie
474 670 505 736 S.
522 669 616 734 Pauli
632 668 772 755 pacifice
800 674 964 747 assecuto,
981 686 1054 732 can.
1071 674 1105 732 et
1128 669 1222 752 preb.
1239 667 1380 734 ecclesie
1401 667 1590 735 Bunnensis
1605 691 1679 758 pre·

315 774 408 840 dicte
424 795 501 841 cum
515 772 673 851 Johanne
688 773 730 838 de
746 771 863 857 Beyen
880 770 925 836 ad
948 771 1117 855 quoddam
1131 771 1344 854 beneficium,
1361 772 1451 856 quod
1467 773 1538 858 ipso
1553 772 1572 851 J
1576 775 1680 843 olran-

315 899 377 944 nes
391 887 471 945 tunc
487 881 638 958 tenebat,
665 875 880 964 permutavit,
907 882 943 940 et
970 875 1059 940 idem
1083 874 1258 953 Johannes
1284 876 1398 960 vigore
1421 877 1680 962 permutationis

316 979 505 1065 hujusmodi
522 1001 596 1046 can.
605 987 641 1044 et
650 983 743 1066 preb.
754 979 904 1064 ejusdem
918 977 1106 1044 Bunnensis
1118 979 1260 1045 ecclesie
1273 987 1444 1046 assecutus
1455 979 1517 1045 fuit
1528 981 1679 1066 pacifice,

316 1093 350 1150 et
366 1083 514 1165 tandem,
530 1083 661 1169 prefato
676 1083 696 1162 J
699 1085 833 1150 ohanne
848 1092 944 1148 extra
962 1083 1060 1149 Rom.
1077 1084 1202 1149 curiam
1225 1087 1324 1150 rebus
1338 1085 1492 1150 humanis
1508 1095 1678 1171 exempto,

318 1187 515 1273 Raynaldus
542 1186 713 1253 Lamberti
737 1188 780 1254 de
807 1187 961 1267 Colovio,
978 1187 1117 1252 clericus
1141 1195 1176 1253 et
1204 1189 1405 1254 camerarius
1420 1209 1524 1270 meus,
1541 1189 1678 1255 eosdem

315 1311 388 1356 can.
405 1299 439 1355 et
454 1293 547 1377 preb.
563 1290 714 1377 predicte
730 1290 919 1356 Bunnensis
933 1290 1085 1370 ecclesie,
1101 1289 1216 1374 uigore
1232 1291 1405 1376 cujusdam
1420 1292 1525 1376 gratie
1541 1292 1602 1357 sibi
1619 1312 1679 1379 per

315 1394 347 1460 S.
364 1393 404 1459 V.
421 1393 510 1459 facte
525 1393 567 1459 de
583 1415 658 1460 can.
674 1397 745 1460 sub.
762 1415 837 1480 exp.
849 1395 942 1479 preb.
959 1393 992 1457 in
1017 1393 1136 1458 eadem
1153 1392 1323 1459 Bunnensi
1352 1395 1503 1477 ecclesia,
1520 1405 1677 1483 accepta-

317 1499 366 1563 rit
382 1505 417 1563 et
433 1497 493 1564 sibi
510 1498 552 1564 de
567 1498 632 1563 illis
647 1498 727 1564 fecit
741 1496 919 1585 provideri.
936 1496 1057 1580 Quare,
1074 1496 1175 1562 Pater
1196 1497 1261 1578 ΒΜ,
1278 1518 1353 1563 cum
1375 1499 1465 1564 idem
1482 1498 1678 1584 Raynaldus

314 1604 436 1668 timeat
458 1603 493 1668 in
508 1602 608 1668 dictis
620 1624 693 1669 can.
710 1609 745 1669 et
759 1605 851 1689 preb.
863 1603 1004 1688 plenum
1024 1601 1078 1686 jus
1101 1622 1171 1667 non
1195 1602 1330 1682 habere,
1346 1603 1558 1668 obstantibus
1573 1623 1678 1669 reser-

316 1706 454 1774 vatione
469 1714 504 1771 et
519 1708 656 1773 decreto
673 1727 733 1793 per
755 1705 944 1792 predictum
960 1704 1132 1789 quondam
1156 1705 1246 1771 dom.
1262 1705 1281 1784 J
1285 1705 1453 1771 ohannem
1469 1727 1593 1792 papam
1608 1707 1678 1773 sac·

315 1811 368 1891 tis,
385 1831 480 1897 supp.
496 1810 586 1876 idem
601 1810 796 1891 Anib'alduS,
813 1818 905 1894 quat.
937 1808 1045 1896 [dicto
1077 1806 1271 1896 Raynaldo]
1297 1809 1429 1876 decan.
1446 1819 1480 1874 et
1495 1814 1587 1898 preb.
1603 1831 1677 1898 pre-

314 1914 424 1996 dictis,
440 1914 467 1979 si
482 1935 542 2000 per
557 1914 802 1980 assecutionem
814 1913 1034 1979 canonicatus
1045 1920 1080 1977 et
1089 1914 1182 1998 preb.
1198 1933 1237 1978 ac
1252 1913 1435 1978 decanatus
1449 1913 1676 2000 predictorum

317 2026 449 2098 vacent,
467 2018 599 2084 etiamsi
614 2018 697 2083 alias
711 2017 910 2103 generaliter
932 2018 987 2081 vel
1003 2016 1193 2102 specialiter
1208 2015 1330 2081 fuerint
1345 2017 1513 2097 reservati,
1529 2016 1571 2082 de
1587 2039 1678 2084 novo

315 2119 499 2204 dignemini
525 2120 784 2187 misericorditer
806 2119 1007 2207 providere,
1032 2119 1178 2184 maxime
1199 2140 1275 2185 cum
1300 2119 1390 2184 idem
1419 2121 1612 2206 Raynaldus
1635 2122 1678 2188 de

317 2223 417 2289 dictis
432 2245 508 2290 can.
524 2232 559 2289 et
574 2227 754 2311 prebpost
769 2224 1016 2289 assecutionem
1032 2223 1180 2309 ipsorum
1196 2223 1299 2288 nichil
1315 2209 1475 2310 p‘ercepit,
1492 2245 1569 2290 cum
1585 2245 1604 2290 a
1620 2226 1678 2290 tri·

314 2330 376 2392 bus
390 2328 487 2393 annis
503 2349 580 2394 cum
589 2328 729 2394 dimidio
744 2328 828 2394 citra
837 2329 871 2392 in
887 2328 1005 2393 eadem
1022 2326 1192 2394 Bunnensi
1209 2328 1350 2394 ecclesia
1365 2329 1478 2394 extitit
1490 2331 1673 2396 canonicus

314 2431 561 2517 prebendatus;
586 2453 655 2498 uon
680 2436 767 2498 obst.
793 2432 897 2497 etiam
922 2430 1014 2515 quod
1039 2431 1187 2517 prefatus
1213 2430 1410 2518 Raynaldus
1433 2434 1577 2498 ruralem
1593 2435 1677 2498 eccl.

314 2535 347 2600 S.
364 2533 454 2599 Petri
466 2534 509 2600 de
526 2535 720 2617 CorossacO,
731 2534 1012 2622 Carpentoraten.
1025 2533 1122 2616 dioc,
1134 2535 1283 2601 noscitur
1295 2535 1457 2618 obtinere,
1468 2556 1544 2602 eum
1557 2537 1678 2604 ceteris

313 2659 382 2704 non
394 2639 613 2705 obstantibus.
626 2677 669 2694 -
685 2638 763 2705 Fiat
779 2639 817 2705 R.

359 2741 439 2808 Dat.
455 2742 557 2809 Avin.
573 2743 618 2810 id.
634 2753 701 2810 oct.
714 2751 749 2810 a⁰
764 2751 807 2828 7⁰.
824 2745 895 2829 (15,
913 2744 1019 2828 277‘).

367 2881 515 2963 1440·
1326 2898 1476 2981 1348,16
1492 2900 1631 2963 octobre.

355 2997 457 3083 Supp.
468 2997 870 3082 Raymundus,Morinen.
883 3002 1090 3087 episc.‚quat.
1104 3000 1306 3089 [Bertrando
1318 3000 1360 3067 de
1374 3000 1583 3082 Rochovilla,
1594 3022 1675 3067 con·

310 3101 495 3185 sanguineo
505 3122 565 3166 suo
576 3103 815 3189 gennan0¹]de
825 3112 1005 3190 personatu
1014 3103 1675 3187 deEnkin,Morinen.dioc.,scvacante

312 3224 371 3290 per
386 3206 440 3269 ob.
457 3203 547 3269 Petri
564 3203 756 3290 Raymundi
773 3208 816 3273 de
832 3208 1080 3293 Castemghaco
1095 3224 1116 3291 ²,
1124 3208 1293 3293 quondam
1308 3208 1391 3273 dicti
1406 3208 1555 3295 episcopi
1570 3230 1675 3295 nepo-

310 3306 364 3387 tis,
394 3306 571 3397 providere
601 3308 784 3394 dignemini
811 3334 819 3391 ;
855 3332 925 3377 ιιοιι
953 3316 1111 3378 obstante
1138 3312 1230 3397 quod
1265 3312 1354 3377 idem
1381 3311 1616 3398 B(ertrandus)
1640 3312 1674 3377 in

310 3411 392 3475 eccl.
409 3408 577 3478 Morinen.
594 3432 668 3479 can.
684 3422 718 3480 et
744 3419 837 3500 preb.
853 3435 931 3481 cum
952 3416 1125 3481 scolastria
1151 3424 1186 3481 et
1201 3416 1235 3480 in
1252 3414 1395 3482 Vauren.
1424 3436 1498 3481 can.
1515 3419 1575 3482 sub
1597 3437 1673 3503 exp.

313 3517 404 3598 preb.
420 3534 461 3581 ac
477 3514 511 3579 in
523 3517 606 3581 eccl.
623 3514 661 3582 B.
679 3515 729 3583 M.
744 3517 787 3583 de
798 3517 1062 3603 Faubemberga,
1080 3518 1247 3585 Morinen.
1264 3519 1361 3601 dioc,
1378 3519 1545 3603 quandam
1562 3522 1674 3606 capel-

313 3617 447 3699 laniam,
479 3619 532 3684 cui
563 3640 643 3685 cura
672 3640 742 3685 non
757 3621 913 3687 imminet
938 3622 1135 3703 animarum,
1161 3624 1315 3689 obtineat
1340 3632 1374 3688 et
1401 3622 1491 3707 quod
1517 3623 1559 3689 ad
1575 3624 1674 3691 coll...

311 3720 553 3808 archiepiscopi
569 3733 605 3789 et
620 3725 757 3809 capituli
774 3724 1053 3811 Cesaraugustani
1081 3728 1288 3813 conjunctim
1304 3728 1357 3792 vel
1372 3727 1505 3793 divisim
1528 3727 1674 3813 primum

310 3833 509 3891 vacaturum
531 3828 732 3893 beneficium
758 3849 787 3895 c.
812 3850 842 3895 c.
868 3832 924 3895 vel
939 3851 964 3897 s.
981 3850 1021 3912 c.,
1038 3831 1169 3897 etiamsi
1186 3831 1517 3917 archipresbiteratus
1538 3832 1673 3913 existat,

310 3935 468 4012 expectet
483 3937 518 3993 et
534 3948 610 3994 curn
625 3950 695 3997 non
711 3933 922 3999 obstantibus
937 3934 1021 3999 aliis.
1037 3973 1079 3985 -
1097 3933 1173 4001 Fiat
1186 3934 1226 4001 R.

354 4029 432 4095 Dat.
449 4032 550 4098 Avia.
570 4052 608 4117 17
631 4033 698 4099 kal.
714 4054 793 4101 nov,
809 4044 842 4101 a⁰
866 4044 908 4121 7⁰.
933 4038 1004 4121 (15,
1023 4038 1111 4122 293).

363 4168 502 4249 1441.
1318 4188 1413 4271 1548,
1431 4190 1477 4252 18
1490 4187 1628 4253 octobre.

352 4284 484 4370 Supp...
518 4284 678 4371 P(etrus),
695 4287 875 4354 cardinalis
894 4290 1134 4371 Atrebaten.,...
1159 4299 1281 4375 quat...
1317 4290 1465 4377 [medico
1496 4299 1530 4356 et
1561 4291 1671 4377 capel-

309 4388 404 4474 lano]
424 4409 485 4453 suo
501 4390 663 4457 continuo
679 4394 909 4475 commensali,
926 4414 1013 4478 mag.
1039 4393 1060 4472 J
1063 4396 1189 4460 ohanni
1217 4394 1357 4461 Gilberti
1373 4393 1416 4459 de
1432 4393 1576 4458 Seclinio
1591 4402 1612 4473 ³,
1628 4392 1672 4458 de

309 4500 434 4558 canet
457 4495 549 4577 preb.
565 4494 706 4559 ecclesie
723 4494 939 4581 Lingonen...
955 4498 1138 4582 dignemini
1160 4499 1334 4584 providere
1350 4520 1359 4577 ;
1375 4518 1444 4563 non
1461 4500 1547 4563 obst.
1562 4496 1672 4581 gratia

308 4615 367 4681 per
393 4596 424 4661 S.
450 4593 490 4661 V.
506 4596 566 4661 sibi
593 4597 684 4663 facta
705 4598 747 4663 de
774 4620 847 4666 can.
882 4608 916 4665 et
937 4603 1028 4687 preb.
1057 4602 1196 4666 ecclesie
1227 4602 1259 4667 S.
1286 4601 1372 4667 Piati
1397 4600 1609 4681 Sicliniensis,
1634 4606 1673 4663 ut

342 4814 364 4858 l.
380 4810 443 4858 Volr
459 4824 485 4858 n.
503 4814 557 4870 559,
575 4814 629 4872 782,
648 4815 705 4862 825.
715 4840 748 4849 —
759 4816 782 4864 2.
803 4814 934 4864 Poutttre
946 4813 1013 4864 frere
1029 4816 1062 4865 de
1075 4816 1187 4865 Bomanl
1204 4816 1237 4865 tle
1249 4816 1401 4876 Castanhsc,
1414 4830 1495 4865 neveu
1513 4815 1545 4863 de
1556 4813 1672 4876 leveque

309 4886 444 4947 Roymoud
463 4886 566 4947 Sequor,
584 4886 636 4937 eiua
652 4888 677 4936 le
693 4890 725 4936 26
741 4887 836 4938 fertior
854 4890 916 4938 1345
935 4890 1003 4952 (voir
1018 4904 1044 4941 ιι.
1062 4892 1123 4953 797)
1140 4896 1167 4941 et
1183 4890 1208 4940 le
1225 4892 1255 4939 29
1272 4891 1335 4939 aotlt
1351 4892 1455 4941 mutant
1473 4892 1511 4951 (n.
1529 4891 1576 4938 904
1591 4904 1598 4949 ;
1616 4889 1672 4939 roir

309 4974 334 5009 n.
352 4961 436 5023 1096).
447 4988 481 4998 —-
492 4963 514 5010 3.
532 4962 594 5010 Voir
609 4976 636 5011 ιι.
653 4963 767 5018 33³·334,
786 4965 841 5013 369.
