3650 5675
697 553 700 557 ’
737 551 825 627 1847,
848 552 889 617 26
911 552 1036 634 janvier.
1502 559 1565 624 297

200 701 308 767 vitam
322 700 455 767 duxerit
470 702 504 766 iu
520 701 686 784 humanis,
704 704 918 768 committere
933 703 1116 790 dignemini
1132 727 1190 772 seu
1206 708 1365 773 conferre.
1384 747 1416 757 -
1434 707 1511 775 Fiat
1522 711 1565 776 ad

202 806 467 891 quinquennium
483 828 502 872 a
518 807 584 872 fine
600 806 687 871 illius
700 805 845 871 triennii.
860 807 901 873 R.

246 907 334 975 Item
357 930 455 996 supp.
481 918 572 994 quat.
596 909 727 996 prefato
752 930 841 995 mag.
868 909 1018 988 Johanni
1039 911 1082 978 de
1106 933 1178 979 can.
1207 916 1289 981 eccl.
1312 915 1344 982 S.
1367 915 1562 999 Andomari,

201 1013 291 1079 dicte
300 1012 398 1095 dioc,
408 1022 444 1080 et
453 1017 556 1100 preb,
573 1015 660 1098 [vac.
669 1014 725 1078 vel
734 1016 871 1098 vacat.,]
883 1013 1065 1099 dignemini
1081 1015 1255 1100 providere
1268 1039 1277 1096 ;
1294 1037 1361 1082 non
1375 1020 1460 1084 obst.
1473 1019 1564 1102 quod

202 1137 287 1197 can,
310 1119 402 1204 preb.
427 1125 462 1183 et
484 1118 689 1184 decanatum
712 1118 795 1184 eccl.
816 1118 848 1184 S.
864 1117 955 1184 Petri
979 1117 1189 1200 Casletensis,
1205 1119 1296 1185 dicte
1322 1119 1419 1201 dioc,
1436 1130 1471 1186 et
1486 1143 1563 1188 can.

201 1221 262 1284 sub
286 1241 362 1306 exp.
386 1223 479 1306 preb.
504 1242 545 1287 ac
569 1221 669 1306 dign,
694 1242 780 1307 pers.
804 1224 860 1287 vel
885 1221 952 1303 off,
974 1231 1063 1288 auct.
1082 1222 1114 1288 S.
1130 1221 1180 1303 V.,
1198 1223 1231 1287 in
1247 1226 1328 1290 eccl.
1345 1225 1562 1294 Cameracen.

200 1332 357 1389 noscatur
373 1325 534 1392 obtinere.
552 1364 585 1373 -
602 1324 679 1391 Fiat
695 1325 735 1391 R.
1105 1387 1108 1392 .
1439 1391 1440 1394 ,

244 1424 332 1492 Item
348 1448 454 1513 supp,
471 1437 562 1512 quat.
578 1426 688 1493 eidem
705 1449 791 1514 mag.
807 1427 826 1506 J
830 1427 957 1494 ohanni
981 1429 1163 1516 dignemini
1192 1433 1377 1498 concedere
1392 1442 1430 1499 ut
1445 1434 1479 1499 in
1495 1435 1562 1500 fine

199 1529 465 1616 predicationum
492 1551 636 1613 suarum,
661 1533 817 1616 quotiens
842 1532 952 1618 ipsum
975 1534 1102 1619 populo
1123 1534 1213 1600 dicte
1234 1535 1313 1601 ville
1334 1539 1472 1603 verbum
1497 1538 1561 1604 Dei

199 1634 385 1721 exprimere
413 1636 602 1721 contigerit,
629 1644 717 1702 auct.
734 1643 842 1722 apost.
859 1657 901 1721 40
913 1637 1043 1703 dierum
1055 1639 1297 1724 indulgentiam
1310 1641 1388 1706 dare
1401 1642 1512 1707 valeat
1524 1651 1561 1707 ut

198 1739 355 1804 informa
370 1763 378 1819 ;
395 1740 570 1826 presertim
582 1748 620 1806 ut
630 1740 741 1806 dictus
753 1742 897 1827 populus
907 1740 951 1807 ad
961 1741 1164 1808 audiendum
1180 1744 1425 1830 expositionem
1440 1746 1560 1832 prefati

198 1843 291 1907 verbi
308 1841 372 1906 Dei
388 1842 506 1908 fortius
522 1844 698 1910 animetur.
713 1885 757 1894 -
773 1843 850 1909 Fiat
865 1845 907 1910 de
925 1867 966 1910 20
984 1845 1024 1913 R.

242 1945 323 2012 Dat.
339 1945 440 2012 Avin.
452 1965 476 2031 ‚7
493 1946 560 2013 kal.
577 1947 658 2013 febr.
674 1954 707 2013 a⁰
724 1955 767 2033 5⁰.
784 1948 856 2032 (10,
874 1949 944 2034 28).

252 2081 389 2164 1140.
1208 2118 1303 2185 1347,
1320 2101 1362 2166 26
1372 2101 1516 2185 janm'er.

241 2197 343 2285 Supp.
370 2200 511 2266 servitor
535 2208 647 2266 vester
662 2199 835 2267 Girbertus
858 2199 900 2267 de
918 2200 1164 2288 Mandagachis
1181 2215 1201 2285 ¹,
1226 2215 1316 2290 quat.
1333 2207 1485 2273 servitori
1500 2228 1561 2274 suo

197 2300 217 2379 J
220 2304 345 2368 ohanni
370 2303 414 2370 de
438 2302 553 2386 Croso,
579 2306 653 2370 cler.
675 2303 854 2370 Mimaten.
873 2305 972 2388 dioc,
988 2307 1164 2392 providere
1179 2309 1361 2395 dignemini
1377 2312 1419 2377 de
1436 2332 1510 2378 can.
1526 2321 1560 2377 et

197 2408 289 2490 preb.
320 2407 403 2474 eccl.
434 2405 721 2488 Macheliniensis,
753 2406 972 2473 Cameracen.
1002 2409 1101 2490 dioc,
1132 2432 1205 2478 vac.
1234 2432 1295 2497 per
1321 2416 1374 2479 ob.
1396 2413 1560 2492 Johannis

198 2508 386 2592 Michaelis,
408 2511 464 2596 qui
484 2511 517 2576 in
536 2511 688 2597 partibus
710 2511 775 2577 illis
790 2510 942 2577 kalendis
958 2513 1105 2578 octobris
1120 2515 1274 2598 proximo
1289 2517 1454 2602 preteritis
1470 2518 1559 2582 diem

132 2651 136 2659 ,
197 2614 318 2679 clausit
344 2622 542 2696 extremum,
568 2635 638 2680 non
666 2617 752 2681 obst.
783 2614 874 2699 quod
903 2615 1072 2701 hospitale
1102 2636 1288 2702 pauperum
1315 2618 1346 2684 S.
1378 2619 1559 2686 Salvatoris

198 2713 369 2782 Uticensis
384 2737 424 2783 ae
439 2736 532 2803 perp.
548 2718 667 2804 capell.
683 2717 726 2782 de
742 2715 921 2800 Luseneas‚
939 2715 1099 2784 Leodien.
1115 2719 1212 2801 dioc,
1228 2722 1377 2787 noscitur
1396 2723 1558 2792 obtinere.

196 2818 328 2887 —Fiat
342 2819 382 2886 R.

152 2920 156 2927 ’
240 2923 319 2991 Dat.
334 2924 437 2990 Avin.
454 2943 472 3008 7
488 2923 557 2991 kal.
573 2925 654 2992 febr.
671 2933 705 2991 a⁰
721 2933 765 3011 5⁰.
780 2936 802 2993 ².

248 3060 537 3147 1141-1143.
939 3054 940 3057 ‘
1205 3098 1302 3165 1347,
1318 3080 1361 3146 26
1369 3079 1514 3163 ,aava

239 3178 340 3266 Supp.
356 3180 394 3245 fr.
410 3178 566 3262 lacobus,
591 3180 787 3267 archiepisc.
804 3179 1013 3267 Neopatren.
1028 3190 1048 3261 ³,
1065 3190 1155 3267 quat.
1172 3184 1234 3249 sibi
1249 3184 1284 3249 in
1299 3206 1385 3271 pers.
1401 3186 1503 3253 famil.
1522 3195 1558 3253 et

194 3283 293 3348 amici
309 3284 358 3348 sui
371 3282 511 3349 Arnoldi
523 3284 566 3349 de
578 3284 828 3371 Ghunmighen,
844 3286 923 3351 cler.
940 3286 1101 3352 Leodien.
1113 3286 1211 3369 dioc,
1225 3308 1314 3373 spec.
1326 3310 1373 3374 gr.
1386 3290 1556 3373 facientes,

193 3385 236 3451 de
250 3388 328 3452 ben.
343 3388 426 3453 eccl.
442 3408 471 3453 c.
488 3407 518 3453 c.
533 3390 588 3453 vel
603 3408 629 3454 s.
645 3409 685 3468 c.,
701 3395 807 3475 spect.
823 3388 866 3454 ad
882 3390 959 3455 coll.
974 3389 1112 3455 rectoris
1139 3392 1354 3458 ecclesiarum
1379 3392 1422 3459 de
1449 3394 1556 3461 Orten

194 3499 231 3555 et
256 3490 299 3557 de
324 3491 530 3559 Buscoducis
557 3490 601 3558 ad
627 3491 773 3557 invicem
797 3492 1071 3579 dependentium,
1101 3495 1252 3580 predicte
1282 3496 1442 3565 Leodien.
1458 3499 1555 3579 dioc,

199 3593 290 3680 [vac.
305 3597 360 3661 vel
375 3595 517 3682 vacat.],
533 3595 643 3660 eidem
657 3596 811 3661 Arnoldo
825 3595 1008 3681 dignemini
1024 3598 1210 3683 providere.
1228 3638 1260 3648 -
1278 3600 1354 3665 Fiat
1371 3601 1411 3668 R.

240 3737 342 3801 1142.
369 3732 459 3798 Item
483 3754 589 3819 supp,
617 3740 709 3817 quat.
737 3734 798 3798 sibi
826 3734 859 3800 in
885 3755 971 3821 pers.
996 3734 1094 3801 amici
1122 3744 1156 3800 et
1180 3735 1282 3803 famil.
1313 3737 1362 3801 sui
1392 3735 1557 3814 Johannis

194 3838 404 3923 Cansterper,
415 3840 524 3924 presb.
534 3835 725 3919 Leodien.⁴,
739 3858 828 3923 spec.
839 3859 885 3923 gr.
899 3839 1070 3921 facientes,
1086 3839 1129 3904 de
1144 3840 1240 3905 altari
1256 3840 1310 3906 SS.
1328 3841 1557 3927 apostolorum

194 3942 340 4029 Philippi
351 3949 385 4007 et
395 3940 414 4019 J
418 3940 525 4023 acobi,
537 3942 602 4007 sito
614 3940 648 4005 in
664 3943 746 4008 eccl.
759 3941 791 4008 S.
802 3943 939 4029 Sulpicii
956 3943 990 4007 in
1006 3943 1113 4024 Diest,
1128 3943 1219 4009 dicte
1234 3944 1332 4025 dioc,
1349 3965 1422 4010 vac.
1433 3943 1472 4009 in
1489 3966 1556 4011 cnr.

193 4067 252 4133 per
267 4047 323 4112 lib.
339 4046 459 4130 resign.
474 4044 578 4131 ipsius
592 4044 611 4123 J
615 4044 756 4111 ohannis
772 4045 806 4110 in
822 4046 977 4111 manibus
994 4046 1034 4113 R.
1050 4046 1088 4113 P.
1104 4046 1194 4112 dom.
1216 4046 1401 4113 Penestrini
1418 4049 1506 4115 card.
1523 4058 1554 4131 ⁵;

193 4150 286 4235 cujus
301 4149 428 4215 fructus
439 4149 554 4231 annui,
566 4170 632 4216 sec.
644 4158 712 4217 tax.
724 4151 866 4230 decime,
878 4171 896 4235 3
907 4171 1011 4216 marc.
1027 4171 1095 4236 arg.
1112 4171 1276 4217 summam
1291 4174 1361 4218 non
1377 4152 1555 4235 excedunt,

192 4252 302 4321 eidem
327 4252 479 4332 Johanni
505 4254 687 4338 dignemini
714 4256 917 4341 providere;
949 4275 1017 4320 non
1043 4257 1128 4322 obst.
1153 4257 1244 4341 quod
1267 4256 1357 4322 idem
1383 4256 1556 4336 Johannes

192 4359 275 4426 eccl.
291 4356 445 4445 parroch.
461 4355 503 4422 de
519 4356 705 4438 Drimilem,
722 4358 812 4423 dicte
827 4358 926 4439 dioc,
942 4358 1091 4424 noscitur
1106 4359 1268 4427 obtinere.
1284 4400 1327 4410 -
1344 4358 1420 4427 Fiat
1436 4360 1477 4428 R.

225 4554 247 4602 l.
258 4552 321 4602 Voir
332 4568 358 4603 n.
372 4556 443 4605 1135;
454 4582 487 4590 -
497 4557 521 4604 2.
533 4556 599 4604 Jean
610 4556 644 4605 de
655 4556 718 4605 Oros
729 4556 760 4603 fit
770 4570 920 4617 remarquer
931 4556 989 4619 plus
1001 4556 1060 4605 rard
1071 4556 1148 4618 qu'on
1160 4558 1232 4605 avait
1244 4556 1330 4606 oublld
1349 4557 1382 4606 da
1400 4562 1476 4606 noter
1491 4560 1556 4608 dans

189 4632 259 4677 oette
270 4628 408 4691 mpplique
418 4642 469 4689 qne
479 4644 508 4677 oe
519 4630 656 4678 eanonioat
672 4634 711 4678 ert
722 4630 910 4692 vulgairement
929 4628 1021 4695 appele
1041 4632 1199 4694 chapellenie
1210 4631 1242 4680 de
1262 4632 1366 4693 Zellaer,
1384 4636 1411 4680 et
1428 4632 1556 4683 domanda

188 4699 357 4750 reformation
366 4702 399 4751 de
416 4701 442 4750 la
453 4702 596 4766 supplique,
606 4718 635 4752 ce
656 4705 701 4765 qui
718 4704 760 4751 fut
776 4702 885 4752 accorde
905 4704 929 4753 le
940 4707 1008 4752 reato
1019 4704 1054 4753 id.
1068 4705 1136 4767 (voir
1147 4719 1173 4753 n.
1185 4706 1239 4765 881,
1254 4706 1380 4768 1116).-
1395 4708 1418 4755 3.
1435 4707 1553 4769 Jacqrres,

188 4775 351 4837 arebequue
358 4776 391 4825 de
400 4775 550 4840 Neopotms,
558 4777 754 4839 probablement
765 4777 868 4827 nomme
879 4792 911 4826 en
922 4780 991 4838 1330,
1002 4778 1103 4840 lorsque
1114 4779 1246 4828 Ferrarius
1257 4780 1299 4828 fut
1310 4778 1436 4829 transfere
1445 4794 1478 4828 au
1488 4780 1555 4844 siege

189 4848 223 4896 de
234 4847 353 4898 Mazzam
369 4850 475 4911 (Enbel,
488 4850 508 4908 l,
522 4851 576 4908 347,
590 4852 658 4912 379),
671 4852 752 4913 figure
763 4852 788 4900 le
799 4855 831 4900 22
842 4854 894 4900 mai
907 4854 971 4901 1353
982 4853 1047 4900 dane
1057 4866 1106 4901 une
1118 4852 1196 4902 lettre
1207 4846 1400 4915 d'indulgencee
1417 4845 1552 4915 (Bithune',

192 4922 292 4971 canu.
300 4922 336 4971 da-
347 4922 497 4987 Be'qur'uuqe
507 4921 539 4971 de
550 4923 735 4977 seminalem
747 4924 763 4973 ὰ
779 4924 862 4984 Gauri,
873 4928 942 4985 188a
953 4940 978 4989 p.
989 4927 1041 4987 88).
1050 4926 1090 4975 On
1102 4926 1126 4975 le
1135 4931 1270 4981 reucoutre
1279 4928 1344 4977 dans
1355 4942 1407 4981 une
1417 4931 1554 4993 suppliquo

188 4994 226 5044 du
237 4996 252 5043 4
264 4997 403 5046 novembre
415 4997 478 5045 1344
494 4997 526 5058 (t.
539 4998 561 5058 7,
574 4997 593 5046 f.
605 4999 658 5061 54).
669 5026 702 5035 -
713 5001 736 5049 4.
748 5000 811 5047 Voir
822 5014 848 5048 n.
860 5001 916 5051 732.
928 5028 959 5039 -
972 5004 995 5051 5.
1008 5000 1093 5049 Pierre
1104 5000 1148 5049 dea
1161 4999 1228 5051 Pres.
