3650 5675
723 474 812 549 1345,
833 473 929 541 19-24
946 474 1023 557 juin.
1500 485 1557 551 218

196 626 306 683 courle
317 624 340 701 ¹,
355 618 446 687 dicte
456 620 640 690 Tomacen.
651 622 748 704 dioc,
766 631 989 710 nuncupatur,
1003 625 1152 691 noscitur
1170 628 1332 696 obtinere.
1344 670 1386 682 -
1402 630 1480 699 Fiat
1494 653 1556 720 pro

195 731 336 809 utroque
351 724 390 791 R.

240 826 319 894 Dat.
335 848 388 916 ap.
406 828 654 899 villamnovam
675 855 711 920 13
728 833 795 901 kal.
810 834 881 921 julii
897 842 930 900 a⁰
945 842 989 920 4⁰.
1005 836 1054 918 (9,
1072 838 1155 920 36⁴¹).

248 964 365 1050 854.
1261 1008 1322 1071 134
1325 1004 1356 1069 5,
1373 1009 1414 1073 19
1424 988 1512 1073 juin.

240 1084 341 1172 Supp.
359 1084 528 1153 Henricus
541 1084 695 1169 Humari,
712 1088 789 1154 cler.
805 1086 892 1153 dioc.
910 1085 1081 1170 Leodien,
1098 1096 1189 1174 quat.
1206 1087 1267 1157 sibi
1284 1090 1388 1157 altare
1404 1092 1435 1159 S.
1452 1092 1556 1160 Nico·

196 1188 252 1277 lay
279 1190 379 1257 situm
408 1190 441 1257 in
463 1190 544 1257 eccl.
569 1192 721 1279 parroch.
737 1191 780 1259 de
803 1190 924 1258 Monte
940 1192 971 1259 S.
987 1192 1122 1259 Andree
1138 1207 1160 1275 ¹,
1175 1194 1266 1261 dicte
1282 1194 1442 1264 Leodien.
1458 1199 1557 1267 dioco

195 1316 268 1365 vac.
284 1294 374 1382 apud
389 1295 503 1363 sedem
520 1304 627 1383 apost.
644 1316 703 1382 per
719 1295 775 1363 lib.
791 1295 946 1381 resignat.
963 1295 997 1361 in
1012 1297 1166 1363 manibus
1188 1297 1228 1365 R.
1252 1298 1289 1366 P.
1301 1298 1556 1387 domvicecan-

196 1400 319 1467 cellarii
343 1421 402 1487 per
425 1400 611 1467 Walterum
637 1399 680 1466 de
709 1398 876 1485 Melenry,
903 1403 1012 1486 presb.
1039 1400 1130 1467 dicte
1155 1402 1254 1484 dioc,
1281 1403 1405 1470 factam
1426 1422 1447 1487 ²,
1465 1406 1557 1492 crvjus

196 1504 351 1571 fructus...
366 1524 404 1571 10
420 1504 475 1571 lib.
492 1525 584 1591 parv.
596 1503 674 1571 Tur.
690 1524 759 1570 non
775 1504 951 1588 excedunt,
968 1525 1034 1572 sec.
1049 1513 1119 1572 tax.
1135 1505 1267 1572 decime
1283 1508 1430 1594 antique,
1447 1509 1556 1576 eidem

195 1608 273 1676 cler.
290 1607 473 1694 dignemini
489 1608 674 1696 providere.
697 1645 728 1655 -
750 1606 826 1673 Fiat
841 1608 882 1675 R.

239 1712 319 1779 Dat.
336 1732 389 1801 ap.
406 1712 655 1781 Villamnovam
676 1733 712 1799 13
729 1711 796 1778 kal.
810 1712 882 1799 julii
899 1719 933 1778 a⁰
949 1718 992 1797 4⁰.
1009 1714 1056 1796 (9,
1073 1715 1139 1799 45).

247 1852 362 1937 855
1261 1886 1357 1951 1345,
1374 1889 1414 1933 22
1425 1865 1512 1950 juin.

241 1969 342 2037 Pater
371 1969 436 2037 8000.
464 1969 548 2035 Cum
578 1968 767 2035 Armandus
793 1966 835 2034 de
863 1968 1054 2035 Castaneda
1077 1988 1151 2035 can.
1168 1977 1203 2035 et
1218 1973 1310 2057 preb.
1327 1972 1359 2037 S.
1375 1970 1499 2050 Juliani
1514 1972 1557 2039 de

197 2074 342 2158 Brivata,
374 2074 406 2141 S.
438 2074 527 2141 Flori
558 2073 655 2155 dioc,
687 2081 723 2139 et
748 2071 888 2139 Pontius
916 2072 1069 2141 Malaura
1095 2094 1168 2140 can.
1196 2082 1231 2141 et
1256 2078 1348 2162 preb.
1372 2074 1555 2163 Legionen.

196 2180 409 2248 ecclesiarum
445 2199 546 2245 causa
576 2177 835 2264 permutationis
864 2176 1020 2244 duxerint
1049 2178 1307 2264 resignanda...;
1339 2201 1433 2268 supp.
1465 2191 1556 2266 quat.

199 2284 371 2353 Armando
385 2283 429 2351 de
445 2303 518 2351 can.
535 2290 569 2350 et
584 2284 676 2369 preb.
694 2280 876 2367 Legionen.
892 2292 928 2347 et
944 2281 1067 2350 Pontio
1082 2283 1125 2349 de
1141 2304 1213 2350 can.
1230 2292 1265 2349 et
1280 2288 1371 2371 preb.
1388 2286 1419 2351 S.
1432 2283 1452 2363 J
1455 2286 1557 2351 uliani

198 2389 240 2456 de
256 2387 392 2455 Brivata
408 2386 591 2473 dignemini
608 2386 783 2474 providere
799 2408 808 2467 ;
824 2407 893 2452 non
910 2389 996 2453 obst.
1013 2386 1104 2471 quod
1119 2388 1310 2455 Annandus
1325 2411 1398 2456 ean.
1415 2398 1450 2456 et
1465 2393 1556 2477 preb.

198 2493 279 2561 eccl.
297 2491 486 2572 Fumensis,
504 2488 672 2559 Morinen.
688 2490 786 2571 dioc,
803 2489 988 2557 obtineat...
1002 2530 1046 2541 -
1063 2488 1138 2556 Fiat
1155 2490 1195 2558 R.

242 2596 321 2663 Dat.
337 2616 391 2683 ap.
408 2594 656 2663 villamnovam
677 2615 714 2663 10
731 2594 797 2661 kal.
811 2594 882 2681 julii
898 2603 931 2660 10
947 2602 990 2680 4⁰.
1007 2595 1055 2680 (9,
1075 2614 1113 2680 54
1131 2598 1156 2679 ).

249 2734 363 2822 856.
1262 2766 1357 2833 1345,
1374 2768 1414 2831 23
1425 2744 1513 2830 juin.

242 2856 343 2944 Supp.
366 2853 386 2933 J
389 2855 539 2922 ohannes
552 2852 710 2934 Bernerii,
727 2852 804 2918 cler.
823 2849 991 2918 Morinen.
1004 2851 1101 2935 dioc,
1118 2851 1296 2918 continuus
1312 2852 1452 2918 servitor
1466 2851 1558 2921 dom.

201 2957 369 3026 Guillelmi
399 2957 441 3026 de
474 2957 642 3039 Flandria,
659 2956 763 3022 famil.
788 2965 823 3022 et
850 2957 1020 3043 scriptoris
1044 2958 1146 3023 vestri
1161 2966 1182 3038 ³,
1198 2957 1327 3022 nullum
1349 2955 1460 3023 adhuc
1480 2961 1558 3026 ben.

200 3064 364 3146 obtinens,
396 3069 486 3149 quat.
517 3062 576 3128 sibi
594 3061 636 3128 de
651 3064 728 3128 ben.
755 3061 837 3128 eccl.
855 3061 898 3128 ad
914 3062 990 3127 coll.
1008 3081 1080 3149 cap.
1107 3061 1138 3127 S.
1157 3061 1337 3127 Donatiani
1369 3061 1555 3147 Brugensis,

199 3167 384 3238 Tomacen.
400 3165 498 3250 dioc,
515 3165 696 3252 dignemini
711 3165 897 3254 providere.
919 3203 950 3214 -
973 3164 1051 3233 Fiat
1066 3186 1170 3252 usque
1186 3166 1230 3234 ad
1245 3187 1287 3252 40
1303 3166 1358 3234 lib.
1376 3166 1416 3235 R.

243 3274 323 3340 Dat.
339 3293 393 3360 ap.
410 3271 659 3338 villamnovam
679 3291 695 3356 9
713 3269 780 3338 kal.
793 3271 864 3357 julii
883 3279 917 3336 10
932 3277 975 3357 4⁰.
992 3272 1041 3355 (9,
1059 3273 1127 3357 86).

250 3407 494 3494 857-869.
1262 3439 1357 3506 1345,
1375 3443 1415 3506 24
1425 3421 1512 3504 juin.

242 3527 316 3595 Hec
328 3536 406 3594 sunt
417 3529 667 3616 supplicationes
681 3533 803 3614 recepte
815 3530 855 3592 de
868 3531 1028 3592 mandato
1039 3529 1165 3592 domini
1176 3529 1287 3607 nostri,
1295 3528 1347 3591 die
1347 3527 1436 3614 festi
1445 3527 1557 3592 Enca-

199 3635 298 3708 ristie,
315 3636 528 3722 pontificatus
545 3654 596 3696 sur
613 3653 701 3696 araizo
717 3639 847 3717 pirario.

242 3737 343 3825 Supp.
370 3735 538 3804 Martinus
563 3735 585 3801 li
610 3735 823 3820 Canoingnes
845 3735 888 3801 de
911 3733 1120 3817 Chollerech,
1138 3735 1214 3801 cler.
1231 3733 1444 3800 Cameracen.
1460 3735 1556 3816 dioc,

199 3849 289 3926 quat.
306 3841 366 3908 sibi
390 3841 431 3908 de
456 3848 570 3907 curata
585 3839 667 3906 eccl.
684 3840 715 3904 S.
733 3838 875 3924 Remigii
891 3839 934 3906 de
952 3839 1125 3921 Rouvroit,
1142 3839 1357 3904 Cameracen.
1379 3838 1476 3920 dioc,
1493 3859 1557 3923 que

199 3966 259 4012 suo
274 3955 403 4012 rectore
419 3944 550 4032 privata
567 3943 600 4008 in
617 3944 683 4010 suis
696 3944 822 4030 juribus
838 3944 966 4030 patitur
981 3944 1153 4026 lesionem,
1169 3951 1205 4009 et
1219 3963 1299 4028 grex
1321 3943 1442 4009 rectori
1466 3964 1556 4010 com-

198 4051 316 4116 missus
331 4049 515 4117 directione
530 4049 643 4116 debita
653 4047 876 4130 defraudatur,
883 4069 925 4115 eo
937 4048 1027 4134 quod
1036 4047 1056 4128 J
1059 4048 1209 4114 ohannes
1218 4046 1260 4113 de
1271 4046 1476 4132 Nievregies,
1487 4069 1556 4114 rec-

198 4163 251 4221 tor
266 4155 424 4241 ejusdem,
441 4155 512 4240 ipsa
527 4154 655 4235 relicta,
672 4154 716 4219 ad
728 4161 840 4239 partes
855 4153 1069 4239 proficiscens
1092 4161 1278 4233 extraneas
1294 4151 1436 4218 eandem
1450 4154 1556 4218 eccle-

198 4259 290 4340 siam,
306 4280 342 4324 12
360 4257 456 4324 annis
468 4259 537 4343 jam
554 4258 686 4344 elapsis,
697 4256 842 4322 deseruit
853 4276 918 4321 nec
934 4256 1066 4322 inten'm
1082 4257 1116 4322 in
1132 4277 1172 4322 ea
1183 4255 1403 4342 personaliter
1414 4256 1555 4323 residere

198 4363 336 4443 curavit,
353 4372 387 4429 et
403 4361 627 4427 verisimiliter
648 4361 792 4426 creditur
816 4360 886 4425 vita
909 4361 1049 4440 functus,
1066 4360 1246 4445 dignemini
1263 4359 1447 4445 providere,
1464 4369 1529 4426 ete.

241 4465 301 4532 Vel
319 4468 351 4532 in
367 4467 487 4533 eadem
503 4467 585 4532 eccl.
602 4466 750 4532 edictum
766 4465 900 4552 publice
920 4467 1061 4553 proponi
1078 4465 1246 4546 mandare,
1264 4464 1354 4548 quod
1368 4465 1430 4530 nisi
1447 4465 1556 4530 dictus

197 4577 306 4638 rector
330 4570 413 4638 infra
436 4579 563 4637 certum
584 4579 719 4657 tempus
746 4579 953 4656 competens,
981 4571 1011 4638 ei
1028 4579 1116 4638 auct.
1135 4579 1242 4659 apost.
1257 4570 1496 4660 prefigendum,
1513 4568 1557 4635 ad

230 4761 258 4822 a)
271 4759 332 4808 (lod.
348 4759 443 4808 (11111.

198 4881 340 4888 --.-.-
346 4881 445 4887 -----

234 4958 253 5006 1.
269 4956 364 5012 11111111,
380 4957 519 5014 111111ψῖ11,
576 4959 597 5005 2.
614 4955 650 5004 lb.
685 4985 690 4989 -
706 4956 728 5004 3.
742 4955 802 5004 Voir
814 4971 838 5006 11.
854 4958 907 5006 loa.
