3650 5675
680 517 767 591 1344,
791 518 888 583 25-26
906 519 1036 599 janvier.
1483 528 1540 589 1227

171 673 267 750 quat.
294 665 513 752 [Hermanno
529 666 699 734 Guillelmi
715 669 807 735 dicto
824 667 939 748 Gorre,
956 670 1033 735 cler.
1050 668 1237 751 Colonien,
1262 673 1378 757 nepoti
1391 673 1479 759 suo]
1492 674 1539 739 de

171 791 266 857 perp.
283 771 402 856 capell.
419 771 462 837 de
478 768 648 853 Bilrevelt,
665 772 825 839 Leodien.
842 773 940 853 dioc,
957 794 1031 839 vac.
1048 774 1081 837 in
1105 795 1172 839 cur.
1188 795 1250 860 pro
1274 796 1316 841 eo
1339 776 1430 859 quod
1446 776 1537 842 Guil-

171 875 293 940 lelmus
308 874 351 940 de
367 874 506 961 Genepe
524 886 542 957 ¹,
559 877 673 961 vigore
688 898 735 962 gr.
752 877 806 942 fel.
823 897 888 943 rec.
906 877 1081 942 Benedicti
1098 899 1185 964 pape
1201 877 1281 958 XII,
1298 888 1349 944 est
1365 891 1537 947 assecutus

171 978 419 1064 possessionem
446 979 623 1065 pacificam
650 982 859 1066 prepositure
884 982 967 1046 eccl.
992 981 1200 1063 Sosatiensis,
1232 982 1408 1049 Colonien.
1438 986 1536 1065 dioc,

170 1092 251 1169 post
266 1085 359 1168 cujus
375 1084 620 1150 assecutionem
633 1083 723 1148 idem
738 1083 953 1170 predecessor
968 1085 1093 1150 dictam
1110 1087 1275 1170 capellam
1287 1107 1407 1152 vacare
1423 1088 1536 1153 decre-

171 1188 221 1251 uit
236 1210 244 1266 ;
262 1189 354 1273 cujus
370 1186 526 1253 fructus...
544 1208 584 1253 20
596 1208 700 1253 marc.
717 1208 794 1272 arg„
811 1208 876 1253 sec.
894 1196 963 1254 tax.
979 1188 1121 1269 decime,
1143 1190 1316 1255 annuatim
1343 1211 1411 1257 non
1439 1213 1536 1257 exce-

169 1292 265 1371 dunt,
293 1288 475 1377 dignemini
502 1291 700 1377 providere;
727 1312 796 1357 non
827 1294 913 1357 obst.
945 1292 1035 1377 quod
1057 1291 1147 1358 idern
1178 1292 1364 1359 Willelmus
1390 1296 1534 1360 eandem

169 1397 336 1481 capellam
352 1395 395 1461 de
419 1395 510 1461 facto
534 1395 664 1462 detinet
689 1404 900 1481 occupatam,
927 1404 961 1461 et
987 1396 1078 1482 quod
1101 1396 1191 1461 idem
1216 1396 1433 1464 Hermannus
1460 1421 1534 1465 can.

167 1501 229 1565 sub
255 1521 330 1586 exp.
358 1502 449 1586 preb.
475 1501 557 1566 eccl.
583 1500 614 1565 S.
640 1500 781 1566 Servatii
805 1500 1040 1585 Trajectensis
1072 1498 1232 1566 Leodien.
1263 1500 1360 1582 dioc„
1385 1504 1534 1568 noscitur

167 1604 332 1668 obtinere.
348 1644 391 1655 -
409 1603 486 1669 Fiat
502 1604 543 1670 R.

215 1708 294 1773 Dat.
310 1708 408 1773 Avin.
427 1729 444 1789 9
461 1707 528 1774 kal.
545 1709 625 1775 febr.
643 1716 676 1774 a⁰
693 1716 735 1774 2⁰.
759 1710 807 1791 (3,
827 1708 862 1774 P.
880 1707 925 1788 II,
946 1710 1031 1793 147).

223 1861 343 1945 639.
1048 1889 1050 1892 ’
1181 1872 1488 1958 1344,25jomu'er.

215 1979 305 2063 Sign.
323 1978 472 2065 Elyenor
486 1978 528 2043 de
545 1978 706 2059 Pictavia,
722 1978 860 2044 domina
876 1978 919 2042 de
936 1977 1125 2058 Petraforti,
1142 1978 1233 2062 quod
1255 1977 1380 2043 dudum
1397 1978 1450 2043 fel.
1467 1999 1532 2043 rec.

169 2082 263 2148 dom.
279 2081 454 2164 Johannes
480 2103 570 2169 papa
590 2081 693 2147 XXII
723 2080 906 2167 Hugonino
933 2083 975 2148 de
1003 2080 1117 2162 Barro,
1133 2081 1223 2146 dom.
1240 2081 1330 2147 Petri
1355 2082 1396 2147 de
1420 2081 1532 2163 Barro,

168 2186 319 2252 demde
345 2185 523 2251 Petraforti
549 2186 617 2251 filio
633 2199 655 2267 ¹,
682 2185 724 2250 de
751 2206 825 2250 can.
842 2188 902 2251 sub
919 2207 994 2271 exp.
1020 2187 1111 2271 preb.
1139 2186 1172 2249 in
1200 2187 1282 2250 eccl.
1298 2185 1459 2251 Leodien.
1486 2207 1532 2270 gr.

170 2289 252 2354 fecit
268 2310 368 2375 spec„
385 2311 449 2375 que
473 2290 688 2376 postmodum
705 2311 764 2377 per
779 2290 869 2355 dom.
886 2289 1108 2355 Benedictum
1132 2309 1188 2376 pp.
1201 2288 1270 2355 XII
1288 2290 1419 2355 fuerunt
1434 2311 1533 2374 gene·

170 2393 285 2458 raliter
300 2402 458 2460 revocata
473 2418 481 2475 ;
499 2415 602 2479 quare
614 2396 721 2480 suppl.
738 2403 830 2479 quat.
847 2394 956 2459 eidem
974 2393 1159 2478 Hugonino
1173 2394 1216 2459 de
1232 2414 1306 2459 can.
1323 2392 1483 2459 Leodien.
1499 2402 1534 2457 et

171 2494 359 2580 Lingonen.
375 2497 591 2563 ecclesiarum
607 2506 642 2563 et
657 2501 749 2583 preb.
764 2518 897 2563 necnon
909 2498 943 2560 in
954 2496 1074 2562 eadem
1091 2496 1250 2563 Leodien.
1267 2498 1348 2561 eccl.
1364 2497 1406 2561 de
1422 2495 1532 2580 dign...

169 2599 353 2683 dignemini
370 2601 556 2685 providere,
571 2622 640 2667 non
658 2604 743 2667 obst.
760 2600 850 2685 quod
863 2600 895 2664 in
912 2599 1162 2665 Antisiodoren.
1178 2606 1213 2663 et
1228 2597 1410 2663 Virdunen.
1426 2601 1533 2664 eccle-

170 2702 226 2767 siis
243 2723 317 2768 can.
334 2712 369 2769 et
384 2708 476 2789 preb.
493 2705 624 2770 obtinet
639 2714 674 2769 et
699 2705 732 2769 in
753 2702 882 2769 Meten.
907 2711 943 2767 et
975 2701 1150 2768 Redonen.
1175 2703 1323 2769 ecelesiis
1351 2703 1533 2768 canonicus

170 2804 231 2866 sub
248 2824 324 2889 exp.
341 2806 432 2890 preb.
449 2806 571 2874 existit.
588 2849 631 2858 -
648 2806 724 2874 Fiat
740 2806 782 2873 de
799 2826 872 2873 can.
889 2812 924 2871 et
947 2808 1039 2891 preb.
1055 2806 1089 2870 in
1116 2814 1257 2890 utraque
1273 2806 1355 2872 ecci.
1372 2805 1532 2873 Leodien.
1607 2824 1609 2829 ·

171 2915 206 2970 et
223 2905 411 2992 Lingonen.
428 2917 463 2973 et
477 2909 519 2975 de
535 2910 625 2994 dign.
642 2918 717 2990 etc„
735 2911 769 2975 irr
786 2910 946 2976 Leodien.
962 2911 1045 2975 eccl.
1063 2908 1103 2975 R.

215 3009 295 3076 Dat.
310 3012 410 3077 Avin.
428 3015 446 3077 8
463 3013 528 3080 kal.
546 3014 626 3080 febr.
643 3021 677 3080 a⁰
694 3021 735 3080 2⁰.
753 3015 800 3098 (3,
818 3014 854 3079 Ρ,
872 3013 918 3094 ΙΙ,
939 3015 1025 3098 145).
1072 3039 1075 3044 ·

221 3148 342 3234 640,
1178 3181 1273 3245 1344,
1292 3179 1333 3241 25
1343 3160 1487 3242 jonvier.

171 3267 315 3436 F'Spplrp
333 3267 522 3334 Bemardus
538 3268 697 3350 vitiandi,
714 3269 873 3335 Leodien.
890 3269 987 3350 dioc,
1007 3267 1085 3354 [pro
1101 3267 1167 3332 iud.
1192 3267 1225 3330 in
1252 3274 1314 3332 art.
1341 3265 1471 3353 mort.].
1489 3307 1531 3317 -

200 3390 408 3540 libandum.
426 3477 444 3539 8
461 3474 527 3543 kal.
545 3477 624 3542 febr.
642 3484 675 3542 a⁰
693 3485 735 3543 2⁰.
752 3477 800 3560 (3,
818 3476 854 3541 Ρ.
873 3474 918 3555 11,
940 3477 1025 3559 145).

220 3608 331 3690 641.
467 3705 471 3712 ἢ
1176 3647 1193 3689 1
1195 3646 1271 3710 5471,
1289 3625 1330 3688 26
1339 3585 1483 3705 yorzvier.

213 3727 313 3813 Supp.
330 3726 478 3805 Jacobus
504 3728 650 3809 Conone,
668 3730 744 3794 cler.
769 3728 957 3794 Tomacen.
974 3728 1071 3809 dioc,
1088 3735 1180 3813 quat.
1196 3728 1257 3792 sibi
1281 3727 1324 3791 de
1349 3729 1458 3790 ben...
1485 3725 1528 3791 ad

167 3831 245 3896 coll.
261 3833 337 3897 abb.
354 3839 389 3896 et
403 3832 599 3898 monasterii
616 3832 647 3897 S.
665 3832 754 3897 Petri
772 3830 969 3912 Gaudensis,
987 3831 1026 3896 O.
1040 3832 1070 3895 S.
1082 3831 1131 3911 B.
1141 3829 1324 3914 dignemini
1341 3828 1525 3914 providere.

166 3974 210 3984 .-
222 3933 259 3998 F'
348 3986 355 4001 ‚

212 3935 406 4106 Πειιῗξνίη.
424 4060 442 4123 7
458 4039 524 4106 kal.
540 4040 621 4106 febr.
637 4049 670 4106 a⁰
688 4047 729 4106 2⁰.
747 4041 796 4126 (3,
813 4039 849 4105 P.
867 4038 912 4121 ΙΙ,
934 4047 1034 4123 143⁰).

218 4175 333 4257 642.
1175 4206 1270 4269 1544,
1288 4185 1329 4247 26
1338 4182 1481 4264 janoier.

210 4293 311 4380 Supp.
328 4294 347 4372 J
350 4295 509 4376 ohannes,
526 4316 583 4360 rex
599 4294 771 4375 Bolremie,
788 4301 880 4378 quat.
900 4291 1074 4379 [Johanni
1086 4290 1175 4356 dom.
1187 4288 1327 4354 Walteri
1336 4289 1380 4354 de
1391 4287 1524 4353 Mesen-

164 4399 294 4482 bourgh
306 4399 421 4464 militis
433 4399 512 4480 filio,
522 4397 614 4485 can]
627 4399 708 4464 eccl.
722 4398 753 4463 S.
772 4396 911 4462 Martini
929 4396 1098 4476 Leodien.,
1111 4394 1153 4459 de
1165 4414 1240 4459 can.
1252 4394 1334 4458 eccl.
1344 4391 1524 4458 Treveren.

165 4508 201 4565 et
216 4505 307 4586 preb.
323 4500 505 4587 dignemini
522 4503 719 4588 providere;
746 4523 814 4567 uon
841 4505 926 4567 obst.
948 4500 1037 4586 quod
1062 4502 1095 4564 in
1119 4499 1211 4564 dicta
1238 4499 1270 4563 S.
1287 4495 1427 4562 Martini
1443 4497 1525 4563 ech

166 4625 242 4670 carr.
256 4614 290 4670 et
305 4609 398 4691 preb.
413 4607 564 4673 noscitur
579 4607 740 4672 obtinere.
757 4645 799 4655 —
816 4605 893 4670 Fiat
911 4604 951 4670 R.
974 4613 994 4669 ³.

210 4709 290 4774 Dat.
307 4711 407 4776 Avin.
425 4730 443 4793 7
459 4709 524 4776 kal.
541 4710 622 4776 febr.
639 4718 673 4776 a⁰
690 4717 732 4776 2⁰.
746 4711 795 4794 (3,
813 4708 849 4773 P.
868 4707 912 4789 ΙΙ,
934 4713 1036 4793 149⁰).

201 4884 222 4929 l.
235 4881 334 5002 gresch,
359 4881 433 4941 Koa..
453 4885 519 4940 2t'u’›;
541 4883 688 4942 Sauerlaud,
706 4882 799 4930 niem.
817 4881 883 4938 Uale..
897 4897 922 4929 n.
935 4883 1006 4929 2318.
1018 4909 1050 4914 -
1069 4884 1084 4929 2
1106 4881 1206 4940 Kirscb‚
1219 4879 1295 4940 null.
1310 4883 1364 4929 125.
1376 4907 1407 4916 -
1425 4883 1448 4928 3.
1462 4882 1528 4931 Mon.

175 4955 228 5004 lut.
267 4955 452 5015 olr.‚1‚n.302.
