3650 5675
675 509 763 584 1843,
781 509 877 574 17-20
898 509 1027 576 octobre.
1473 509 1531 576 123

221 663 341 746 549.
1180 695 1198 740 1
1198 697 1241 761 34
1241 695 1274 760 3,
1292 693 1333 760 17
1349 678 1487 742 octobre.

215 783 317 869 Supp.
333 779 507 860 Johannes
522 780 564 846 de
578 779 756 866 Morcamp
772 793 793 861 ¹,
819 787 909 865 quat.
929 776 964 867 [J
967 784 1083 862 acobo,
1101 780 1170 846 filio
1197 781 1365 866 quondam
1381 781 1530 848 Gauterii

169 887 220 953 Le
236 887 327 969 Bart,
344 886 439 974 olen]
459 885 638 966 Morinen.,
662 885 705 951 de
733 904 806 951 011.
831 894 866 951 et
889 888 981 972 preb.
1007 886 1088 952 eccl.
1117 883 1288 967 Leodien.,
1304 906 1376 952 vae.
1401 906 1460 972 per
1476 888 1530 952 ob.

168 992 263 1058 dom.
278 991 297 1069 J
301 991 445 1057 ohannis
458 992 502 1057 de
519 989 679 1056 Maelinia
692 1000 713 1071 ²,
730 989 899 1074 quondam
916 1011 988 1056 can.
1004 993 1095 1077 preb.
1112 991 1261 1075 ejusdem
1284 993 1376 1072 eccl,
1393 999 1428 1056 et
1443 989 1530 1056 sedis

170 1105 280 1182 apost.
295 1116 379 1182 cap,
394 1096 451 1180 qui
468 1093 585 1161 Leodii
600 1093 690 1160 diem
714 1093 834 1160 clausit
847 1102 1046 1176 extremum,
1073 1094 1255 1181 dignemini
1282 1094 1468 1181 providere.
1488 1134 1531 1142 -

170 1199 248 1266 Fiat
264 1199 306 1265 de
322 1220 395 1266 can.
412 1208 447 1264 et
464 1202 555 1285 preb.
572 1198 604 1264 S.
620 1196 714 1263 Pauli
737 1196 898 1265 Leodien.
916 1196 956 1264 R.

211 1305 292 1371 Dat.
307 1305 408 1370 Avin.
428 1308 466 1368 16
481 1302 550 1369 kal.
565 1323 643 1369 nov.
659 1309 692 1368 a⁰
708 1309 751 1370 2⁰.
768 1304 816 1387 (3,
835 1323 851 1390 5
877 1303 904 1389 ).

220 1443 337 1527 550.
1179 1475 1198 1520 1
1198 1476 1241 1540 34
1241 1476 1274 1540 3,
1291 1473 1333 1538 17
1348 1457 1486 1522 octobre.

213 1563 315 1649 Supp.
332 1560 561 1647 Raymundu3‚
578 1558 873 1646 Μο11101.ορἰεο.,
893 1561 970 1648 [pro
985 1560 1053 1626 ind.
1070 1559 1103 1624 in
1119 1569 1181 1626 art.
1196 1557 1325 1646 mort.].
1342 1557 1473 1625 —Fiat
1490 1557 1531 1625 R.

216 1666 305 1732 Item
325 1685 421 1752 supp.
437 1673 474 1730 ut
489 1664 563 1730 sim.
578 1685 625 1750 gr.
642 1664 750 1730 lacere
765 1664 948 1749 dignemini
960 1665 1095 1731 domine
1106 1662 1250 1730 Gensers
1265 1664 1373 1746 matri,
1390 1671 1425 1729 et
1440 1664 1530 1732 dom.

171 1771 344 1837 Bemardo
359 1769 493 1855 Saqueti
509 1768 598 1834 fratri
615 1769 691 1835 suis
708 1810 750 1819 -
766 1768 841 1835 Fiat
855 1769 895 1835 R.

217 1875 306 1941 ltem
330 1895 425 1961 supp.
452 1880 542 1958 quat.
567 1873 628 1938 sibi
652 1883 903 1940 conservatores
939 1874 1123 1941 concedere
1147 1873 1329 1960 dignemini
1361 1873 1393 1940 in
1425 1873 1531 1940 forma

171 1980 306 2046 concilii
322 1977 486 2044 Viennen.
501 2017 543 2026 —
560 1975 637 2043 Fiat
651 1977 695 2043 ad
709 1977 889 2044 triennium
908 1977 948 2044 R.

215 2083 304 2149 Item
319 2103 415 2169 supp.
431 2089 522 2165 quat.
538 2080 599 2147 sibi
615 2081 787 2147 licentiam
802 2083 881 2149 dare
896 2091 931 2149 et
956 2083 1140 2150 concedere
1155 2083 1336 2170 dignemini
1364 2084 1529 2150 condendi

170 2197 206 2253 et
242 2185 415 2253 ordinandi
445 2192 687 2250 testamentum
713 2192 748 2250 et
778 2187 931 2251 ultimam
966 2188 1177 2253 voluntatem
1207 2188 1249 2254 de
1279 2188 1530 2274 quibuscunque

170 2292 269 2358 bonis
281 2290 383 2356 etiam
399 2288 642 2370 ecclesiasticis,
658 2289 701 2355 ad
725 2310 802 2354 eum
823 2311 1022 2376 quacunque
1049 2312 1147 2358 causa
1171 2313 1229 2358 seu
1245 2293 1420 2360 occasione
1437 2313 1530 2379 spec-

170 2395 331 2477 tantibus,
347 2403 384 2459 ut
397 2394 430 2458 in
446 2392 562 2459 forma.
575 2434 618 2442 —
631 2389 707 2458 Fiat
724 2392 764 2459 R.

216 2500 305 2566 Item
321 2520 415 2585 supp.
433 2506 522 2583 quat.
539 2496 599 2562 sibi
617 2497 801 2563 concedere
815 2498 998 2584 dignemini
1015 2508 1052 2565 ut
1067 2500 1151 2567 duos
1177 2500 1326 2567 notarios
1342 2521 1400 2566 seu
1426 2502 1530 2567 tabel-

172 2605 289 2686 liones,
313 2603 599 2688 quibusmultum
625 2599 752 2685 indiget
775 2621 837 2686 pro
861 2602 1006 2668 utilitate
1033 2605 1114 2670 eccl.
1141 2623 1208 2686 sue,
1234 2605 1339 2690 possit
1365 2604 1473 2670 facere
1496 2612 1530 2670 et

172 2731 296 2776 creare.
311 2750 355 2759 -
371 2707 447 2774 Fiat
463 2705 503 2771 R.

214 2815 294 2881 Dat.
310 2813 409 2879 Avin.
430 2818 467 2877 16
484 2810 549 2877 kal.
564 2829 644 2875 101.
659 2815 692 2873 a⁰
709 2815 750 2874 2⁰.
768 2810 816 2893 (3,
835 2813 924 2896 261).

221 2953 330 3036 551.
1183 2984 1279 3049 1343,
1295 2968 1338 3031 18
1352 2967 1489 3032 octobre.

214 3072 316 3157 Supp.
343 3080 453 3136 vester
479 3071 667 3137 abreviator
691 3070 857 3137 Robertus
883 3069 926 3135 de
951 3068 1055 3133 Turre
1070 3068 1112 3134 de
1127 3070 1230 3136 Adria
1254 3080 1343 3155 quat.
1361 3070 1533 3141 Gualterio

173 3172 339 3240 Froderici
355 3174 397 3239 de
414 3171 641 3256 Claromonte,
656 3173 808 3242 Amoldo
819 3172 980 3240 Willelmi
995 3172 1083 3239 Ruffi
1099 3174 1142 3240 de
1157 3172 1299 3261 Tongris
1314 3187 1334 3259 ³,
1352 3177 1532 3244 Dominico

174 3277 326 3344 Damotti
342 3278 384 3344 de
401 3276 624 3345 Michaelibus
650 3279 692 3345 de
710 3278 851 3345 Mantua
875 3286 909 3343 et
925 3274 1075 3343 Waltero
1092 3276 1225 3345 Nicolai
1241 3280 1283 3346 de
1300 3279 1507 3367 Redelingha
1522 3294 1533 3327 ⁴

173 3381 301 3447 clericis
315 3390 350 3446 et
365 3382 580 3469 scriptoribus
606 3384 673 3449 suis
697 3382 938 3451 sufficientibus
953 3389 987 3448 et
1002 3382 1152 3469 ydoneis,
1177 3386 1232 3470 qui
1254 3387 1287 3450 in
1310 3387 1399 3453 notis
1414 3386 1533 3454 vestris

173 3484 216 3551 de
231 3485 321 3550 curia
336 3493 371 3551 et
386 3487 529 3571 negotiis
544 3488 633 3555 dom.
650 3488 866 3555 cardinalium
893 3496 928 3553 et
954 3496 1141 3554 vestrorum
1166 3490 1319 3557 laborant
1334 3493 1473 3575 assidue,
1489 3492 1531 3558 de

174 3591 409 3656 tabellionatus
425 3590 537 3658 officio
553 3592 733 3677 dignemini
749 3592 983 3678 providere-
996 3590 1072 3659 Fiat
1087 3593 1129 3659 de
1144 3594 1260 3681 primis
1274 3596 1412 3679 dnobus,
1430 3596 1455 3663 si
1466 3596 1532 3662 sint

174 3692 388 3775 sufficientes,
403 3716 464 3782 per
478 3698 798 3765 vicecancellarium.
812 3696 851 3763 R.

220 3798 297 3863 Dat.
312 3798 412 3864 Avin.
432 3818 468 3885 15
485 3799 551 3867 kal.
568 3823 646 3867 nov.
661 3809 694 3868 a⁰
711 3808 753 3867 2⁰.
770 3802 818 3885 (³,
836 3802 941 3886 262⁰).
972 3863 979 3873 .

226 3937 338 4020 552.
1182 3971 1200 4016 1
1200 3973 1243 4037 33
1243 3973 1276 4036 3,
1294 3972 1335 4015 20
1351 3952 1489 4017 octobre.

218 4056 319 4143 Supp.
335 4054 355 4134 J
358 4057 507 4124 ohannes
522 4057 564 4123 de
581 4055 770 4143 Columpna
786 4056 873 4122 eard.
889 4064 910 4138 ⁵,
928 4064 1017 4141 quat.
1034 4056 1282 4142 consanguineo
1298 4076 1358 4121 suo
1373 4052 1392 4133 J
1396 4054 1532 4135 ohanni,

175 4160 245 4227 filio
260 4159 411 4227 Processi
428 4159 570 4248 Caputie
594 4162 637 4228 de
661 4158 842 4247 Capatinis,
859 4163 937 4227 cler.
964 4160 1006 4226 de
1032 4160 1135 4242 Urbe,
1152 4160 1226 4226 can.
1242 4168 1277 4225 et
1292 4163 1384 4246 preb.
1401 4161 1481 4225 eccl.
1500 4156 1531 4224 S.

176 4264 368 4345 Audomari,
386 4262 554 4331 Morinen.
569 4266 657 4330 dioc.
674 4286 756 4345 vac,
777 4264 877 4351 [quos
893 4264 1081 4350 Stephanus
1097 4264 1138 4330 de
1155 4264 1270 4346 Pille0,
1288 4263 1367 4329 dum
1392 4264 1531 4343 viveret,

177 4367 381 4455 obtinebat],
400 4370 548 4435 conferre
564 4368 757 4453 dignemini,
772 4389 842 4435 non
867 4371 952 4435 obst.
969 4368 1059 4453 quod
1082 4368 1171 4434 idem
1195 4368 1214 4446 J
1218 4369 1367 4435 ohannes
1384 4368 1416 4432 in
1433 4364 1531 4433 Late-

176 4474 307 4538 ranensi
323 4480 358 4537 et
375 4470 547 4555 Furnensi,
565 4471 731 4539 Morinen.
748 4473 845 4555 dioc,
861 4473 1020 4554 ecclesiis,
1037 4493 1109 4538 can.
1126 4480 1161 4538 et
1175 4476 1267 4560 preb.
1284 4472 1432 4538 noscitur
1447 4472 1532 4538 obti-

177 4597 264 4642 nere.
275 4618 319 4626 -
334 4574 410 4642 Fiat
427 4576 466 4643 R.

220 4680 299 4746 Dat.
314 4681 415 4746 Avin.
435 4700 471 4766 13
487 4681 553 4747 kal.
570 4702 648 4748 nov.
665 4690 697 4748 a⁰
714 4689 756 4747 2⁰.
773 4683 821 4767 (3,
840 4684 930 4767 267).

209 4899 231 4944 1.
244 4896 305 4945 von
321 4910 347 4944 n.
364 4898 419 4945 oro.
431 4899 497 4945 -1,
509 4864 752 4945 1011111191
766 4896 849 4945 ecoe
861 4897 957 4957 ooeux,
971 4896 1005 4956 11,
1018 4899 1065 4955 11;
1079 4896 1185 4955 ermol„
1197 4897 1272 4957 1111,
1285 4899 1340 4947 loe.
1352 4925 1383 4933 -
1395 4900 1418 4946 1.
1431 4898 1530 4959 1111
1657 4892 1660 4899 ’

178 4971 276 5019 1116.-
287 4973 312 5018 5,
323 4968 489 5019 Ourdinalde
501 4970 623 5031 St·Ange.
