3650 5675
721 508 808 583 lais,
832 509 867 573 21
886 509 997 591 juna.
1047 488 1050 492 ’
1500 516 1540 583 aa

175 685 357 750 genuanus
371 666 451 728 bon.
467 682 568 727 mem.
591 661 681 727 dom.
702 662 849 742 Andree,
865 662 918 729 tit.
945 662 976 727 S.
1002 664 1154 729 Susanne
1181 656 1304 750 presb.
1319 668 1419 747 card,
1444 689 1539 755 supp.

174 771 207 835 S.
224 768 264 840 V.
280 775 373 847 quat.
389 765 618 851 infrascriptas
644 766 909 851 supplicationes
935 768 1084 853 recipere
1109 768 1292 853 dignemini
1316 778 1351 836 et
1367 774 1424 837 eas
1447 772 1540 838 favo-

175 872 326 938 rabiliter
341 870 509 935 exaudire.

221 974 262 1040 In
282 974 398 1061 primis
413 994 508 1059 supp.
524 973 634 1038 dictus
649 974 869 1040 cancellarius
885 983 977 1058 quat.
998 974 1131 1061 [nepoti
1155 997 1214 1042 suo
1231 976 1377 1045 Nicolao
1392 978 1538 1060 Janiani,

175 1083 253 1145 cler.
268 1078 475 1158 Florentino,
491 1076 682 1143 Aurelianis
696 1077 875 1164 studenti,]
893 1080 936 1143 de
953 1099 1029 1144 can.
1047 1088 1082 1144 et
1097 1082 1189 1165 preb.
1205 1081 1287 1146 eccl.
1303 1082 1445 1148 Aretine
1464 1104 1538 1149 vac.

175 1203 236 1269 per
250 1185 305 1248 ob.
332 1181 413 1247 dicti
439 1180 530 1246 dom.
558 1180 738 1246 cardinalis
764 1182 819 1246 vel
844 1181 930 1247 alias
956 1184 1182 1266 quovismodo
1205 1193 1329 1251 vacent
1355 1186 1538 1271 dignemini

174 1286 361 1372 providere,
377 1306 448 1352 non
464 1287 550 1351 obst.
566 1283 657 1368 quod
673 1284 879 1372 capellanias
904 1284 937 1348 in
956 1284 987 1349 S.
1019 1284 1159 1351 Martini
1189 1288 1418 1355 Curtracensis
1438 1299 1473 1356 et
1497 1291 1539 1357 de

177 1388 328 1455 Hamere
344 1389 502 1470 ecclesiis,
518 1388 708 1455 Tomacen.
723 1389 821 1470 dioc,
837 1389 988 1455 noscitur
1003 1390 1166 1457 obtinere.
1182 1434 1224 1441 —
1242 1393 1320 1459 Fiat
1335 1394 1376 1461 R.

218 1535 307 1595 428.
339 1526 425 1592 Item
442 1548 538 1613 supp.
553 1535 646 1612 quat.
666 1527 800 1614 [nepoti
816 1547 877 1593 suo
892 1529 1028 1594 Andree
1044 1528 1063 1607 J
1067 1530 1191 1611 aniani,
1209 1533 1286 1597 cler.
1312 1530 1536 1623 Florentino]

173 1633 308 1699 decan.
324 1632 564 1718 etpreb.eccl.
580 1633 613 1697 S.
629 1631 802 1697 LaurentiI
828 1632 871 1697 de
890 1632 1063 1699 Florentia
1086 1656 1146 1719 per
1167 1638 1220 1701 ob.
1244 1636 1327 1701 dicti
1354 1638 1445 1706 dom.
1468 1661 1539 1706 car-

173 1737 295 1803 dinalis
324 1758 398 1803 vac.
428 1739 482 1801 vel
514 1737 597 1802 alias
634 1737 857 1822 quovismodo
893 1747 1019 1803 vacent
1059 1740 1244 1824 dignemini
1274 1742 1461 1827 providere.
1495 1786 1539 1795 —-

178 1840 256 1905 Fiat
272 1840 312 1905 R.

219 1982 306 2043 429.
324 1974 411 2040 Item
427 1997 523 2062 supp.
539 1984 632 2060 quat.
652 1976 784 2063 [nepoti
801 1997 862 2042 suo
877 1976 1009 2055 Jacobo
1024 1978 1067 2043 de
1080 1978 1343 2048 Lanfredinisde
1355 1983 1536 2067 Florentia,

177 2082 254 2145 cler.
277 2081 468 2146 Aurelianis
482 2081 515 2145 in
525 2082 599 2166 jure
616 2081 679 2146 civ.
695 2081 873 2167 studenti],
899 2082 1033 2149 decan.
1050 2092 1085 2149 et
1112 2089 1203 2171 preb.
1230 2088 1311 2152 eccl.
1328 2090 1535 2174 Aquilegen,

174 2204 248 2249 vac.
264 2204 324 2269 per
339 2187 392 2250 ob.
408 2184 489 2250 dicti
512 2184 602 2250 dom.
628 2185 807 2251 cardinalis
833 2187 886 2250 vel
913 2188 997 2251 alias
1023 2190 1246 2272 quovismodo
1272 2201 1406 2273 vacent,
1422 2194 1536 2279 digne-

175 2286 256 2351 mini
280 2287 466 2372 provIdere,
493 2309 562 2353 non
589 2292 675 2355 obst.
693 2284 794 2375 ⁴quod
821 2292 1026 2376 capellanias
1052 2292 1094 2357 de
1119 2292 1187 2359 Los
1209 2295 1307 2380 juxta
1340 2296 1470 2363 Insulas
1496 2320 1537 2364 ac

173 2392 404 2477 dyaconatum
421 2392 454 2456 in
471 2392 621 2477 Eynensi
638 2394 728 2459 acin
745 2393 788 2459 de
806 2394 954 2475 Duzelle,
971 2396 1159 2463 Tomacen.
1182 2399 1279 2479 dioc,
1308 2422 1348 2466 ac
1373 2422 1448 2467 can.
1475 2406 1535 2467 sub

173 2516 249 2581 exp.
264 2498 358 2581 preb.
373 2496 408 2561 in
424 2494 612 2562 Tomacen.
628 2498 711 2562 eccl.
726 2498 876 2562 noscitur
890 2498 1043 2563 obtinere
1060 2509 1078 2565 ¹.
1101 2537 1133 2549 -
1156 2500 1232 2568 Fiat
1249 2502 1289 2569 R.

218 2641 303 2703 430.
322 2634 412 2700 Item
427 2635 727 2722 supp.domicellus
743 2644 853 2701 vester
869 2635 1045 2717 Robertus,
1062 2646 1162 2704 natus
1178 2638 1343 2705 Gianottii
1359 2640 1402 2704 de
1417 2640 1536 2705 Caval-

173 2739 326 2805 cantibus
341 2740 384 2804 de
401 2737 571 2805 Florentia
586 2739 711 2821 militis,
734 2739 837 2805 famil.
853 2748 888 2804 et
914 2739 1111 2806 domicellus
1136 2741 1216 2808 dicti
1243 2743 1334 2809 dom.
1360 2743 1537 2809 cardinalis

173 2863 215 2909 ac
231 2852 392 2928 cognatus
406 2842 426 2921 J
430 2844 543 2927 aqueti
559 2844 603 2908 de
619 2842 790 2931 Maupilis,
805 2843 975 2910 domicelli
990 2846 1103 2927 vestri,
1120 2848 1254 2933 nepotis
1266 2848 1348 2913 dicti
1360 2847 1452 2914 dom.
1465 2869 1535 2914 car-

172 2947 304 3030 dinalis,
320 2949 374 3031 qui
390 2948 493 3034 longo
508 2956 661 3036 tempore
677 2949 787 3014 eidem
812 2948 971 3015 cardinali
990 2949 1133 3015 fideliter
1157 2950 1337 3017 deservivit
1361 2972 1401 3018 ac
1417 2973 1478 3037 pro
1494 2974 1537 3020 eo

172 3051 264 3118 dona
291 3059 326 3118 et
350 3053 431 3118 alias
457 3072 598 3137 magnas
622 3053 858 3138 peccuniamm
883 3073 1031 3118 summas
1056 3054 1226 3139 expendit,
1252 3064 1345 3140 quat.
1370 3055 1534 3143 [Joharmi

173 3155 264 3221 fratri
280 3177 350 3237 suo,
366 3155 440 3243 uni]
460 3177 501 3221 ex
517 3177 640 3222 novem
657 3157 732 3222 filiis
747 3157 827 3222 dicti
844 3158 892 3222 sui
920 3157 1039 3238 fratris,
1067 3159 1123 3241 qui
1151 3159 1317 3226 studendo
1342 3163 1536 3246 expectavit

171 3263 258 3325 bene
281 3280 341 3346 per
367 3281 404 3345 15
432 3282 538 3327 annos
563 3262 617 3326 vel
643 3261 731 3326 circa
757 3261 791 3325 in
817 3262 983 3326 Senonen.
1011 3270 1046 3327 et
1064 3260 1247 3328 Florentin.
1273 3265 1356 3330 eccl.
1380 3267 1482 3350 preb,
1501 3275 1536 3331 et

172 3371 309 3451 propter
336 3365 589 3430 revocationem
620 3365 895 3451 expectationum
936 3365 1124 3451 hujusmodi
1158 3368 1371 3433 subsecutam
1406 3371 1534 3434 nullum

174 3468 353 3534 comodum
368 3470 563 3555 reportavit,
574 3471 617 3535 ob
630 3469 935 3536 considerationum
951 3469 1040 3536 dicte
1052 3474 1131 3536 bon.
1148 3491 1248 3536 mem.
1259 3471 1349 3538 dom.
1360 3474 1536 3540 cardinalis

173 3580 209 3637 et
228 3572 350 3638 intuitu
373 3573 519 3658 pietatis,
535 3572 578 3637 de
594 3573 779 3658 plebanatu
793 3574 876 3639 eccl.
893 3573 924 3638 S.
943 3573 991 3639 M.
1020 3572 1159 3659 Majoris
1184 3575 1227 3641 de
1254 3575 1382 3658 Pescia,
1410 3576 1535 3644 Lucan.

47 3693 60 3711 ·
172 3677 270 3757 dioc,
285 3696 358 3742 vac.
374 3697 434 3764 per
449 3686 593 3743 mortem
609 3676 690 3742 dicti
707 3677 797 3742 dom.
814 3678 991 3764 cardinalis
1007 3680 1060 3743 vel
1088 3680 1170 3744 alias
1195 3701 1408 3764 quocumque
1433 3683 1536 3746 modo

174 3790 274 3846 vacet
301 3779 345 3845 ad
380 3781 494 3846 sedem
519 3790 628 3868 apost.
653 3790 840 3867 spectante,
865 3783 959 3866 cujus
989 3782 1168 3864 redditus,
1197 3804 1263 3849 sec.
1296 3793 1365 3849 tax.
1395 3785 1535 3865 decime,

174 3905 341 3952 summam
358 3907 399 3970 30
414 3885 448 3952 fl.
464 3886 535 3952 aun'
549 3908 619 3952 non
634 3887 812 3966 excedunt,
828 3886 1010 3972 dignemini
1028 3887 1213 3972 providere.
1229 3927 1272 3936 —
1289 3885 1366 3952 Fiat
1383 3885 1423 3955 R.

216 4029 296 4090 431.
315 4023 403 4089 Item
418 4023 517 4088 simili
532 4023 635 4089 modo
652 4033 686 4089 et
702 4024 808 4089 sonna
825 4023 975 4108 Symoni,
1003 4024 1098 4088 alteri
1126 4024 1218 4088 fratri
1235 4043 1304 4104 su0,
1322 4027 1394 4090 bac.
1411 4023 1445 4089 in
1461 4025 1535 4109 leg,

174 4127 279 4211 quiin
295 4129 376 4214 ipsis
390 4127 504 4194 studet
519 4136 554 4194 et
570 4129 696 4196 studuit
712 4129 746 4193 in
763 4127 884 4193 Monte
901 4126 1083 4192 Pessulano
1105 4136 1138 4191 et
1156 4127 1350 4209 Aurelianis,
1366 4131 1453 4193 bene
1476 4150 1536 4214 per

174 4241 253 4297 octo
269 4253 386 4313 annos,
403 4230 446 4296 de
461 4232 646 4317 plebanatu
661 4233 743 4299 eccl.
760 4232 791 4296 S.
809 4231 1039 4296 Bartholomei
1056 4229 1098 4295 de
1116 4229 1210 4310 Pino,
1228 4229 1416 4297 Vulterran.
1437 4232 1534 4313 dioc,

174 4336 265 4421 cujus
275 4335 726 4418 fructus..,sec.tax.decime,
734 4357 898 4402 summam
911 4357 951 4420 30
962 4335 994 4399 ll.
1006 4335 1075 4400 auri
1086 4355 1154 4401 non
1165 4335 1342 4417 excedunt,
1354 4337 1534 4422 dignemini

173 4440 358 4528 providere,
375 4461 444 4505 non
461 4443 546 4506 obst.
561 4440 652 4524 quod
668 4441 758 4505 idem
774 4441 901 4527 Symon
918 4461 990 4506 can.
1007 4448 1042 4504 et
1058 4442 1150 4525 preb.
1167 4440 1249 4504 eccl.
1273 4438 1432 4526 Bajocen.
1450 4442 1536 4508 obti-

173 4563 251 4610 nere
267 4564 308 4610 ac
325 4543 415 4633 dign.
431 4544 465 4608 in
481 4543 600 4610 eadem
627 4546 708 4612 eccl.
735 4565 795 4632 per
820 4545 947 4609 litteras
968 4543 1000 4608 S.
1016 4542 1056 4608 V.
1073 4543 1220 4609 noscitur
1236 4552 1426 4629 expectare,
1443 4547 1536 4630 cujus

174 4648 422 4736 expectationis
436 4648 540 4732 gratie
555 4658 693 4735 paratus
719 4657 771 4714 est
797 4647 998 4727 renuntiare,
1024 4656 1203 4733 postquam
1231 4647 1312 4712 dicti
1338 4650 1535 4734 plebanatus

175 4751 420 4839 possessionem
436 4751 534 4818 luerit
549 4753 727 4840 pacificam
744 4759 924 4818 assecutus.
944 4791 983 4800 -
1001 4749 1078 4816 Fiat
1095 4749 1135 4817 R.

206 4972 226 5018 I.
239 4969 301 5018 vair
314 4983 339 5016 n.
353 4970 407 5016 119.
