3650 5675
686 507 773 581 1342,
798 507 848 571 21
866 508 977 589 juna.
1476 510 1513 576 11

147 656 198 721 fel.
213 674 278 722 rec.
294 656 382 722 dom.
395 654 598 723 Benedictus
612 677 702 742 papa
718 656 798 738 XII,
811 658 1026 744 predecessor
1040 666 1160 744 vester,
1173 679 1245 724 can.
1261 659 1341 725 eccl.
1358 659 1388 725 S.
1398 659 1514 725 Dona-

147 760 230 825 tiani
248 758 434 845 BrugensiS,
447 758 631 826 Tomacen.
648 759 743 841 dioc,
759 760 819 826 sibi
845 762 989 827 contulit
1012 766 1073 827 sub
1088 783 1161 848 exp.
1177 765 1279 848 preb,
1295 782 1398 847 quare
1420 782 1514 847 supp.

148 871 238 947 quat.
250 863 440 949 hujusmodi
452 884 498 949 gr.
511 862 692 950 dignemini
704 884 876 947 renovare,
886 886 956 931 non
971 868 1055 931 obst.
1068 864 1159 951 quod
1173 886 1278 952 nuper
1292 866 1336 931 de
1351 864 1515 932 archidia-

149 974 272 1033 conatu
288 966 531 1032 Alberdonensi
547 967 581 1031 in
605 986 672 1033 cur.
696 988 770 1033 vac.
797 968 989 1053 providistis
1015 968 1135 1050 eidem,
1162 990 1230 1035 non
1255 973 1338 1036 obst.
1363 969 1454 1054 quod
1480 970 1515 1035 in

149 1070 299 1157 predicta
319 1070 348 1135 S.
381 1070 566 1136 Donatiani
586 1091 661 1137 can.
691 1074 751 1137 sub
778 1092 853 1157 exp.
884 1075 985 1157 preb,
1016 1080 1103 1138 auct
1129 1072 1217 1139 dieti.
1244 1072 1516 1159 pre(decessoris)

149 1175 289 1259 nestri),
313 1175 345 1239 in
370 1175 613 1241 Alberdonensi
629 1176 708 1241 eccl.
725 1196 799 1242 can.
816 1184 850 1242 et
865 1180 955 1262 preb.
972 1196 1013 1242 ac
1036 1177 1184 1262 parroch.
1205 1178 1287 1242 eccl.
1310 1176 1353 1241 de
1377 1176 1514 1243 Kilcho·

148 1277 273 1359 discan,
287 1278 513 1344 Alberdonen.
536 1278 632 1359 dioc,
656 1278 841 1360 obtinebat,
865 1289 965 1366 prout
992 1281 1133 1362 obtinet,
1150 1301 1233 1365 quas
1258 1280 1407 1366 parroch.
1431 1281 1515 1346 eccl.

148 1402 187 1451 ac
197 1386 287 1469 preb.
301 1382 599 1464 Alberdonensem,
616 1382 731 1448 habita
754 1385 963 1469 possessione
986 1384 1069 1450 dicti
1084 1384 1386 1465 archidiaconatus,
1402 1384 1513 1449 dimit-

149 1494 220 1551 tere
235 1494 413 1552 teneretur.
430 1526 471 1537 -
490 1485 566 1551 Fiat
583 1486 622 1552 R.

195 1590 270 1655 Dat
287 1590 383 1655 Asin.
401 1588 466 1655 kal.
479 1590 552 1675 julii
567 1610 658 1656 anno
672 1592 790 1676 prirno.
806 1591 848 1676 (I,
865 1594 930 1677 48).

203 1744 282 1827 67
1203 1780 1298 1843 1542,
1315 1781 1335 1823 2
1346 1758 1431 1841 juill
1447 1766 1469 1825 t.

195 1861 294 1955 Supp.
321 1860 490 1943 Johanna,
509 1862 650 1930 Francie
674 1872 708 1929 et
730 1864 883 1930 Navarre
909 1865 1034 1949 regina,
1050 1871 1143 1949 quat.
1168 1860 1315 1939 Johanni
1338 1861 1511 1940 Rousselli,

151 1968 259 2053 presb.
284 1965 464 2032 Belvacen.
487 1967 583 2048 dioc,
599 1968 642 2033 de
655 1988 727 2033 can.
744 1976 779 2033 et
801 1971 893 2055 preb.
914 1967 1095 2034 Belvacen.
1120 1965 1301 2051 dignemini
1327 1965 1511 2051 providere,

151 2090 219 2137 non
249 2072 334 2136 obst.
359 2069 451 2155 quod
477 2090 551 2137 can.
575 2080 611 2136 et
636 2074 728 2157 preb.
756 2071 788 2137 S.
814 2070 903 2137 Petri
930 2070 1118 2152 insulensis,
1145 2070 1332 2136 Tomacen.
1356 2070 1454 2151 dioc,
1477 2077 1513 2134 et

150 2174 269 2261 capell.
285 2174 465 2260 leprosarie
480 2174 523 2240 de
535 2172 705 2255 Creciaco,
721 2173 870 2241 Melden.
882 2174 980 2256 dioc,
992 2175 1142 2240 noscitur
1156 2174 1317 2240 obtinere.
1333 2211 1365 2221 —
1382 2172 1459 2239 Fiat
1471 2172 1511 2239 R.

193 2278 273 2344 Dat.
290 2278 388 2344 Avin.
406 2282 423 2343 6
440 2299 516 2344 non.
530 2278 602 2363 julii
619 2286 653 2343 a⁰
672 2286 709 2343 1⁰.
727 2277 769 2362 (I,
787 2280 859 2363 41⁰)

201 2431 282 2515 68.
563 2509 566 2516 ,
907 2410 909 2415 V
1199 2462 1295 2525 1342,
1312 2464 1330 2505 2
1343 2441 1465 2522 juillet.

192 2550 294 2636 Supp.
309 2548 479 2630 Jolranna,
497 2548 638 2613 Francie
665 2556 699 2613 et
723 2546 876 2613 Navarre
899 2548 1022 2632 regina,
1039 2554 1132 2631 quat.
1148 2546 1241 2629 [cler.
1257 2564 1317 2633 suo
1333 2544 1448 2629 Petro]
1468 2544 1514 2610 de

149 2652 314 2733 Resbaco,
341 2652 490 2718 Melden.
517 2651 615 2733 dioc,
637 2651 680 2717 de
703 2672 777 2717 can.
805 2658 839 2715 et
862 2653 954 2736 preb.
971 2650 1002 2715 S.
1018 2649 1213 2729 Audomari,
1231 2647 1397 2713 Morinen.
1413 2647 1511 2728 dioc,

148 2756 330 2843 dignemini
346 2755 532 2843 providere.
548 2795 591 2805 -
609 2755 684 2820 Fiat
699 2755 733 2820 in
749 2755 831 2820 eccl.
848 2753 879 2819 S.
896 2753 1057 2818 Germani
1072 2751 1320 2817 Antisiodoren.
1337 2750 1378 2816 R.

194 2862 274 2927 Dat.
291 2862 389 2926 Avin.
407 2865 425 2925 6
441 2881 519 2927 non.
532 2860 604 2946 julii
621 2869 655 2925 a⁰
675 2868 711 2924 1⁰.
730 2858 773 2946 (I,
790 2859 860 2944 42).

202 3015 281 3098 69.
364 3107 368 3116 1
1202 3043 1296 3106 1342,
1315 3044 1333 3106 4
1344 3020 1467 3102 juillet.

193 3134 294 3220 Supp.
310 3132 493 3212 Jolrannes,
509 3132 594 3217 regis
611 3131 752 3196 Francie
771 3129 1022 3216 primogenitus,
1046 3137 1139 3214 quat.
1163 3130 1265 3212 [mag.
1287 3125 1449 3192 Michaeli
1469 3126 1511 3191 de

147 3237 317 3324 Tricheyo
333 3236 414 3302 dicti
431 3236 515 3321 regis
531 3236 634 3319 cler.,]
651 3246 659 3270 ¹
675 3233 717 3299 de
741 3254 815 3300 can.
832 3233 914 3300 eccl.
931 3233 1117 3299 Tomacen.
1134 3230 1315 3316 dignemini
1338 3229 1512 3316 providere

149 3349 184 3405 et
198 3342 291 3426 preb.
311 3358 559 3419 reservare,non
576 3341 661 3404 obst.
683 3335 774 3420 quod
788 3335 897 3402 dictus
922 3334 1070 3402 Michael
1093 3355 1167 3400 can.
1184 3343 1219 3398 et
1234 3336 1325 3419 preb.
1342 3354 1382 3400 ac
1405 3334 1512 3400 archi·

149 3444 365 3510 diaconatum
383 3443 537 3510 Annonie
562 3442 596 3506 in
621 3441 703 3506 eccl.
720 3438 936 3505 Cameracen.
958 3439 1106 3504 noscitur
1131 3438 1292 3503 obtinere.
1310 3475 1343 3522 .·
1372 3436 1449 3503 Fiat
1469 3436 1511 3502 de

150 3567 225 3613 can.
242 3550 312 3614 sub.
328 3568 404 3633 exp.
420 3550 512 3634 preb.
528 3545 562 3611 in
578 3546 659 3611 eccl.
676 3545 888 3609 Attrebaten.
906 3541 947 3607 R.

195 3650 389 3716 Dat.'Avin.
405 3672 425 3735 4
441 3670 520 3716 non.
540 3649 612 3734 julii
629 3655 662 3714 a⁰
682 3655 718 3712 1⁰.
737 3645 780 3731 (I,
799 3647 881 3729 39⁰).

204 3802 285 3884 70.
720 3795 724 3804 ι
852 3797 854 3804 .
1202 3831 1297 3894 1542,
1314 3833 1333 3894 4
1344 3809 1467 3890 juillet.

195 3921 295 4007 Supp.
313 3918 519 4005 Radulplrus,
536 3938 649 3984 comes
664 3917 750 4002 Augi
769 3925 803 3982 et
820 3901 1131 3982 connestabularius
1148 3914 1298 3993 Francie,
1315 3921 1406 3997 quat.
1422 3915 1513 3999 [cap.

151 4045 211 4090 suo
226 4023 387 4106 Johanni]
403 4020 445 4087 de
459 4021 576 4102 Ponte,
594 4021 843 4104 Rothomagen.
860 4019 956 4098 dioc,
972 4017 1015 4083 de
1029 4021 1103 4082 ben.
1120 4018 1201 4083 eccl.
1217 4017 1261 4083 ad
1277 4017 1350 4082 coll.
1366 4025 1513 4083 monast.

152 4127 188 4192 B.
204 4126 458 4210 Wandregisilli,
476 4124 720 4211 Rothomagen.
733 4125 831 4204 dioc,
841 4122 1022 4208 dignemini
1038 4120 1224 4207 providere,
1237 4140 1304 4185 non
1320 4123 1406 4185 obst.
1422 4119 1512 4204 quod

151 4231 301 4316 parroch.
318 4229 401 4294 eccl.
411 4229 453 4294 de
470 4227 635 4312 Basecles,
649 4229 701 4296 cui
718 4249 797 4294 cura
812 4227 966 4291 imminet
982 4222 1399 4304 animarum,Cameracen.
1416 4223 1514 4303 dioc,

153 4333 333 4400 dinoscitur
348 4333 508 4400 obtinere.
523 4373 566 4384 -
583 4331 661 4399 Fiat
678 4332 715 4397 R.

196 4439 270 4504 Dat.
287 4438 384 4503 Avin.
402 4457 512 4522 4n011.
527 4436 598 4523 J'ulii
615 4445 648 4503 a⁰
668 4443 704 4502 1⁰.
722 4433 764 4518 (I,
782 4435 849 4519 42).

203 4594 276 4674 71.
1205 4619 1300 4684 1342,
1318 4622 1336 4684 4
1343 4597 1467 4681 juillet.

196 4709 291 4796 Supp.
304 4709 484 4775 Durandus
499 4707 624 4788 Olheti,
635 4707 717 4774 civis
732 4702 1027 4784 Claromontensis,
1040 4709 1130 4787 quat.
1147 4700 1166 4779 J
1170 4705 1278 4768 acobo
1290 4701 1416 4785 Olheti,
1429 4709 1517 4768 nato

189 4935 208 4983 l.
225 4935 307 4996 l'idnl,
325 4949 350 4984 n.
368 4937 412 4984 811
430 4950 436 4994 3
455 4934 696 4997 Limburgdltiruru,
718 4933 787 4982 Part
804 4929 835 4980 ele
852 4930 931 4980 Lauta
946 4927 977 4977 de
995 4927 1072 4988 nau,
1092 4928 1112 4986 1,
1131 4929 1186 4978 248.
