3650 5675
271 459 335 523 632
826 457 914 531 aaa,
937 456 1086 537 ljuillet.

273 619 327 676 tas
342 610 452 675 eidem
467 618 548 675 tunc
564 612 675 677 electo
703 616 914 676 concesserat
935 628 1035 693 posse
1058 615 1173 672 tenere
1197 610 1371 689 beneficia,
1388 632 1453 695 que
1479 620 1633 699 tempore

273 715 446 779 electionis
462 735 519 779 sue
536 715 786 800 obtinebat,per
801 713 984 779 triennium
998 721 1080 779 tunc
1096 713 1253 794 futurum,
1269 715 1395 780 fructus
1410 737 1543 801 quoque
1558 740 1633 804 per-

182 890 185 897 ,
273 819 383 904 cipere
400 839 441 882 ex
457 818 593 899 eisdem,
609 818 700 904 ipsos
727 824 962 904 procuratores
977 824 1011 881 et
1027 817 1168 900 gratiam
1184 817 1277 883 dicto
1292 818 1427 884 Andree
1443 830 1480 885 ut
1495 823 1632 907 premit-

271 922 352 987 titur
379 922 511 1001 factam,
538 921 717 987 admittere
741 928 946 987 recusarunt
974 920 1086 1003 Quare
1119 942 1214 1007 supp.
1238 921 1329 987 idem
1363 924 1632 1011 archiepiscopus

270 1026 440 1106 Auxitan,
456 1035 493 1090 ut
508 1046 579 1090 non
595 1028 752 1091 obstante
768 1025 986 1091 concessione
1001 1024 1190 1109 hujusmodi
1205 1026 1299 1091 dicto
1313 1034 1395 1091 tunc
1410 1028 1520 1093 electo
1532 1028 1630 1095 Colo

271 1130 370 1209 nien,
387 1151 450 1214 que
466 1139 544 1215 post
559 1130 702 1213 gratiam
718 1129 799 1194 dicti
815 1129 952 1193 Andree
968 1128 1058 1194 iacta
1074 1128 1146 1205 fuit,
1163 1128 1252 1193 idem
1278 1128 1432 1195 Andreas
1455 1130 1498 1196 ad
1521 1132 1631 1198 dictos

271 1234 508 1299 canonicatum
524 1241 557 1297 et
574 1233 780 1319 prebendam
795 1232 931 1297 realiter
946 1231 1154 1311 admittatur,
1183 1232 1230 1297 ita
1257 1233 1348 1315 quod
1371 1233 1480 1299 dictus
1504 1236 1631 1301 archie-

271 1338 427 1423 piscopus
442 1336 566 1402 fructus
582 1338 800 1403 canonicatus
816 1344 851 1401 et
866 1335 1035 1421 prebende
1051 1335 1278 1420 predictorum
1301 1357 1361 1421 per
1386 1337 1514 1403 dictum
1529 1338 1631 1402 trien-

270 1442 363 1505 nium
378 1441 517 1525 recipiat
530 1442 627 1525 juxta
643 1441 895 1507 concessionem
911 1438 973 1503 sibi
991 1438 1117 1504 factam
1133 1458 1192 1524 per
1217 1440 1439 1505 Sanctitatem
1466 1440 1630 1521 Eandem,

270 1552 306 1609 et
321 1544 410 1629 quod
425 1544 506 1609 dicti
523 1552 718 1609 executores
734 1552 768 1609 et
784 1546 1042 1608 subexecutores
1068 1542 1162 1608 dicto
1185 1542 1320 1608 Andree
1348 1544 1419 1609 dati
1442 1546 1552 1631 ipsum
1574 1550 1629 1611 rel

271 1656 520 1735 procuratorem
535 1669 630 1713 suum
647 1649 717 1733 ejus
732 1648 868 1713 nomine
895 1646 930 1713 in
956 1646 1202 1731 possessionem
1230 1650 1439 1733 corporalem
1462 1650 1628 1715 dictorum

272 1753 489 1818 canonicatus
504 1762 539 1817 et
563 1752 732 1838 prebende
758 1752 921 1817 inducant
933 1774 942 1831 ;
970 1772 1039 1816 non
1067 1754 1152 1817 obst.
1178 1752 1268 1836 quod
1293 1773 1354 1837 per
1379 1762 1629 1838 procuratorem

270 1856 349 1922 dicti
367 1856 501 1921 Andree
514 1877 533 1921 a
548 1857 742 1941 gravamine
759 1856 818 1920 sibi
836 1855 928 1920 sacto
943 1876 1011 1919 non
1028 1854 1089 1919 fuit
1114 1857 1331 1941 appellatum,
1355 1878 1414 1921 seu
1429 1878 1628 1941 quocunque

259 1962 337 2031 alio
351 1961 484 2026 defectu
499 1961 533 2025 in
549 1961 783 2046 prosecutione
799 1959 905 2043 gratie
915 1967 950 2023 et
962 1979 1178 2044 processuum
1194 1959 1275 2024 dicti
1285 1960 1421 2025 Andree
1431 1981 1490 2045 per
1500 1962 1628 2026 dictum

268 2072 519 2150 procuratorem
535 2064 651 2129 habito
667 2086 675 2143 ;
689 2084 767 2128 cum
783 2062 856 2127 aliis
874 2062 1028 2127 omnibus
1043 2072 1112 2126 non
1129 2065 1241 2144 obst...
1260 2104 1303 2112 -
1320 2062 1397 2129 Fiat
1414 2064 1454 2129 R.

313 2168 391 2234 Dat.
407 2168 507 2233 Acin.
526 2189 543 2233 2
560 2188 640 2232 non.
653 2167 726 2251 julii
742 2174 776 2231 a⁰
796 2174 856 2230 11⁰.
874 2166 952 2249 (22,
971 2167 1039 2249 58).

320 2340 466 2422 2427.
1318 2370 1414 2433 1352,
1433 2371 1452 2434 7
1462 2350 1584 2432 juillet.

313 2459 413 2545 Supp.
430 2458 612 2523 Garinotus
627 2457 670 2522 de
685 2456 855 2541 Apclrerio
872 2465 892 2535 ¹,
909 2462 1002 2538 quat.
1027 2453 1199 2540 [familiari
1214 2476 1275 2519 suo
1301 2455 1453 2521 Henrico
1479 2456 1629 2523 Boileue

269 2562 311 2627 de
329 2560 449 2627 Monte
466 2576 487 2643 ²,
504 2559 642 2646 clerico]
662 2558 822 2623 Leodien.
838 2557 936 2636 dioc,
961 2556 1003 2621 de
1027 2577 1102 2622 can.
1129 2565 1165 2621 et
1189 2560 1282 2642 preb.
1310 2560 1450 2623 ecclesie
1477 2560 1508 2625 S.
1532 2560 1628 2626 Pauli

270 2666 440 2745 Leodien.,
456 2686 529 2731 vac.
546 2666 578 2729 in
596 2664 687 2730 curia
702 2684 761 2749 per·
776 2665 831 2728 ob.
847 2661 1014 2727 Leonardi
1028 2661 1071 2725 de
1096 2659 1193 2741 Mies,
1214 2661 1362 2746 ejusdem
1385 2664 1525 2729 ecclesie
1547 2664 1628 2729 dum

269 2770 397 2834 viveret
415 2769 567 2835 canonici
585 2766 793 2855 prebendati,
810 2765 866 2851 qui
878 2773 974 2829 extra
988 2764 1115 2829 curiam
1138 2764 1292 2846 decessit,
1319 2774 1354 2832 et
1380 2776 1461 2832 aute
1477 2768 1548 2853 ejus
1570 2771 1627 2833 ob.

268 2875 477 2960 dispositioni
494 2874 581 2940 sedis
597 2881 705 2959 apost.
721 2871 907 2950 reservatis,
935 2890 1013 2935 eum
1039 2869 1194 2934 omnibus
1214 2871 1341 2954 juribus
1367 2881 1402 2937 et
1416 2873 1629 2957 pertinentiis

269 2978 335 3042 suis
350 2978 532 3062 dignemini
548 2976 723 3063 providere
737 2999 746 3055 ;
763 2996 832 3041 non
849 2979 936 3042 obst.
952 2975 1199 3059 beneficiisque
1214 2977 1346 3042 obtinet
1362 2987 1395 3043 et
1411 2985 1580 3063 expectat,
1593 2979 1627 3042 in

269 3089 379 3146 vestra
406 3081 679 3146 vicecancellaria
695 3079 962 3166 exprimendis...
981 3119 1023 3129 --
1040 3078 1118 3144 Fiat
1136 3079 1176 3145 R.
1192 3121 1235 3130 -
1246 3080 1291 3145 Et
1306 3083 1438 3167 placeat
1454 3083 1486 3148 S.
1500 3082 1539 3150 V.
1549 3083 1629 3149 scri-

269 3188 348 3250 bere
369 3206 375 3250 :
394 3187 453 3250 liat
469 3185 573 3250 etiam
590 3187 656 3251 alio
671 3185 790 3268 quovis
805 3183 919 3250 modo,
936 3182 1071 3249 -Fiat
1088 3181 1128 3246 R.

314 3288 394 3354 Dat.
410 3290 509 3354 Acin.
526 3310 605 3354 non.
618 3289 690 3373 julii
707 3295 740 3352 a⁰
761 3296 821 3352 11⁰.
839 3287 914 3370 (22,
932 3288 1016 3370 46¹).

322 3460 468 3542 2428.
1317 3494 1412 3557 1352,
1430 3495 1450 3557 7
1458 3474 1583 3556 juillet.

314 3581 414 3665 Supp.
431 3578 449 3656 J
454 3579 603 3644 ohannes
620 3575 773 3642 Maurelli
791 3593 812 3655 ³,
829 3574 918 3640 curie
934 3595 1068 3639 camere
1086 3575 1125 3641 li.
1141 3576 1174 3641 S.
1189 3578 1356 3659 generalis
1371 3579 1513 3660 auditor,
1536 3589 1628 3665 quat.

273 3685 334 3748 sibi
349 3684 391 3749 de
407 3684 615 3769 prepositura
635 3680 776 3746 ecclesie
801 3679 832 3745 S.
851 3679 1004 3763 Dyonisii
1022 3678 1192 3759 Leodien.,
1219 3701 1280 3766 per
1296 3681 1335 3748 E.
1352 3682 1383 3746 S.
1401 3683 1502 3768 ipsius
1516 3685 1629 3770 dispo-

270 3789 382 3854 sitioni
398 3795 573 3868 reservata,
591 3807 662 3852 vac.
679 3805 738 3871 per
753 3787 808 3848 ob.
826 3783 949 3848 Reneri
962 3783 1005 3847 de
1014 3783 1120 3850 Gonu
1136 3795 1157 3863 ⁴,
1170 3784 1278 3848 ultimi
1291 3787 1450 3872 prepositi
1467 3788 1627 3872 ejusdem,

270 3913 376 3978 nuper
391 3900 484 3956 extra
501 3891 625 3956 curiam
643 3889 741 3954 Rom.
753 3888 822 3952 rita
839 3887 1047 3968 functicum
1064 3888 1219 3953 omnibus
1226 3889 1353 3973 juribus
1368 3899 1403 3954 et
1418 3891 1630 3976 pertinentiis

270 3996 358 4074 suis3
376 3996 474 4061 aede
491 3995 612 4060 camin
629 3993 747 4058 eadem
774 3991 927 4071 ecclesia,
951 3990 995 4056 de
1018 3991 1138 4056 innata
1163 4000 1275 4057 vestra
1301 3994 1493 4073 clementia,
1517 3994 1627 4058 eidem

269 4097 415 4176 Johanni
440 4099 582 4164 auditori
608 4095 790 4182 dignemini
815 4093 993 4181 providere
1018 4118 1026 4173 ;
1065 4099 1157 4180 preb.
1182 4117 1263 4162 vero
1296 4096 1385 4182 [vac.
1410 4098 1464 4162 vel
1494 4097 1626 4184 vacat]

271 4203 381 4268 eidem
397 4202 544 4280 Johanni
562 4199 799 4268 conserendam
816 4199 917 4264 etiam
933 4198 1115 4283 dignemini
1131 4220 1322 4281 reservare3
1349 4222 1425 4266 cum
1448 4222 1517 4266 non
1540 4203 1629 4266 obst.

271 4307 532 4392 quibuscunque,
549 4305 703 4372 clausulis
729 4303 902 4390 oportunis
919 4323 960 4368 ac
975 4304 1208 4369 executoribus
1223 4328 1231 4383 ;
1248 4327 1307 4370 seu
1322 4306 1412 4389 quod
1432 4305 1521 4370 idem
1533 4306 1627 4371 audi-

270 4419 325 4478 tor
334 4413 553 4477 canonicatus
569 4420 603 4475 et
615 4409 801 4496 prebendas
813 4406 980 4491 Aquensis
990 4409 1049 4472 sub
1066 4410 1303 4493 expectatione
1314 4409 1498 4494 dignitatis,
1511 4431 1625 4496 perso-

272 4523 371 4580 natus
399 4523 457 4580 aut
473 4514 585 4593 officii,
602 4513 773 4592 Leodien.,
789 4519 825 4576 et
840 4510 998 4576 secularis
1013 4511 1154 4576 ecclesie
1170 4511 1398 4594 Dauratensis,
1415 4514 1505 4580 dicte
1524 4513 1626 4590 dioc,

270 4621 582 4706 preposituramque
599 4619 629 4683 S.
647 4617 762 4682 Crucis
778 4615 938 4682 Leodien.
955 4638 963 4695 ;
981 4636 1081 4699 quam
1097 4623 1213 4680 tamen
1229 4626 1365 4703 paratus
1380 4625 1431 4682 est
1446 4617 1628 4696 dimittere,

271 4787 536 4796 ——-———-—·

306 4883 327 4928 l.
344 4881 405 4929 l'uir
418 4895 441 4928 n.
455 4881 525 4928 artu.
538 4909 569 4914 —
582 4883 603 4927 2.
624 4879 684 4928 l'oir·
694 4893 720 4928 n.
732 4881 803 4928 2219.
816 4907 846 4914 -
859 4881 881 4928 3.
894 4879 956 4927 Vuis
966 4891 991 4926 n.
1004 4880 1058 4937 691,
1072 4879 1125 4937 uu,
1140 4877 1210 4925 ltus.
1223 4905 1250 4914 -
1266 4877 1288 4926 l.
1306 4875 1368 4923 l'oir
1379 4891 1403 4924 u.
1416 4877 1487 4922 alut.
