3650 5675
258 449 316 513 186
742 448 829 522 1343,
852 448 951 512 20-23
972 447 1139 514 novembre.

260 597 476 664 Cameracen.
492 597 590 677 dioc,
607 597 664 681 qui
683 598 794 664 dictos
809 619 883 664 can.
900 606 935 663 et
950 602 1041 685 preb.
1067 599 1252 680 obtinebat,
1269 599 1473 667 auctoritate
1497 601 1621 668 littera·

259 722 335 767 rum
348 703 438 767 dom.
455 701 630 766 Benedicti
646 722 733 787 pape
749 701 829 782 XII,
840 702 953 767 extitit
979 713 1160 784 assecutus
1175 705 1349 788 voluitque
1372 704 1482 771 dictus
1506 707 1621 792 prede-

260 827 380 887 cessor,
397 807 487 891 quod
501 805 673 890 quamcito
698 806 846 892 prefatus
871 806 1066 891 Raynaldus
1089 809 1334 894 possessionem
1357 810 1532 895 pacificam
1548 831 1620 876 can.

260 917 295 973 et
309 912 401 994 preb.
418 908 456 973 B.
474 907 523 974 M.
539 910 805 996 Antwerpiensis
828 911 1055 996 predictorum
1080 910 1166 977 foret
1184 922 1364 994 assecutus,
1384 914 1475 998 quod
1498 923 1621 980 extunc

260 1033 333 1078 can.
350 1021 384 1077 et
399 1015 492 1098 preb.
502 1015 584 1078 eccl.
600 1014 812 1080 Assindensis
826 1015 1010 1100 prelibatus
1026 1016 1193 1082 dimittere
1205 1017 1338 1082 realiter
1349 1025 1520 1083 teneretur
1530 1029 1547 1100 ¹,
1564 1019 1619 1103 qui

259 1115 368 1181 adhuc
383 1116 426 1182 de
441 1116 532 1182 facto
558 1124 718 1184 tenentur
733 1119 899 1205 occupati,
915 1119 1099 1203 dignemini
1116 1121 1301 1205 providere.
1317 1163 1361 1172 -
1378 1121 1455 1187 Fiat
1471 1122 1511 1188 R.

303 1221 380 1286 Dat
391 1222 492 1287 Avin.
513 1241 550 1306 13
566 1220 632 1286 kal.
648 1221 721 1288 dec.
738 1229 772 1288 a⁰
788 1229 830 1288 2⁰.
847 1223 898 1306 (3,
916 1223 952 1288 Ρ.
966 1221 1012 1304 Il,
1030 1225 1097 1308 67).

312 1375 430 1458 598.
1220 1411 1316 1476 1343,
1333 1412 1374 1455 20
1395 1393 1577 1458 novembre.

305 1492 404 1558 Pater
429 1493 493 1558 8¹⁰⁰.
520 1493 606 1559 Cum
631 1514 737 1578 nuper
760 1493 802 1558 ad
828 1493 968 1579 supplic.
995 1493 1166 1574 Willelmi,
1191 1495 1324 1560 comitis
1350 1494 1518 1576 Hauonie,
1544 1517 1620 1562 cunr

262 1595 407 1662 Nicolao
421 1597 515 1662 dicto
531 1595 649 1677 Maire,
666 1599 736 1682 ejus
750 1596 890 1682 phisic0,
908 1597 1065 1678 subdiac,
1076 1597 1110 1662 in
1126 1606 1187 1663 art.
1198 1607 1232 1663 et
1241 1599 1329 1665 med.
1345 1619 1442 1684 mag,
1453 1599 1517 1666 def.
1528 1607 1620 1665 nata·

260 1699 341 1763 lium
357 1699 518 1784 patiente,
534 1699 805 1785 dispensaveritis
818 1699 862 1766 ad
877 1700 1098 1766 obtinendum
1123 1702 1217 1787 plura
1232 1702 1396 1768 beneficia
1414 1705 1506 1784 eccl,
1523 1711 1558 1768 et
1572 1724 1619 1788 gr.

260 1824 349 1889 spec.
367 1801 476 1868 eidem
493 1803 647 1884 feceritis,
663 1812 764 1889 prout
772 1805 837 1869 hec
852 1811 887 1868 et
902 1803 968 1870 alia
985 1803 1018 1868 in
1039 1804 1159 1870 litteris
1174 1826 1272 1891 super
1286 1805 1350 1872 hec
1373 1807 1536 1873 confectis
1550 1808 1619 1892 ple-

259 1907 334 1972 nius
349 1909 550 1990 continetur,
567 1908 803 1974 nichilominus
826 1909 995 1974 tamenin
1019 1908 1209 1994 hujusmodi
1235 1910 1354 1975 litteris
1377 1931 1436 1996 per
1450 1911 1620 1996 negligen-

258 2011 341 2077 tiam
357 2013 516 2078 omissum
532 2022 593 2094 est,
610 2012 701 2097 quod
715 2022 897 2098 antequam
909 2012 981 2099 ipse
998 2011 1160 2079 Nicolaus
1172 2012 1458 2099 dispensationem
1473 2013 1620 2100 aliquam

259 2117 436 2198 obtineret,
453 2118 544 2202 quod
560 2126 716 2183 octavam
731 2124 862 2203 partem
877 2117 1051 2201 cujusdam
1075 2119 1157 2184 eccl.
1174 2118 1325 2204 parroch.
1343 2118 1469 2199 habuit,
1486 2125 1521 2182 et
1536 2118 1620 2184 fruc-

259 2228 313 2286 tus
337 2220 415 2309 inde
432 2221 593 2308 percepit.
618 2221 729 2305 Quare
752 2223 885 2306 placeat
910 2221 941 2286 S.
967 2220 1007 2286 V.
1032 2222 1192 2286 mandare
1222 2243 1282 2308 per
1308 2221 1619 2287 vicecancellarium

260 2324 449 2409 hujusmodi
465 2325 704 2411 negligentiam
720 2324 754 2388 in
771 2324 849 2410 ipsis
865 2324 984 2390 litteris
1000 2327 1060 2390 sub
1077 2324 1196 2390 eadem
1211 2325 1299 2406 data,
1316 2347 1358 2390 ex
1375 2333 1467 2391 certa
1481 2325 1621 2392 scientia

258 2431 414 2516 suppleri,
431 2431 576 2517 ipsisque
591 2429 712 2496 litteris
726 2429 828 2494 fidem
843 2427 1030 2515 plenariam
1039 2428 1198 2510 adhiberi,
1212 2449 1251 2494 ac
1263 2428 1290 2494 si
1307 2429 1496 2514 hujusmodi
1512 2429 1621 2494 defec-

258 2542 313 2600 tus
329 2555 502 2621 expressus
517 2534 552 2599 in
568 2535 632 2601 illis
646 2537 738 2621 prius
753 2544 851 2616 esset,
868 2543 903 2600 et
918 2557 996 2601 eum
1012 2535 1055 2600 ad
1070 2535 1184 2601 omnia
1196 2543 1231 2601 et
1247 2535 1376 2621 singula
1393 2535 1427 2599 in
1444 2534 1523 2621 ipsis
1533 2535 1621 2599 litte-

260 2638 303 2704 ris
319 2659 396 2704 cum
412 2639 623 2724 presentibus
638 2649 772 2708 narrata
787 2641 973 2720 habilitare,
991 2647 1026 2704 et
1044 2639 1170 2705 fructus
1193 2639 1348 2704 beneficii
1368 2645 1547 2724 perceptos
1562 2657 1622 2723 per

258 2763 335 2808 eum
351 2743 461 2808 eidem
475 2742 647 2808 remittere
656 2745 850 2830 dignemini.
866 2784 910 2793 —
926 2742 1004 2807 Fiat
1021 2743 1061 2808 R.

302 2846 382 2911 Dat.
397 2847 498 2910 Avin.
519 2867 556 2910 12
573 2846 639 2914 kal.
654 2850 728 2915 dec.
744 2856 777 2914 a⁰
794 2858 836 2914 2⁰.
853 2849 901 2931 (3,
920 2846 956 2912 P.
974 2846 1019 2928 II,
1039 2848 1122 2931 65l').

309 3000 427 3083 599.
485 3031 489 3037 '
1146 3023 1156 3106 ,l
1226 3015 1575 3098 1343,2rnovembre.

302 3120 392 3203 Sign.
407 3121 480 3184 Azo
494 3119 537 3184 de
554 3117 685 3185 Manzis
700 3118 742 3185 de
758 3118 874 3202 Regio,
891 3119 954 3203 leg.
965 3118 1066 3199 doct,
1079 3126 1114 3183 et
1131 3116 1289 3183 Matheus
1301 3117 1342 3183 de
1359 3116 1509 3197 Foliano,
1521 3126 1621 3184 natus

260 3223 418 3308 quondan
435 3227 513 3289 nob.
529 3224 644 3289 militis
659 3223 749 3290 dom.
766 3222 930 3289 Guidonis
956 3222 1079 3287 Savine
1105 3222 1146 3288 de
1176 3221 1316 3287 Foliano
1339 3220 1381 3287 de
1398 3220 1516 3305 Regio,
1533 3221 1623 3307 quod

261 3334 385 3392 canet
414 3330 507 3413 preb.
522 3327 555 3393 S.
581 3329 684 3395 Tecle
713 3328 755 3394 de
772 3328 863 3409 Este,
890 3327 1049 3393 Paduane
1075 3328 1173 3407 dioc,
1199 3346 1283 3412 quos
1304 3326 1413 3392 dictus
1437 3328 1509 3392 Azo
1532 3334 1567 3391 et
1591 3327 1622 3393 S.

260 3428 447 3495 Donatiani
463 3429 650 3517 Brugensis,
666 3433 853 3500 Tomacen.
868 3433 967 3511 dioc,
984 3452 1068 3516 quos
1088 3431 1199 3507 dictus
1215 3430 1375 3497 Matheus
1391 3431 1567 3497 obtinebat
1582 3452 1624 3497 ex

260 3554 361 3599 causa
375 3537 632 3620 permutationis
648 3538 681 3600 in
699 3536 739 3602 R.
757 3537 794 3603 P.
806 3537 896 3603 dom.
932 3535 1021 3601 card.
1048 3535 1261 3600 Ebredunen.
1278 3543 1288 3569 ¹
1304 3535 1457 3601 manibus
1480 3536 1623 3620 resigna·

261 3643 349 3702 runt.
367 3635 469 3703 Unde
484 3640 675 3725 supplicant
691 3640 781 3724 quod
804 3640 914 3705 dictos
931 3659 1003 3705 can.
1021 3647 1055 3703 et
1079 3641 1172 3723 preb.
1190 3638 1221 3703 S.
1247 3638 1430 3703 Donatiani
1447 3637 1624 3723 Brugensis

262 3739 355 3806 dicto
369 3741 477 3807 Azoni
493 3751 529 3808 et
553 3744 584 3808 S.
609 3743 712 3810 Tecle
730 3744 773 3810 de
800 3743 883 3808 Este
907 3742 1001 3808 dicto
1030 3740 1172 3807 Matheo
1188 3742 1339 3807 conferre
1365 3742 1558 3827 dignemini.
1581 3782 1624 3793 -

264 3842 340 3909 Fiat
364 3844 404 3909 R.

305 3949 384 4014 nat.
399 3950 501 4015 nvn.
522 3972 556 4015 11
575 3928 640 4017 kal
657 3951 729 4018 dec.
745 3958 778 4017 ar
795 3958 837 4015 20.
855 3951 906 4035 (a,
924 3948 960 4014 P.
978 3948 1023 4030 n,
1042 3956 1126 4033 γον).

313 4103 433 4185 600.
1225 4134 1320 4199 1343,
1338 4134 1377 4197 23
1397 4115 1579 4179 nouembre.

305 4222 393 4307 Sign.
410 4223 442 4287 S.
459 4222 498 4287 V.
515 4222 663 4300 Jacobus
677 4222 719 4287 de
735 4221 897 4306 Agimont
912 4230 933 4302 ³,
950 4221 1046 4285 miles
1062 4218 1222 4285 Leodieu.
1239 4220 1336 4296 dioc,
1359 4218 1623 4301 consanguineus

260 4326 458 4391 serenissimi
491 4326 649 4412 principis
679 4326 769 4391 dom.
794 4323 969 4403 Johanuis,
986 4324 1071 4408 regis
1102 4322 1250 4403 Boemie,
1279 4330 1313 4386 et
1338 4319 1553 4405 Cunegundis
1582 4320 1623 4385 de

261 4429 438 4515 Bereperg,
464 4429 644 4494 Treveren.
669 4429 766 4508 dioc,
792 4427 883 4512 quod
918 4428 979 4513 ipsi
1007 4428 1087 4492 olim
1115 4427 1315 4511 ignorantes,
1341 4424 1430 4508 quod
1454 4420 1623 4506 quondam

264 4530 454 4597 Fridericus
477 4532 520 4597 de
545 4531 676 4617 Sleyda,
701 4532 781 4597 olim
805 4531 943 4597 maritus
967 4530 1116 4615 ejusdem
1144 4527 1367 4615 Cunegundis,
1395 4547 1472 4592 cum
1496 4526 1624 4611 prelato

295 4748 316 4794 l.
338 4745 420 4803 Virlal,
439 4760 464 4795 n.
483 4747 555 4793 669⁴.
567 4773 599 4778 --
619 4747 642 4794 2.
661 4744 787 4792 Bertrand
805 4744 838 4793 de
860 4746 941 4794 Deux.
954 4772 986 4779 -
1006 4747 1028 4795 3.
1048 4744 1159 4805 Jooques
1178 4742 1210 4791 de
1227 4743 1300 4801 Looz,
1319 4740 1436 4801 seigneur
1448 4738 1481 4787 de
1499 4738 1624 4786 Chirtean·

261 4818 525 4880 'rlrieu-y-sur-lleuse
537 4824 563 4865 et.
580 4819 645 4865 rurre'
662 4817 807 4867 d'Hastibre
825 4818 950 4881 (labayc,
969 4818 1041 4879 Flrfir
1052 4817 1083 4866 do
1095 4816 1155 4865 Poll
1159 4817 1239 4876 rur-leq
1253 4816 1304 4877 83),
1323 4818 1391 4863 mort
1402 4816 1482 4862 avant
1495 4812 1517 4860 le
1529 4814 1560 4859 22
1571 4808 1625 4859 dec.

263 4893 333 4941 1373.
352 4892 392 4942 Cl.
404 4892 473 4940 ,llmn
490 4892 545 4940 l'ut.
557 4891 629 4951 Bulr,
643 4892 663 4951 l,
675 4906 700 4940 n.
710 4894 765 4940 268.
