3650 5675
310 472 367 539 194
814 473 901 547 1345,
926 471 1160 538 elabrente.

362 622 469 705 791.
681 632 688 649 ⁹
1324 657 1420 722 1345,
1437 660 1477 723 24
1486 639 1627 727 scorrer.

354 742 456 827 Supp.
481 739 664 825 Philippus,
689 760 747 804 rex
776 738 926 820 Francie,
950 738 1133 822 quodcum
1149 740 1230 825 ipse,
1246 740 1371 806 virtute
1385 744 1491 826 gratie
1505 764 1566 829 per
1582 743 1622 810 E.
1639 745 1670 810 S.

310 844 371 909 sibi
387 844 486 924 facte,
502 842 544 909 de
559 842 759 928 recipiendis
774 841 911 926 singulis
927 842 1078 928 personis
1093 841 1127 906 in
1142 842 1279 928 singulis
1298 845 1448 939 ecclesiis
1462 848 1554 931 regni
1571 849 1621 914 sui
1637 850 1668 913 in

308 947 489 1013 canonicos
505 955 540 1011 et
562 946 596 1011 in
620 946 746 1027 fratres,
765 944 921 1030 Egidium
936 945 979 1010 de
994 944 1165 1027 Lernaeo,
1181 966 1268 1031 mag.
1288 946 1427 1014 Roberti
1443 949 1486 1015 de
1502 949 1669 1034 Lorriaco,

308 1051 410 1136 ipsius
424 1051 511 1135 regis
526 1046 692 1115 secretarii
717 1049 832 1130 lilium,
848 1048 1078 1134 recipiendum
1091 1049 1127 1113 in
1143 1050 1226 1116 eccl.
1242 1050 1274 1116 S.
1290 1051 1484 1136 Andomari,
1502 1053 1669 1121 Morinen.

307 1154 404 1235 dioc„
429 1154 645 1235 nominasset,
670 1150 827 1238 idemque
852 1152 1000 1237 Egidius‚
1021 1153 1117 1237 juxta
1139 1161 1292 1218 tenorem
1307 1154 1398 1220 dicte
1412 1156 1530 1240 gratie,
1546 1156 1670 1223 ibidem

306 1265 460 1344 receptus
486 1256 602 1322 fuisset
633 1256 667 1320 in
698 1276 771 1322 can.
802 1258 861 1321 sub
893 1276 969 1342 exp.
999 1259 1102 1343 preb.,
1129 1263 1165 1322 et
1190 1256 1337 1340 demum,
1364 1258 1407 1325 de
1436 1268 1613 1345 parentum
1635 1268 1671 1327 et

305 1362 491 1427 amicorum
518 1380 652 1427 suorum
683 1360 833 1441 consilio,
865 1360 1119 1426 matrimonium
1149 1362 1382 1443 contraxerit3
1413 1372 1551 1450 propter
1581 1366 1670 1450 quod

303 1465 412 1549 gratia
436 1466 508 1550 ipsa
535 1462 659 1529 inutilis
682 1472 734 1529 est
758 1463 900 1543 effecta;
927 1472 1020 1549 quat.
1044 1464 1154 1530 eidem
1168 1464 1248 1549 regi,
1266 1472 1304 1529 ut
1319 1466 1397 1531 loco
1411 1466 1493 1532 dicti
1510 1466 1619 1553 Egidii
1636 1469 1669 1534 in

304 1568 454 1655 predicta
481 1570 563 1635 eccl.
588 1570 649 1633 sub
674 1567 793 1633 eadem
809 1567 888 1633 data
905 1568 988 1633 etin
1007 1567 1127 1633 eodem
1139 1568 1213 1653 jure
1228 1589 1288 1654 per
1316 1568 1429 1634 omnia
1455 1572 1668 1656 surrogando,

304 1672 409 1756 possit
423 1672 526 1737 alium
541 1673 725 1753 nominare,
742 1673 929 1739 concedere
945 1672 1127 1758 dignemini
1143 1673 1185 1740 de
1201 1692 1247 1759 gr.
1265 1674 1413 1759 speciali.
1427 1714 1471 1723 —
1487 1674 1563 1740 Fiat
1579 1685 1667 1743 auct.

304 1783 428 1857 nostra,
446 1774 480 1839 in
496 1774 612 1856 forma,
628 1775 670 1841 de
687 1774 765 1841 data
784 1776 942 1861 presenti.
961 1775 1002 1841 R.

349 1878 426 1943 Dat.
443 1899 498 1965 ap.
515 1878 763 1944 Villamnovam
782 1884 799 1943 6
815 1878 881 1945 kal.
897 1887 994 1945 mart.
1010 1888 1042 1944 a⁰
1059 1888 1101 1964 3⁰.
1119 1881 1168 1964 (6,
1185 1881 1270 1965 42⁸).

357 2040 469 2123 792.
1320 2073 1415 2137 1345,
1433 2077 1473 2139 24
1482 2057 1623 2142 sevrier.

348 2159 450 2225 Motu
473 2158 609 2244 proprio
635 2176 843 2224 reservamus
866 2158 1110 2244 preposituram
1135 2159 1218 2224 eccl.
1241 2157 1413 2238 Leodien.,
1429 2159 1666 2225 conferendam

304 2262 500 2343 Bertrand0,
527 2262 580 2328 tit.
606 2260 638 2327 S.
666 2260 773 2328 Marci
802 2276 811 2302 ¹
836 2264 946 2347 presb.
970 2261 1069 2343 card„
1093 2261 1127 2325 in
1151 2261 1269 2327 eadem
1285 2262 1366 2327 eccl.
1383 2282 1456 2327 can.
1473 2266 1574 2347 preb.,
1590 2284 1665 2329 cum

302 2367 475 2433 vacaverit
499 2386 559 2451 per
583 2368 882 2448 consecrationem,
909 2367 964 2431 vel
987 2365 1054 2430 alio
1079 2366 1198 2450 quovis
1232 2365 1345 2446 modo,
1372 2374 1585 2451 preterquam
1607 2388 1667 2454 per

301 2480 447 2538 mortem
459 2469 674 2555 Enguelberti
689 2470 787 2536 electi
800 2479 835 2535 et
846 2491 906 2557 per
917 2492 979 2536 nos
990 2469 1114 2556 provisi
1131 2470 1164 2534 in
1181 2470 1282 2555 episc.
1296 2468 1457 2536 Leodien.
1470 2486 1492 2535 ².
1504 2469 1667 2536 Volumus

213 2634 216 2641 .
301 2584 416 2642 tamen
427 2573 527 2659 quod,
535 2574 864 2660 cumpossessionem
874 2574 1049 2660 pacificam
1058 2574 1149 2640 dicte
1158 2574 1367 2659 prepositure
1377 2574 1476 2639 fuerit
1485 2584 1667 2656 assecutus,

300 2680 488 2766 prioratum
513 2678 555 2744 de
584 2674 798 2759 Marescatio,
825 2678 913 2744 dioc.
939 2676 1143 2758 Xantonen.,
1169 2698 1229 2762 per
1253 2678 1438 2743 monachos
1453 2676 1485 2742 8.
1500 2676 1520 2755 J
1524 2677 1666 2744 ohannis

301 2780 553 2867 Angeliacensis
569 2781 704 2847 solitum
720 2780 904 2867 gubernari,
921 2780 1090 2846 dimittere
1104 2787 1269 2848 teneatur.
1288 2818 1319 2828 -
1335 2780 1411 2847 Fiat
1422 2789 1517 2847 motu
1529 2783 1665 2867 proprio

300 2895 337 2951 et
352 2886 595 2972 dispensamus,
612 2892 647 2950 et
662 2885 810 2952 dimittat
826 2884 955 2950 dictum
970 2885 1164 2970 prioratum.
1182 2884 1221 2949 R.

346 2989 425 3053 Dat.
442 3008 496 3073 ap.
512 2985 761 3054 Villamnovam
780 2993 797 3052 6
813 2986 880 3053 kal.
897 2995 994 3053 mart.
1011 2996 1045 3052 a⁰
1062 2995 1103 3072 3⁰.
1121 2989 1170 3072 (6,
1187 2993 1256 3072 49).

352 3150 466 3233 793·
1312 3182 1407 3246 1345,
1425 3162 1616 3249 25fdvrter.

343 3269 444 3355 Supp.
468 3265 585 3332 Petrus
607 3269 649 3332 de
674 3264 883 3347 Molendino,
901 3266 984 3332 civis
1003 3266 1170 3348 Parisien..
1187 3275 1278 3351 quat.
1294 3265 1455 3351 Gregorio
1470 3266 1513 3333 de
1529 3264 1662 3332 Molen-

299 3373 391 3454 dino,
417 3375 495 3439 cler.
522 3370 692 3452 Parisien.,
719 3371 789 3436 filio
816 3391 887 3452 suo,
912 3371 966 3437 lic.
991 3371 1025 3435 in
1049 3380 1122 3453 art,
1149 3393 1188 3437 ac
1213 3374 1289 3436 bac.
1316 3371 1349 3435 in
1376 3371 1451 3455 leg„
1475 3371 1663 3436 Aurelianis

300 3475 458 3558 studenti,
470 3496 532 3562 pro
547 3496 614 3559 quo
629 3474 734 3539 etiam
751 3474 950 3540 universitas
965 3477 1113 3562 ejusdem
1129 3475 1193 3541 loci
1210 3496 1270 3560 per
1285 3495 1360 3539 suas
1375 3474 1505 3539 litteras
1514 3473 1554 3538 V.
1567 3494 1662 3560 supp.

300 3581 344 3662 8.,
368 3579 545 3666 providere
568 3578 750 3665 dignemini
775 3578 818 3643 de
844 3581 996 3664 parroch.
1020 3582 1103 3647 eccl.
1127 3580 1162 3648 8.
1176 3578 1289 3659 Ylarii‚
1313 3577 1444 3663 Sagien.
1466 3578 1577 3658 dioc.;
1597 3599 1662 3663 que

298 3691 398 3750 tanto
423 3691 576 3769 tempore
600 3682 745 3762 vacavit,
770 3681 860 3766 quod
885 3684 956 3768 ejus
982 3685 1119 3751 collatio
1142 3704 1202 3770 per
1224 3683 1355 3768 lapsum
1377 3682 1540 3768 temporis
1554 3690 1606 3747 est
1620 3682 1663 3748 ad

298 3786 414 3852 sedern
429 3794 538 3872 apost.
553 3785 714 3851 devoluta
727 3807 736 3865 ;
752 3805 822 3850 non
839 3788 926 3852 obst.
939 3787 1029 3872 quod
1044 3808 1117 3854 mn.
1132 3789 1193 3853 sub
1208 3806 1285 3871 exp.
1300 3787 1392 3871 preb.
1408 3786 1443 3850 in
1458 3787 1541 3852 eccl.
1558 3784 1663 3850 Cous·

298 3891 451 3971 tantien„
467 3898 502 3955 et
526 3891 560 3954 in
585 3889 726 3954 Remen.
746 3889 917 3973 quoddam
931 3894 1008 3957 ben.
1023 3893 1117 3974 eccl,
1144 3889 1295 3958 custodie
1320 3897 1560 3974 nuncupatum,
1576 3898 1612 3955 et
1626 3889 1659 3954 in

302 3993 341 4060 B.
358 3993 409 4060 M.
425 3995 467 4060 de
484 3993 729 4078 Rupelmoude,
746 4000 780 4057 et
796 3993 830 4057 in
846 3993 877 4059 8.
894 3993 1065 4060 Godeleve
1089 3995 1132 4062 de
1156 3993 1350 4075 Liseveche,
1377 4013 1417 4059 ac
1443 3993 1477 4057 in
1501 3992 1537 4058 S.
1550 3991 1600 4058 M.
1619 3993 1662 4057 de

298 4095 330 4163 8.
358 4097 487 4178 Maura,
515 4097 719 4182 capellanias
752 4118 856 4183 perp„
899 4100 1058 4180 ecclesiis,
1091 4098 1279 4165 Tomacen.
1303 4104 1339 4161 et
1362 4095 1532 4162 Turonen.
1563 4095 1661 4176 dioc,

297 4201 446 4267 noscitur
473 4202 635 4267 obtinere.
650 4241 694 4250 -
711 4199 785 4266 Fiat
803 4200 842 4266 R.
860 4201 906 4267 Et
921 4201 1004 4266 nihil
1021 4201 1173 4267 dimittat
1187 4207 1211 4266 ⁸.
1228 4200 1268 4266 R.

344 4303 422 4368 Dat.
439 4323 491 4388 ap.
508 4302 758 4369 Villamnovam
776 4325 793 4389 5
810 4304 878 4370 kal.
894 4312 991 4371 mart.
1008 4313 1041 4370 a⁰
1058 4313 1100 4390 3⁰.
1117 4306 1166 4391 (6,
1183 4307 1252 4390 46).

329 4516 357 4577 o)
371 4515 413 4563 En
424 4529 511 4576 merge
521 4518 581 4564 :uel
593 4515 674 4564 nichil
686 4515 824 4565 dirreittotb
837 4533 846 4564 .·
852 4515 911 4576 fuat
919 4518 1005 4580 posita
1016 4518 1044 4565 iu
1054 4517 1176 4582 mpiuali
1183 4532 1233 4580 per
1243 4516 1370 4565 dorm'num
1392 4520 1511 4576 matrona,
1520 4519 1544 4564 et
1553 4516 1595 4564 laic
1606 4529 1659 4562 mr-

297 4595 364 4638 reeta
377 4588 409 4638 de
420 4590 539 4638 traundoto
549 4589 673 4652 mosaclo
685 4590 747 4638 milti
758 4589 790 4639 P.
802 4588 932 4640 (lemni.

329 4827 351 4874 l.
364 4825 490 4874 Bertrend
501 4825 534 4874 de
546 4825 620 4874 Deux
632 4841 638 4882 ;
655 4826 711 4872 voir
722 4838 748 4873 n.
760 4826 799 4874 28.
811 4853 843 4860 —
860 4827 883 4873 2.
902 4825 1043 4887 Eugelbert
1053 4825 1086 4874 de
1096 4826 1123 4874 le
1134 4824 1224 4874 March
1233 4825 1276 4872 lut
1293 4839 1395 4888 pourvu
1410 4824 1434 4872 le
1446 4826 1476 4872 25
1489 4822 1582 4872 fevrier
1596 4824 1658 4871 1345

296 4899 401 4962 (duhel,
416 4899 435 4959 1,
449 4901 517 4960 ³14).
