3650 5675
644 473 648 484 ·
764 482 854 556 rara,
874 482 893 545 a
911 481 989 562 juin.
1497 485 1561 550 255
1656 443 1659 448 ’

197 631 404 717 prebendam
421 631 455 696 in
471 631 591 698 eadem
607 632 689 696 eccl.
705 629 856 696 similiter
871 632 1084 714 expectabat,
1101 629 1223 714 quique
1248 631 1357 696 eidem
1382 633 1559 718 Arnulpbo

196 745 231 801 et
248 735 321 800 aliis
337 735 596 820 expectantibus
611 733 810 820 supradictis
825 725 1028 799 succedebat
1044 733 1078 798 in
1094 733 1183 814 data,
1209 735 1423 800 vacationem
1448 737 1563 820 hujus·

195 838 287 904 modi
304 839 482 923 presciens
498 838 641 904 eandem
656 840 748 923 preb.
763 837 964 922 acceptavit,
992 843 1026 900 et
1051 837 1093 902 de
1118 858 1159 902 ea
1186 837 1247 902 sibi
1271 845 1358 902 auct.
1374 839 1558 904 litterarum

195 951 382 1008 vestrarum
398 942 544 1008 obtinuit
560 941 738 1028 provideri,
754 940 857 1005 etiarn
873 939 956 1004 inira
972 960 1124 1004 mensem
1151 961 1170 1006 a
1197 948 1349 1025 tempore
1374 943 1560 1008 vacationis

196 1044 633 1131 hujusmodi,preveniendo
649 1044 774 1131 primos
789 1050 1008 1128 expectantes
1023 1042 1201 1128 predictos,
1217 1043 1374 1128 dictaque
1384 1044 1562 1126 Sanctitas,

197 1150 312 1215 audita
327 1149 505 1215 vacatione
520 1147 721 1233 hujusmodi,
737 1147 779 1213 de
794 1147 886 1213 dicta
912 1149 1005 1232 preb.
1030 1157 1065 1211 et
1089 1167 1174 1228 can,
1200 1149 1255 1232 qui
1278 1159 1479 1214 vacaverant
1501 1171 1560 1235 per

198 1261 342 1324 mortem
358 1252 441 1318 dicti
455 1252 588 1336 Angeli‚
605 1251 775 1336 quondam
792 1249 937 1334 Rogerio
953 1251 995 1316 de
1011 1249 1182 1330 Balehain,
1194 1251 1378 1316 dummodo
1393 1272 1462 1317 non
1472 1263 1563 1318 esset
1628 1271 1629 1274 ’

199 1359 234 1420 in
249 1357 297 1420 eis
313 1356 408 1421 alteri
430 1357 484 1441 jus
510 1357 689 1441 quesitum,
711 1354 868 1441 providit,
894 1353 1050 1438 idemque
1078 1353 1239 1438 Rogerius
1263 1353 1399 1420 eosdem
1427 1376 1501 1421 can.
1525 1364 1561 1421 et

198 1463 290 1546 preb.
306 1459 420 1524 extitit
442 1468 623 1540 assecutus,
650 1459 806 1544 ipsosque
831 1477 935 1541 usque
959 1457 1002 1522 ad
1028 1464 1162 1543 tempus
1185 1458 1303 1523 mortis
1329 1479 1386 1522 sue
1402 1460 1511 1524 tenuit
1526 1469 1561 1524 et

197 1565 356 1650 possedit.
373 1563 419 1630 Et
434 1563 566 1643 deinde,
582 1562 714 1648 prefato
732 1560 877 1646 Rogerio
893 1561 1026 1626 sublato
1041 1560 1083 1625 de
1099 1561 1222 1640 medi0,
1245 1570 1440 1647 procurator
1454 1564 1564 1648 legiti-

197 1690 272 1733 mus
286 1661 368 1734 dicti
384 1667 560 1752 Arnulphi,
576 1666 633 1750 qui
660 1665 786 1751 primus
812 1673 884 1730 erat
909 1672 1103 1750 expectans,
1127 1666 1254 1731 dictam
1279 1669 1372 1751 preb.
1399 1674 1560 1752 tanquam

197 1792 271 1837 vac.
287 1791 346 1857 per
360 1774 414 1837 ob.
430 1770 579 1855 ejusdem
597 1769 730 1854 Rogerii
746 1770 952 1854 acceptavit,
969 1769 1061 1834 etde
1078 1769 1144 1848 illa,
1160 1777 1249 1834 auct.
1276 1770 1461 1836 litterarum
1488 1793 1561 1838 ves-

198 1884 325 1941 trarum
342 1876 403 1940 sibi
420 1875 566 1940 obtinuit
580 1873 758 1960 provideri,
775 1873 948 1958 ipsamque
969 1873 1159 1957 aliquandiu
1169 1873 1353 1939 dinoscitur
1365 1875 1561 1960 possedisse.

201 1979 422 2045 Postmodum
438 1998 520 2043 vero
535 1977 684 2063 prefatus
699 1977 864 2056 Alermus,
880 1996 1031 2042 asserens
1046 1976 1173 2042 dictam
1188 1980 1291 2061 preb,
1312 1977 1426 2062 vigore
1442 1999 1563 2064 accep-

202 2082 341 2148 tationis
356 2102 416 2168 per
431 2102 508 2146 eum
524 2088 559 2145 et
575 2080 774 2166 provisionis
790 2078 978 2164 hujusmodi
991 2079 1052 2145 sibi
1066 2080 1153 2145 facte
1164 2079 1206 2146 de
1219 2081 1275 2146 illa
1289 2080 1333 2146 ad
1347 2101 1383 2146 se
1398 2089 1567 2167 spectare,

202 2193 236 2250 et
251 2185 342 2270 quod
357 2183 548 2269 hujusmodi
566 2183 712 2270 provisio
726 2183 819 2249 dicto
836 2183 981 2266 Rogerio
997 2183 1084 2248 facta
1100 2204 1167 2249 non
1183 2184 1344 2264 valuerat,
1357 2206 1399 2249 ex
1415 2187 1562 2270 eoquod

200 2299 301 2354 antea
312 2289 373 2354 sibi
385 2289 418 2352 in
431 2288 523 2353 dicta
532 2290 624 2374 preb.
631 2288 685 2372 jus
694 2287 860 2373 quesitum
876 2287 996 2368 fuerat,
1007 2287 1150 2352 eundem
1161 2297 1410 2372 procuratorem
1420 2289 1560 2375 predicti

200 2392 365 2477 Amulpbi
383 2412 482 2477 super
496 2390 563 2456 hoc
578 2412 724 2457 coram...
750 2394 872 2457 abbate
888 2392 1082 2457 monasterii
1099 2392 1131 2457 S.
1159 2393 1307 2478 Sepulcri
1332 2392 1560 2476 Cameracen,

200 2503 404 2580 exequutore
414 2495 523 2561 eidem
534 2496 672 2560 Alermo
682 2495 880 2580 superdicta
891 2515 951 2560 sua
961 2495 1066 2579 gratia
1076 2496 1250 2580 deputat0,
1260 2496 1362 2559 traxit
1372 2497 1405 2561 in
1417 2517 1560 2564 causam.

201 2597 363 2683 Idemque
378 2601 482 2664 abbas
496 2599 683 2684 predictam
698 2601 789 2684 preb.
805 2599 937 2684 prefato
953 2599 1092 2663 Alermo
1114 2618 1174 2683 per
1200 2598 1411 2663 diffinitivam
1428 2609 1567 2666 senten--

201 2701 284 2766 tiam
299 2701 512 2786 adjudicavit,
528 2701 687 2785 dictoque
703 2701 880 2785 Amulpbo
896 2700 1058 2786 imposuit
1074 2701 1242 2765 silentium
1254 2722 1351 2787 super
1367 2723 1416 2783 ea,
1433 2705 1561 2788 sibique

198 2807 252 2891 jus
267 2806 300 2870 in
317 2805 488 2891 prebenda
512 2805 578 2872 alia
604 2805 797 2886 reservavit,
822 2805 979 2890 dictaque
1004 2804 1181 2886 sententia,
1207 2806 1297 2871 nulla
1321 2809 1569 2893 provocatione·

203 2930 372 2997 suspensa,
389 2910 423 2974 in
439 2931 521 2991 rem,
537 2918 574 2976 ut
590 2910 720 2990 dicitur,
736 2910 894 2975 transivit
905 2910 1111 2995 judicatam;
1136 2910 1256 2977 eodem
1281 2912 1457 2997 Amulplio
1480 2922 1568 2979 tunc

204 3014 237 3077 in
253 3014 390 3079 servitio
404 3014 486 3079 dicti
503 3014 596 3080 ducis
611 3014 777 3079 existente
799 3024 833 3079 et
857 3015 922 3080 bec
948 3014 1081 3099 penitus
1105 3013 1288 3099 ignorante.
1305 3014 1390 3081 Cum
1406 3027 1519 3083 autem
1542 3040 1561 3083 a

202 3118 370 3183 nonnullis
381 3118 580 3203 jurisperitis
595 3125 769 3198 asseratur,
785 3118 876 3203 quod
900 3118 1010 3183 dictus
1034 3118 1199 3198 Alermus,
1226 3118 1339 3203 vigore
1364 3122 1561 3205 provisionis

202 3220 389 3305 hujusmodi
406 3221 467 3287 sibi
484 3220 583 3301 facte,
599 3221 634 3286 in
650 3221 769 3286 eadem
785 3224 877 3307 preb.
890 3222 944 3307 jus
960 3243 1028 3287 non
1045 3222 1202 3301 habebat,
1224 3243 1265 3286 ex
1281 3243 1323 3287 eo
1338 3224 1428 3307 quod
1443 3227 1561 3292 eadem

202 3325 348 3409 provisio
364 3324 454 3390 facta
469 3325 575 3390 fuerat
591 3324 762 3410 pendente
777 3346 892 3391 mense
908 3325 1018 3390 eidem
1046 3324 1223 3410 Arnulpbo
1248 3333 1281 3389 et
1305 3327 1378 3393 aliis
1403 3329 1561 3414 predictis

202 3430 456 3515 expectantibus
472 3438 552 3495 ante
568 3450 645 3494 eum
661 3430 705 3495 ad
732 3429 980 3516 acceptandum
1005 3449 1176 3509 concess0,
1204 3428 1395 3514 dictamque
1421 3432 1560 3515 gratiam

202 3534 350 3618 ejusdem
374 3534 553 3619 Amulphi,
580 3554 642 3619 pro
673 3554 715 3598 eo
746 3534 837 3618 quod
865 3555 885 3599 a
914 3534 1007 3599 dicta
1034 3532 1201 3598 sententia
1227 3553 1295 3599 non
1323 3536 1568 3619 appellaverat,

201 3657 343 3702 vacuam
359 3644 395 3701 et
410 3636 537 3703 irritam
553 3637 763 3717 remansisse,
779 3637 955 3723 ipsumque
970 3637 1180 3721 Amulplium
1194 3636 1236 3701 ad
1246 3638 1345 3701 aliam
1358 3638 1561 3721 prebendam

202 3748 399 3805 vacaturam
415 3761 484 3805 non
498 3761 598 3826 posse
613 3741 737 3805 habere
752 3761 936 3824 regressum
950 3764 957 3821 ;
975 3761 1070 3825 supp.
1086 3740 1154 3805 dux
1170 3740 1326 3824 prefatuS,
1345 3748 1435 3823 quat.
1446 3741 1517 3820 sibi,
1528 3742 1561 3805 in

203 3863 381 3929 personam
397 3843 479 3909 dicti
495 3844 660 3929 Amulphi
678 3863 767 3929 spec.
783 3864 830 3926 gr.
847 3844 1017 3923 iacientes,
1045 3864 1086 3908 ex
1111 3852 1202 3909 certa
1229 3844 1368 3908 scientia
1384 3843 1563 3909 decemere

203 3955 238 4011 et
253 3948 421 4039 declarare
437 3947 620 4032 dignemini
637 3948 823 4033 predictam
849 3969 896 4032 gr.
924 3949 1035 4014 eidem
1059 3948 1235 4032 Amulplio
1263 3947 1398 4029 factam,
1427 3958 1564 4035 propter

203 4051 363 4135 premissa
389 4052 444 4115 vel
471 4050 584 4135 aliquo
608 4051 861 4136 premissorum,
888 4072 1040 4130 vacuam,
1058 4053 1244 4116 extinctam
1270 4059 1329 4115 aut
1354 4050 1480 4115 irritam
1504 4074 1563 4117 seu

203 4153 331 4217 nullam
348 4174 417 4218 non
434 4153 534 4219 fuisse
550 4174 614 4217 nec
629 4174 712 4232 esse,
729 4154 888 4232 sedeam,
905 4174 981 4218 cunr
998 4154 1153 4219 omnibus
1169 4175 1210 4217 ex
1226 4175 1266 4219 ea
1281 4155 1430 4237 sequutis
1445 4166 1562 4221 atem·

203 4276 285 4341 pore
311 4257 390 4322 date
414 4256 526 4341 ipsius,
552 4256 585 4319 in
611 4256 710 4342 plena
738 4256 785 4320 sui
813 4256 941 4322 roboris
968 4256 1126 4321 firmitate
1141 4276 1336 4341 permanere
1352 4257 1504 4323 debuisse
1528 4269 1562 4325 et

203 4358 335 4440 debere,
352 4359 481 4444 sibique
496 4360 634 4445 plenum
646 4360 700 4443 jus
716 4360 930 4445 competiisse
955 4368 989 4423 et
1017 4370 1209 4445 competere
1235 4361 1267 4424 in
1292 4360 1357 4425 alia
1381 4363 1567 4446 prebenda,¹

202 4463 306 4547 siqua
321 4471 440 4548 postea
456 4463 489 4528 in
504 4464 596 4530 dicta
619 4466 701 4529 eccl.
718 4465 852 4529 vacavit
875 4466 929 4528 vel
946 4485 1021 4529 cum
1039 4466 1219 4545 vacaverit,
1247 4486 1349 4549 seque
1372 4467 1560 4551 hujusmodi

202 4564 417 4648 prebendam,
433 4565 493 4630 sibi
510 4565 591 4630 alias
606 4565 648 4630 de
658 4567 731 4650 jure
757 4566 916 4645 debitam,
933 4566 1081 4650 legitime
1096 4577 1289 4653 acceptasse
1316 4577 1351 4633 et
1375 4580 1560 4656 acceptare,

203 4668 294 4733 etde
310 4668 368 4733 illa
384 4669 445 4733 sibi
463 4668 579 4734 fecisse
596 4676 630 4734 et
647 4669 755 4735 facere
771 4670 950 4755 provideri,
967 4690 1110 4753 eamque
1122 4671 1213 4735 licite
1230 4680 1265 4736 et
1281 4672 1383 4738 libere
1400 4674 1560 4739 obtinere.

204 4768 249 4836 Et
264 4770 501 4837 nichilominus
517 4772 542 4837 si
559 4793 619 4859 per
635 4773 781 4858 aliquem
798 4783 1047 4860 procuratorem
1061 4796 1155 4839 suum
1169 4776 1280 4860 aliqua
1291 4780 1393 4862 preb,
1408 4778 1489 4843 alias
1499 4780 1559 4844 sibi

203 4875 245 4940 de
256 4876 330 4959 jure
346 4875 468 4957 debita,
484 4885 562 4963 post
577 4879 736 4963 premissa
752 4887 940 4964 acceptata,
964 4900 1022 4943 seu
1038 4879 1079 4945 de
1096 4878 1153 4944 illa
1168 4878 1277 4945 eidem
1293 4881 1469 4967 Arnnlplio
1484 4904 1566 4969 pro--
