3650 5675
725 511 810 580 1344.
834 509 868 570 31
892 507 1022 571 octobre.
1500 512 1550 575 181

190 662 244 728 nis
259 660 429 743 Leodien.,
444 681 518 727 vac.
527 680 588 747 per
602 662 657 725 ob.
674 657 783 743 Egidii
799 656 880 723 dicti
891 655 993 742 Bigot
1003 657 1047 723 de
1062 657 1235 723 Dionanto
1248 674 1269 738 ¹,
1282 657 1442 725 Leodien.
1453 660 1551 741 dioc,

190 786 264 851 cap.
280 765 329 830 sui
339 765 515 831 domestici
530 772 565 829 et
585 762 736 829 continui
758 782 954 841 commens,
970 761 1051 825 olim
1077 761 1167 827 dicte
1189 762 1271 827 eccl.
1288 782 1360 827 can.
1375 766 1479 848 preb,
1495 765 1551 848 qui

191 869 281 956 apud
295 869 409 935 sedem
425 868 567 934 eandem
582 868 672 934 diem
688 888 784 933 suum
800 866 920 932 elausit
935 873 1132 947 extremum,
1156 865 1338 950 dignemini
1354 865 1529 951 providere
1542 891 1551 947 ;

190 990 261 1035 non
277 972 364 1035 obst.
379 968 471 1053 quod
486 968 575 1037 idem
592 970 753 1038 Nicolaus
769 990 867 1057 super
882 971 982 1054 plebe
998 969 1030 1035 8.
1047 968 1236 1053 Hermolay
1251 969 1294 1034 de
1321 968 1423 1048 Celei,
1440 970 1552 1037 Pisan.

190 1072 289 1153 dioc,
318 1073 411 1157 cujus
434 1076 679 1159 possessionem
702 1096 771 1141 non
795 1075 909 1154 habet,
926 1074 961 1137 in
985 1072 1084 1138 Rom.
1100 1093 1168 1139 cur.
1184 1073 1335 1138 noscitur
1356 1074 1495 1157 litigare.
1509 1115 1554 1125 -

193 1175 272 1241 Fiat
288 1175 329 1242 R.

235 1320 318 1382 750.
336 1312 424 1379 Item
439 1323 644 1401 supp.,quat.
661 1336 733 1401 cap.
746 1336 806 1380 suo
819 1312 1006 1380 domestico
1015 1321 1051 1378 et
1063 1313 1224 1379 continuo
1234 1334 1418 1381 commens.
1435 1313 1554 1399 Egidio

190 1418 270 1483 Albi
286 1424 299 1451 ⁸
313 1418 356 1483 de
381 1418 414 1483 8.
436 1420 631 1485 Audomaro
654 1430 676 1500 ²,
704 1422 813 1505 presb.
840 1416 1009 1483 Morinen.
1034 1417 1132 1499 dioc,
1154 1438 1242 1502 mag.
1268 1420 1395 1504 capelle
1420 1438 1487 1499 sue,
1512 1418 1555 1484 de

191 1522 289 1587 altari
305 1542 364 1587 seu
389 1523 511 1608 capell.
533 1544 624 1609 perp.
650 1522 689 1588 B.
715 1520 775 1603 Μ,
791 1522 857 1587 sito
881 1521 917 1585 in
941 1522 1025 1587 eccl.
1051 1520 1084 1587 S.
1100 1520 1249 1607 Sepulcri
1272 1520 1315 1587 de
1339 1522 1371 1586 8.
1386 1521 1555 1601 Trudone,

191 1624 356 1691 Leodien.
369 1625 467 1707 dioc,
483 1647 557 1691 vac.
573 1647 632 1712 per
647 1634 793 1691 mortem
805 1633 843 1690 ut
858 1646 968 1710 supra,
978 1624 1161 1708 dignemini
1174 1624 1351 1710 providere
1364 1648 1373 1706 ;
1390 1646 1459 1691 non
1469 1628 1555 1691 obst.

191 1730 284 1815 quod
298 1729 387 1795 idem
413 1729 550 1815 Egidius
577 1752 653 1797 can.
679 1739 714 1796 et
737 1750 880 1815 parvam
904 1732 997 1815 preb.
1024 1730 1059 1794 in
1083 1729 1115 1795 S.
1130 1728 1313 1794 Audomari
1328 1728 1371 1795 de
1387 1729 1419 1795 8.
1443 1729 1556 1795 Audo-

192 1854 297 1912 maro,
313 1841 349 1898 et
364 1854 438 1925 ean.
454 1837 514 1899 sub
530 1856 606 1921 exp.
631 1838 734 1920 preb,
751 1841 840 1899 auct.
857 1834 1044 1898 litterarum
1059 1841 1255 1913 vestrarum,
1272 1833 1305 1897 in
1322 1832 1354 1898 S.
1369 1831 1557 1918 Walburgis

193 1935 339 2002 Fumen.
355 1939 448 2019 eccl,
466 1936 635 2005 Morinen.
649 1939 747 2020 dioc,
758 1938 908 2004 noscitur
923 1938 1085 2004 obtinere.
1100 1978 1145 1987 -
1160 1936 1236 2003 Fiat
1259 1937 1300 2003 R.

239 2040 321 2106 Dat.
334 2042 434 2107 Avin.
452 2062 469 2126 5
486 2042 554 2109 kal.
570 2063 649 2109 nor.
666 2050 699 2108 a⁰
716 2051 758 2127 3⁰.
776 2042 824 2128 (7,
843 2040 911 2127 39).

246 2179 354 2261 751.
1191 2213 1287 2277 1344,
1307 2214 1351 2277 31
1373 2195 1512 2258 octobre.

239 2297 343 2384 Supp.
359 2296 508 2380 Manuel,
525 2299 627 2385 episc.
642 2297 828 2365 Vercellen.
844 2312 866 2378 ³,
882 2305 975 2381 quat.
1004 2294 1184 2383 [continuo
1200 2296 1303 2362 famil.
1319 2317 1380 2361 suo
1396 2294 1558 2377 Waltero,

194 2401 367 2486 quondam
385 2400 524 2469 Henrici
540 2403 583 2469 de
599 2402 709 2469 Buseo
723 2414 744 2483 ⁴,
761 2400 856 2487 cler]
875 2399 1036 2465 Leodien.
1052 2399 1149 2480 dioc,
1165 2400 1208 2466 de
1223 2420 1298 2465 ean.
1313 2408 1348 2465 et
1367 2402 1459 2485 preb.
1475 2401 1559 2465 eccl.

194 2505 228 2570 S.
244 2504 416 2572 Gertrudis
432 2505 645 2587 Nivellensis,
670 2508 758 2573 dioc.
784 2505 945 2592 predicte,
965 2503 1022 2587 qui
1048 2504 1129 2568 olim
1151 2510 1357 2568 vacaverunt
1373 2510 1408 2567 et
1431 2502 1559 2587 dejure

195 2617 322 2675 vacant
338 2609 371 2674 in
386 2609 478 2675 dicta
493 2612 575 2676 eccl.
592 2631 651 2696 per
667 2614 721 2677 ob.
737 2608 908 2694 quondam
926 2605 1157 2672 Bartholomei
1172 2605 1214 2671 de
1227 2604 1340 2670 Vome
1351 2612 1372 2685 ⁵,
1388 2606 1470 2670 ecel.
1486 2624 1560 2690 pre·

195 2711 287 2779 dicte
303 2713 471 2779 scolastici
483 2721 518 2778 et
530 2735 603 2779 can.
619 2716 723 2799 preb,
738 2714 820 2780 lieet
836 2710 975 2795 Egidius
989 2709 1032 2775 de
1048 2708 1205 2787 Horretz,
1221 2710 1329 2793 presb.
1349 2708 1439 2774 dicte
1462 2707 1559 2787 dioc,

196 2836 266 2896 eos,
288 2839 330 2882 ex
346 2838 445 2883 cause
461 2818 634 2903 cujusdam
649 2815 909 2905 permutationis
924 2833 984 2901 per
999 2812 1012 2848 ¹³
1037 2833 1116 2878 eum
1139 2812 1249 2878 minus
1272 2811 1435 2878 canonice
1460 2810 1560 2893 facte,

196 2920 350 2986 detineat
373 2921 522 2987 indebite
552 2930 745 3008 occupatos,
771 2919 954 3005 dignemini
980 2917 1180 3004 providere;
1204 2937 1273 2981 non
1294 2918 1381 2981 obst.
1401 2915 1560 3000 impetra-

195 3024 291 3090 tione
317 3044 376 3109 per
396 3045 475 3090 eum
497 3024 588 3091 facte
611 3026 647 3090 in
671 3025 841 3092 communi
870 3023 977 3088 forma
999 3021 1043 3087 ad
1065 3022 1175 3087 coll...
1190 3020 1263 3086 dec.
1275 3028 1311 3084 et
1326 3018 1463 3105 capituli
1477 3020 1559 3086 eccl.

197 3128 231 3194 S.
256 3127 399 3193 Dionisii
421 3127 582 3196 Leodien.
602 3128 645 3194 de
668 3131 745 3194 ben.
770 3129 853 3194 eccl.
879 3147 907 3193 c.
930 3147 962 3192 e.
974 3127 1028 3190 vel
1053 3146 1079 3191 s,
1095 3146 1135 3205 c.,
1164 3145 1265 3208 quam
1289 3122 1350 3188 sibi
1375 3122 1558 3207 dignemini

195 3251 374 3312 reservare,
391 3239 426 3296 et
440 3232 643 3317 respondere
662 3251 670 3298 :
688 3233 746 3298 fiat
761 3240 796 3297 et
812 3238 987 3297 remaneat
1001 3229 1062 3295 sibi
1078 3228 1186 3314 gratia
1200 3228 1321 3314 prima.
1334 3267 1380 3278 —
1394 3225 1470 3291 Fiat
1486 3225 1527 3292 R.

242 3335 324 3400 Dat.
338 3335 438 3400 Avin.
455 3356 472 3400 2
490 3333 558 3401 kal.
573 3356 651 3402 nov.
668 3343 701 3400 a⁰
726 3343 769 3420 3⁰.
782 3336 829 3419 (7,
846 3339 932 3418 40').

251 3469 357 3553 752·
1207 3503 1303 3566 1344,
1317 3501 1360 3565 51
1378 3483 1515 3546 octobre.

243 3587 331 3673 Sign.
348 3586 502 3673 G(uid0),
520 3587 737 3653 Cameracen.
753 3586 865 3671 episc,
882 3585 974 3670 quod
996 3585 1076 3650 licet
1100 3592 1172 3650 tam
1199 3584 1286 3648 inter
1301 3584 1409 3670 ipsum
1425 3584 1560 3667 ejusque

197 3690 360 3756 vicarium
376 3697 411 3755 et
426 3699 554 3774 gentes,
571 3690 778 3776 conjunctim
794 3697 828 3753 et
855 3688 998 3769 divisim,
1014 3710 1056 3753 ex
1080 3696 1176 3774 parte
1195 3708 1271 3769 una,
1288 3695 1322 3752 et
1343 3687 1560 3772 prepositum,

198 3793 367 3859 decanum
383 3812 423 3858 ae
438 3793 620 3878 singulares
635 3793 817 3860 canonicos
832 3795 914 3858 ecel.
932 3791 1159 3873 Cameracen.,
1187 3791 1392 3875 conjunctim
1409 3790 1462 3853 vel
1478 3788 1560 3854 divi-

199 3898 274 3977 sim,
290 3905 442 3984 exparte
458 3898 574 3977 altera,
589 3898 700 3981 plures
714 3898 790 3961 lites
816 3903 852 3960 et
879 3895 1106 3960 controversie
1133 3901 1246 3958 essent
1268 3900 1362 3957 mote
1377 3892 1457 3957 hinc
1472 3889 1559 3968 inde,

199 4009 273 4066 tam
288 4021 348 4086 per
362 3999 436 4065 vias
451 4000 716 4086 appellationum
731 4020 833 4084 quam
848 4019 948 4084 super
962 3998 1076 4063 multis
1101 3997 1173 4062 aliis
1196 3996 1239 4062 de
1254 3996 1373 4080 quibus
1399 3994 1559 4059 debatum

198 4111 252 4169 est
267 4113 305 4168 et
318 4103 546 4169 controversia
560 4103 649 4168 inter
668 4111 781 4188 partes
803 4103 989 4188 predictas;
1015 4103 1152 4187 ipseque
1167 4099 1352 4185 episcopus,
1368 4098 1510 4164 vicarius
1526 4105 1559 4161 et

198 4215 319 4293 gentes
334 4207 484 4293 ejusdem
492 4205 599 4292 parati
616 4206 683 4272 sint
697 4214 732 4271 et
747 4213 859 4272 essent
874 4226 914 4270 ac
930 4224 1062 4291 semper
1076 4203 1199 4269 fuerint
1208 4203 1365 4289 perviam
1379 4202 1460 4286 juris
1474 4201 1560 4266 ordi-

198 4311 328 4376 nariam
339 4311 521 4396 procedere
534 4310 567 4374 in
579 4310 757 4396 premissis,
767 4330 831 4376 nec
842 4328 994 4392 unquam
1003 4308 1237 4394 proposuerint
1246 4306 1335 4372 aliud
1347 4313 1559 4391 attemptare,

198 4425 236 4482 et
251 4435 350 4502 super
364 4414 524 4500 predictis
532 4436 574 4480 ex
593 4423 688 4500 parte
703 4415 784 4480 dicti
809 4414 947 4500 capituli
963 4413 1080 4479 fuisset
1104 4412 1223 4478 relatio
1238 4412 1328 4478 faeta
1341 4430 1445 4495 penes
1460 4407 1492 4473 S.
1509 4407 1559 4489 V.,

233 4603 263 4665 a)
279 4603 336 4654 cru.
347 4603 424 4652 eber.
435 4630 467 4638 -
479 4602 509 4664 e)
525 4601 582 4650 coe.
594 4605 627 4650 et.

236 4791 260 4836 1.
271 4787 370 4847 Kirecb,
383 4786 458 4846 Koll,
471 4789 526 4835 275.
539 4815 570 4822 —
582 4789 605 4834 2.
617 4786 656 4835 lb.
669 4787 706 4835 Le
717 4785 787 4835 bulle
798 4785 834 4834 du
846 4789 876 4834 24
889 4788 941 4833 mai
953 4786 1022 4844 1342,
1041 4784 1078 4832 lui
1089 4782 1225 4832 conterant
1236 4799 1272 4832 nn
1283 4787 1419 4834 canonioct
1429 4785 1445 4832 b
1457 4783 1561 4839 Furnee,

201 4859 417 4984 sslifeldifflei
423 4859 483 4982 allidi
496 4860 573 4924 (Rep.
584 4861 660 4925 Acin
673 4862 710 4918 oe,
724 4860 742 4908 1.
754 4861 897 4920 1951-3,
908 4858 1061 4909 Emmanuel
1071 4858 1104 4906 de
1113 4859 1197 4906 Flieeo
1210 4861 1281 4916 ;v0ir
1289 4873 1314 4907 n.
1324 4860 1379 4908 leo.
1387 4885 1420 4894 -
1428 4860 1451 4906 4.
1462 4857 1561 4917 Kirseh,
