3650 5675
649 496 736 569 1349,
759 495 808 560 28'
821 497 936 560 mars-3
957 497 1061 572 avril.¹
1466 507 1524 571 '415

161 645 309 728 decreto,
326 654 362 711 et
377 647 533 713 omnibus
544 648 618 714 aliis
633 669 702 714 non
719 647 929 714 obstantibus
944 657 979 714 et
995 649 1151 715 clausulis
1166 653 1340 737 oportunis
1356 663 1391 719 et
1407 675 1525 723 execu-

161 749 299 832 toribus,
316 757 351 816 et
366 750 458 834 quod
472 751 534 817 sibi
549 759 725 817 remaneat
739 751 845 836 gratia
861 751 978 837 prima.
994 793 1037 802 —
1054 752 1132 819 Fiat
1147 762 1184 819 ut
1199 755 1296 841 petit.
1313 756 1353 823 R.

205 854 287 920 Dat.
301 855 403 920 Avin.
421 873 439 938 7
456 853 524 921 kal.
540 855 633 942 april.
648 862 682 921 a⁰
699 861 741 939 7⁰.
758 856 826 939 (17,
845 856 935 940 ²15)-

215 991 350 1073 1541.
1202 1030 1297 1096 1349,
1315 1013 1359 1076 28
1374 1035 1478 1079 murs.

204 1109 336 1195 Supp...
355 1109 473 1174 Petrus
493 1109 535 1175 de
552 1109 711 1195 Kiperclr,
728 1109 910 1175 canonicus
926 1109 1098 1194 Leodien.,
1122 1111 1248 1178 dudum
1263 1113 1436 1182 familiaris
1450 1139 1523 1182 ves-

161 1221 213 1278 ter
229 1223 247 1293 ¹,
264 1221 356 1297 quat.
371 1212 497 1279 dilecto
513 1215 583 1299 ejus
598 1213 688 1279 fratri
706 1212 862 1278 Conrado
888 1214 931 1280 de
959 1213 1117 1300 Kiperch,
1139 1216 1261 1282 clerico
1286 1216 1522 1304 Maguntinen.

161 1316 259 1397 dioc,
275 1316 318 1382 de
331 1319 409 1383 ben.
425 1318 530 1383 eccl...
545 1317 588 1383 ad
604 1317 820 1382 collationem
836 1317 996 1403 episcopi,
1013 1320 1184 1404 prepositi,
1201 1319 1319 1386 decani
1337 1331 1371 1387 et
1382 1324 1521 1409 capituli

161 1421 302 1486 ecclesie
318 1419 501 1486 Leodien...
517 1420 700 1506 dignemini
716 1419 902 1507 providere.
926 1462 969 1471 —
986 1420 1062 1487 Fiat
1079 1421 1119 1488 R.

205 1524 284 1590 Dat.
299 1524 399 1589 Avin.
417 1543 433 1608 5
450 1522 518 1588 kal.
535 1525 629 1610 april.
645 1531 678 1590 a⁰
695 1531 727 1608 7⁰
743 1527 810 1605 (27,
829 1525 934 1608 212').

213 1660 516 1747 1542-1543-
1231 1697 1326 1763 1349,
1344 1701 1362 1742 a
1380 1681 1476 1745 avril.

201 1779 304 1865 Supp.
317 1778 349 1845 S.
365 1777 493 1860 Petrus,
510 1778 542 1843 S.
556 1777 664 1843 Marie
680 1776 781 1843 Nove
793 1776 877 1843 diac.
895 1778 994 1858 card,
1008 1787 1019 1812 ²
1034 1787 1124 1862 quat.
1145 1779 1362 1866 [cappellano
1375 1790 1410 1847 et
1425 1783 1520 1848 farni-

159 1883 229 1949 liari
245 1903 306 1950 suo
321 1877 483 1948 continuo
499 1880 698 1967 Rodulpho]
712 1880 755 1946 de
772 1881 1167 1966 Rouveroy,Ambianen.
1184 1882 1281 1965 dioc,
1298 1906 1371 1951 can.
1383 1894 1418 1951 et
1426 1889 1519 1972 preb.

160 1987 300 2053 ecclesie
315 1986 347 2052 S.
363 1985 453 2052 Petri
476 1984 689 2079 Casletensis,
717 1983 883 2050 Morinen.
910 1983 1009 2065 dioc,
1035 2007 1107 2051 vac.
1135 2007 1195 2072 per
1221 1991 1275 2053 ob.
1301 1988 1460 2074 Stephani
1477 1988 1518 2054 de

161 2089 317 2172 Divione,
332 2089 389 2175 qui
412 2089 456 2156 ad
473 2088 571 2155 Rom.
588 2089 715 2154 curiam
735 2088 902 2154 veniendo
934 2089 966 2152 in
985 2089 1104 2154 itinere
1129 2098 1225 2156 extra
1249 2090 1374 2157 dictam
1394 2093 1517 2158 curiam

160 2191 334 2279 expiravit,
350 2192 453 2257 etiam
477 2192 503 2256 si
519 2192 719 2276 generaliter
734 2191 789 2256 vel
810 2191 1000 2277 specialiter
1026 2193 1115 2278 apud
1137 2194 1251 2258 sedem
1274 2202 1382 2280 apost.
1398 2195 1518 2261 fuerint

159 2296 329 2378 reservati,
350 2297 405 2361 vel
420 2295 502 2361 alias
522 2315 721 2380 quocunque
747 2295 850 2360 modo
875 2303 1008 2375 vacent,
1025 2295 1176 2361 conferre
1202 2297 1395 2382 dignemini,
1419 2307 1454 2363 et
1476 2298 1518 2364 de

158 2401 222 2467 illis
237 2401 339 2467 etiam
355 2400 531 2487 providere
546 2421 555 2479 ς
571 2418 639 2463 non
656 2400 741 2463 obst.
758 2397 848 2481 quod
863 2398 1105 2482 parroch.eccl.
1116 2399 1158 2464 de
1171 2399 1382 2486 Lanhareyo,
1394 2401 1518 2468 Catha-

156 2505 292 2570 launen.
315 2503 413 2585 dioc,
430 2504 579 2569 noscitur
602 2501 764 2567 obtinere.
780 2538 812 2548 -
833 2498 909 2565 Fiat
927 2499 967 2565 R.

201 2615 305 2675 1543.
318 2607 406 2673 Item
421 2629 516 2695 supp.
533 2615 625 2692 quat.
645 2605 862 2693 [cappellano
877 2613 912 2671 et
928 2605 1080 2672 familiari
1096 2627 1156 2673 suo
1172 2608 1335 2673 continuo
1350 2607 1369 2686 J
1373 2609 1514 2695 ohanni]

158 2708 200 2774 de
226 2709 402 2793 Wavrans,
428 2712 683 2794 aliasArragon
698 2720 719 2791 ³,
743 2711 943 2775 Ambianen.
970 2709 1067 2790 dioc,
1095 2731 1167 2775 can.
1201 2720 1235 2776 et
1260 2715 1351 2796 preb.
1378 2713 1517 2778 ecclesie

159 2811 192 2883 S.
207 2812 296 2880 Petri
311 2815 470 2898 Ariensis,
481 2814 650 2882 Morinen.
666 2814 763 2896 dioc,
779 2833 852 2879 vac.
868 2833 928 2900 per
944 2815 997 2880 ob.
1014 2813 1176 2900 Stephani
1189 2814 1231 2880 de
1243 2814 1398 2898 Divione,
1415 2815 1516 2881 etiam

159 2917 187 2981 si
200 2919 400 3001 generaliter
414 2922 468 2984 vel
484 2919 673 3005 specialiter
689 2916 778 3003 apud
794 2916 908 2982 sedem
924 2926 1033 3003 apost.
1050 2917 1170 2983 fuerint
1186 2920 1354 3000 reservati,
1368 2921 1423 2985 vel
1434 2922 1517 2985 alias

159 3040 359 3106 quocunque
372 3023 476 3089 modo
490 3031 624 3103 vacent,
642 3022 793 3089 conferre
807 3022 991 3106 dignemini
1007 3030 1042 3088 et
1057 3022 1099 3087 de
1112 3023 1175 3089 illis
1191 3024 1294 3089 etiarn
1320 3024 1494 3110 providere
1508 3049 1515 3107 ;

157 3144 227 3191 non
253 3128 339 3192 obst.
366 3126 457 3210 quod
480 3127 632 3213 parroch.
656 3126 738 3193 eccl.
762 3125 804 3191 de
826 3116 996 3211 Brimeyo,
1020 3124 1110 3191 dicte
1135 3124 1303 3193 Morinen.
1327 3128 1424 3211 dioc,
1441 3149 1517 3194 nos-

157 3227 243 3295 citur
258 3229 422 3295 obtinere.
437 3271 480 3280 —
496 3230 573 3296 Fiat
589 3230 629 3297 R.

200 3331 279 3399 Dat.
294 3333 396 3400 Avin.
419 3356 439 3418 4
454 3354 533 3400 non.
550 3334 644 3420 april.
661 3340 693 3398 a⁰
711 3339 753 3417 7⁰.
771 3332 840 3417 (17,
859 3332 950 3415 221).

210 3470 355 3552 1544.
1128 3420 1131 3425 ¹
1225 3486 1471 3567 masavru.

200 3585 302 3674 Supp.
315 3587 335 3666 J
338 3591 462 3655 acubus
477 3588 526 3653 Le
542 3588 656 3653 Werin
673 3588 714 3653 de
731 3585 902 3666 Inchiac0,
920 3587 1059 3651 clericus
1082 3587 1298 3651 Cameracen.
1315 3588 1412 3668 dioc,
1428 3609 1516 3672 mag.

155 3691 192 3755 in
208 3691 342 3774 artibus,
360 3694 445 3757 alter
459 3693 635 3758 missorum
651 3691 694 3757 ad
716 3691 820 3776 pedes
842 3691 874 3755 S.
885 3689 924 3754 V.
942 3710 983 3753 ex
998 3698 1093 3774 parte
1107 3688 1343 3755 Universitatis
1355 3689 1517 3756 Parisien-

155 3794 200 3859 sis
210 3796 425 3881 pro-natione
441 3794 667 3875 Picardorum,
684 3795 776 3879 quia
803 3798 840 3859 16
858 3794 954 3858 annis
979 3793 1011 3857 in
1039 3793 1149 3858 studio
1166 3792 1341 3858 Parisiensi
1358 3794 1516 3859 continue

155 3899 331 3981 laboravit,
348 3908 383 3965 et
398 3901 512 3965 labore
528 3899 628 3965 studii
655 3897 841 3964 necessaria
869 3897 913 3963 ad
937 3897 1042 3962 vitam
1069 3896 1256 3981 acquisivit,
1281 3905 1371 3981 quat.
1388 3897 1449 3962 sibi
1473 3896 1516 3962 de

156 4022 232 4068 can.
248 4011 282 4067 et
297 4005 389 4089 preb.
406 4004 546 4069 ecclesie
558 4004 589 4067 S.
606 4002 701 4068 Pauli
717 4001 877 4067 Leodien.
893 4020 984 4065 nunc
995 4020 1139 4086 vacper
1155 4000 1358 4066 obBalsami
1375 4000 1516 4066 Thalani

156 4105 198 4171 de
213 4106 289 4171 filiis
301 4106 391 4171 Petri
407 4107 450 4171 de
467 4105 638 4173 Florentia
652 4117 673 4187 ⁴,
690 4105 780 4171 dicte
795 4104 936 4169 ecclesie
953 4104 1107 4169 canonici
1130 4104 1337 4189 prebendati,
1352 4105 1406 4188 qui
1424 4112 1516 4169 extra

157 4207 255 4275 Rom.
272 4210 400 4275 curiam
415 4210 505 4277 diem
521 4210 641 4276 clausit
657 4217 855 4289 extremum,
872 4227 949 4273 cum
974 4206 1129 4273 omnibus
1152 4208 1279 4292 juribus
1294 4216 1330 4273 et
1344 4208 1514 4294 pertinen-

154 4313 211 4378 tiis
225 4314 292 4379 suis
308 4314 418 4381 eidem
440 4313 570 4392 Jacobo
594 4312 776 4398 dignemini
799 4311 986 4397 providere,
1002 4310 1064 4377 nisi
1089 4311 1222 4376 interim
1237 4312 1332 4377 alteri
1348 4312 1515 4397 predicto·

153 4436 228 4481 rum
242 4418 460 4485 canonicatus
476 4426 511 4483 et
536 4417 704 4504 prebende
727 4416 825 4481 fuerit
837 4415 891 4499 jus
907 4414 1083 4499 quesitum,
1100 4414 1203 4480 etiarn
1218 4416 1244 4481 si
1267 4415 1377 4481 forsan
1393 4416 1515 4481 fuerint

153 4539 215 4606 per
230 4520 344 4587 sedem
360 4530 467 4608 apost.
482 4520 652 4603 reservati,
668 4521 723 4585 rel
739 4519 805 4585 alio
831 4516 1052 4603 quovismodo
1077 4526 1200 4583 vacent
1214 4542 1223 4599 ;
1247 4539 1317 4584 non
1333 4522 1419 4586 obst.
1436 4540 1515 4586 con-

154 4624 331 4690 suetudine
357 4625 498 4692 ecclesie
516 4626 571 4689 vel
593 4632 731 4704 statuto,
757 4623 875 4707 quibus
898 4622 933 4687 in
961 4620 1079 4687 eadem
1103 4622 1244 4689 ecclesia
1269 4624 1380 4688 caveri
1396 4622 1517 4689 dicitur

188 4857 211 4904 l.
223 4854 320 4904 Voirn.
333 4858 370 4914 16,
383 4858 482 4906 221-
495 4858 519 4907 2.
529 4856 615 4907 Pierre
626 4856 716 4917 Roger,
729 4852 798 4903 card.
809 4854 833 4903 le
844 4856 875 4902 29
888 4854 940 4902 mai
953 4854 1022 4911 1348,
1036 4851 1095 4915 plus
1106 4852 1165 4902 tard
1177 4828 1300 4914 Gregoire'
1309 4850 1359 4901 Xl.
1371 4878 1403 4889 -·
1415 4852 1437 4901 3.
1455 4850 1517 4899 Voir

154 4930 254 4977 nibal.
266 4931 332 4979 -1,
347 4928 410 4977 Voir
424 4943 450 4979 n.
468 4931 539 4979 1515.
