3650 5675
657 447 660 451 ·
734 428 822 506 1347,
845 429 928 498 11-14
950 433 1029 498 eott.
1225 487 1226 491 ,
1508 437 1572 512 327

263 581 404 669 1236.
1267 617 1362 688 1347,
1379 622 1420 668 rr
1436 603 1525 672 auat.

254 701 377 786 Sign...
387 698 543 786 G(uido),
554 698 655 786 episc.
666 697 893 781 Cameracen.,
905 701 996 785 quod
1007 701 1088 768 licet
1103 702 1301 774 Guillelmus
1317 705 1567 790 coenatoria

211 806 391 873 canonicus
416 802 641 892 prebendatus
663 805 745 872 eccl.
770 803 985 874 Cameracen.
1009 807 1163 890 existens,
1180 816 1294 882 tamen
1310 810 1381 900 ipse
1396 811 1446 877 sui
1461 819 1568 884 status

210 909 366 997 prodigus
391 909 507 977 fecerit
530 929 566 975 se
589 909 622 974 in
644 908 786 976 militem
802 916 931 976 armate
946 910 1069 978 milicie
1084 911 1126 978 de
1141 913 1231 986 facto
1247 913 1394 1006 insigniri
1410 923 1446 981 et
1460 915 1566 992 vitem

209 1015 376 1102 laycalem
391 1013 528 1081 deducit
543 1021 578 1080 et
594 1014 676 1081 alias
691 1035 727 1080 se
742 1015 829 1082 sevis
844 1015 979 1083 miscuit
994 1024 1028 1083 et
1044 1037 1079 1084 se
1096 1017 1138 1084 de
1153 1017 1207 1090 die
1223 1018 1258 1085 in
1274 1019 1363 1088 diem
1379 1021 1566 1094 immiscere

209 1140 277 1186 non
301 1119 441 1202 desistit,
465 1125 602 1206 propter
625 1120 715 1205 quod
736 1119 818 1187 dicti
838 1141 911 1188 can.
928 1128 962 1188 et
977 1124 1069 1208 preb.
1085 1123 1127 1190 de
1139 1123 1212 1210 jure
1229 1123 1263 1190 et
1278 1122 1320 1191 de
1336 1125 1428 1194 lacto
1443 1147 1565 1197 vacare

209 1232 418 1294 censeantur.
435 1223 546 1308 Quare
561 1243 656 1310 supp.
682 1223 772 1291 idem
798 1225 900 1312 episc.
924 1233 1014 1312 quat.
1041 1227 1205 1314 aliquibus
1219 1228 1371 1298 discretis
1391 1227 1470 1298 viris
1485 1230 1565 1302 dare

208 1329 389 1416 dignemini
406 1329 524 1395 vestris
539 1328 658 1396 litteris
675 1329 706 1395 in
724 1328 889 1398 mandatis
904 1339 952 1413 ut,
977 1327 1003 1398 si
1020 1332 1207 1407 constiterit
1223 1333 1375 1422 predicta
1389 1335 1460 1404 sore
1475 1357 1564 1424 vera,

207 1443 332 1503 vocato
347 1434 439 1501 dicto
455 1432 636 1501 Guillelmo
651 1440 686 1500 et
702 1435 775 1501 aliis
790 1436 846 1520 qui
869 1437 911 1502 de
924 1437 996 1521 jure
1021 1445 1098 1504 sunt
1119 1439 1293 1521 evocandi,
1317 1437 1359 1506 de
1375 1440 1473 1508 dictis
1488 1462 1563 1509 can.

207 1546 241 1607 et
256 1540 348 1628 preb.
364 1538 466 1606 modo
481 1538 633 1626 predicto
649 1541 855 1623 vacantibus,
872 1541 898 1607 si
924 1563 994 1608 non
1019 1542 1062 1609 sit
1085 1543 1180 1610 alteri
1204 1544 1392 1640 specialiter
1414 1545 1448 1619 in
1464 1566 1499 1612 re
1511 1542 1564 1628 jus

207 1643 384 1733 quesitum,
400 1641 420 1725 J
423 1642 547 1711 ohanni
562 1643 604 1710 de
621 1643 763 1711 Pan'sius
778 1652 884 1732 apost.
901 1653 989 1713 auct.
1006 1646 1246 1734 provideant...
1265 1672 1274 1730 ;
1290 1669 1359 1717 non
1377 1649 1463 1717 obst.
1473 1650 1564 1734 quod

207 1747 296 1815 idem
312 1746 486 1828 Jolrannes
501 1746 703 1816 decanatum
719 1770 758 1816 ac
785 1769 858 1817 can.
874 1758 909 1816 et
932 1752 1025 1838 preb.
1052 1753 1134 1819 eccl.
1150 1753 1192 1820 de
1207 1753 1416 1840 Andelyaco,
1435 1753 1564 1822 Rotho·

206 1873 338 1938 magen.
353 1853 451 1934 dioc.,
468 1853 620 1919 obtinere
629 1863 797 1936 noscatur,
814 1876 941 1941 quos...
956 1863 1091 1944 paratus
1106 1865 1158 1924 est
1173 1857 1354 1930 dimittere.
1370 1899 1413 1910 -
1430 1857 1506 1928 Fiat
1522 1859 1563 1928 R.

250 1957 339 2025 Item
354 1979 450 2046 supp.
466 1967 557 2044 quat.
572 1981 633 2026 suo
648 1959 741 2026 socio
756 1959 775 2037 J
779 1960 903 2026 ohanni
919 1961 961 2028 de
978 1961 1093 2044 Borto,
1110 1963 1165 2049 qui
1191 1963 1252 2036 sibi
1275 1971 1310 2030 et
1326 1964 1467 2030 ecclesie
1483 1964 1564 2031 fide-

206 2064 283 2130 liter
297 2064 443 2146 servivit,
459 2065 636 2150 providere
662 2064 844 2151 dignemini
870 2066 912 2133 de
939 2067 1037 2134 dictis
1061 2068 1237 2156 decanatu,
1249 2089 1328 2150 can.
1345 2075 1380 2134 et
1404 2071 1496 2155 preb.
1519 2067 1562 2135 de

205 2170 413 2259 Andelyaco,
429 2170 510 2237 dum
525 2169 814 2251 vacabunt...;non
831 2173 917 2238 obst.
934 2172 1024 2258 quod
1034 2171 1155 2251 idemrJ
1157 2173 1306 2246 ohannes
1316 2173 1358 2240 de
1372 2170 1476 2240 Borto
1489 2194 1563 2242 can.

207 2282 243 2341 et
258 2278 350 2363 preb.
366 2278 448 2343 eccl.
465 2276 681 2343 Cameracen.
697 2275 848 2340 obtinere
863 2282 1030 2343 noscatur.
1047 2274 1183 2343 —Fiat
1201 2277 1240 2346 R.

250 2379 328 2447 Dat.
342 2380 443 2447 Avin.
461 2401 478 2467 3
495 2380 538 2447 id.
553 2398 628 2466 aug.
644 2387 677 2444 a⁰
694 2383 735 2446 6⁰.
752 2367 826 2464 (14,
844 2380 889 2464 9).

259 2519 398 2605 1237,
1262 2548 1356 2614 1347,
1373 2552 1413 2596 rr
1430 2538 1518 2599 corat.

248 2639 372 2726 Supp...
387 2637 508 2719 Guido,
525 2635 744 2703 Cameracen.
760 2635 872 2722 episc,
889 2642 980 2719 quat.
997 2633 1172 2721 capellano
1187 2653 1248 2699 suo
1264 2632 1365 2700 Petro
1381 2633 1527 2702 Bnrnelli
1545 2647 1564 2718 ¹,

205 2741 398 2829 presbiter0,
414 2742 456 2807 de
472 2761 547 2808 can.
563 2743 623 2807 sub
639 2761 715 2827 exp.
726 2743 818 2827 preb.
834 2738 877 2806 de
893 2738 1048 2821 Biliomo,
1068 2737 1319 2808 Claromonten.
1338 2736 1436 2821 dioc„
1454 2741 1564 2826 provi·

203 2845 282 2912 dere
297 2845 565 2932 dignemini,non
577 2847 663 2911 obst.
675 2844 766 2931 quod
781 2866 853 2911 can.
870 2851 905 2910 et
921 2846 1013 2930 preb.
1030 2842 1071 2909 de
1087 2841 1243 2909 Vemone
1259 2851 1293 2912 et
1308 2854 1506 2930 personatus
1521 2846 1564 2912 de

205 2948 295 3025 Lede
310 2960 345 3015 et
360 2949 403 3016 de
419 2949 551 3016 Sanctis
565 2970 698 3016 necnon
715 2950 880 3037 capellam
904 2948 1017 3014 altaris
1040 2946 1078 3015 B.
1095 2946 1214 3025 Jacobi
1231 2947 1264 3014 in
1281 2949 1364 3017 eccl.
1381 2948 1412 3017 S.
1427 2950 1562 3017 Andree

202 3054 245 3119 de
261 3054 420 3135 Castello,
437 3053 614 3120 Ebroicen.
631 3062 666 3119 et
682 3054 897 3121 Cameracen.
913 3052 1011 3135 dioc,
1027 3052 1175 3119 noscitur
1190 3052 1352 3123 obtinere.
1369 3096 1412 3105 -
1428 3054 1504 3121 Fiat
1519 3054 1561 3124 R.

245 3155 334 3224 Item
360 3166 451 3243 quat.
477 3158 654 3245 capellano
680 3178 741 3224 suo
766 3157 933 3224 Ancelino
949 3157 991 3224 de
1013 3154 1048 3223 N
1050 3163 1229 3223 evocastro
1245 3169 1256 3195 ²
1271 3156 1315 3229 de
1331 3158 1444 3243 aliquo
1459 3161 1560 3227 bene-

201 3261 370 3329 ficioeccl.
387 3261 431 3328 ad
445 3263 522 3328 coll.
538 3263 639 3349 episc.
656 3270 690 3329 et
706 3262 841 3349 capituli
858 3260 1065 3346 Lingonen...
1082 3261 1264 3347 dignemini
1280 3263 1487 3351 providere...

246 3363 334 3431 Item
349 3373 442 3452 quat.
466 3368 646 3454 capellano
665 3387 726 3433 suo
750 3364 896 3446 Johanni
924 3366 967 3431 de
991 3364 1141 3450 Leugies,
1169 3367 1362 3452 presbitero,
1379 3369 1421 3436 de
1445 3370 1557 3457 aliquo
1600 3365 1603 3371 ’

200 3472 277 3536 ben.
293 3472 397 3537 eccl...
413 3469 457 3536 ad
472 3469 548 3537 coll.
564 3471 666 3557 episc.
682 3478 717 3536 et
732 3470 870 3556 capituli
887 3469 1068 3535 Camoten.
1085 3469 1266 3555 dignemini
1283 3473 1466 3559 providere.

245 3574 332 3641 Item
342 3574 552 3642 Theoderico
565 3574 712 3641 Pavonis
720 3584 740 3655 ³,
754 3573 914 3640 Leodien.
930 3573 1028 3656 dioc,
1044 3570 1165 3640 clerico
1182 3582 1216 3639 et
1225 3575 1331 3642 scribe
1347 3597 1416 3659 suo,
1427 3577 1469 3642 de
1482 3598 1556 3645 can.

200 3682 261 3745 sub
277 3700 352 3768 exp.
367 3682 459 3766 preb.
476 3679 507 3746 S.
524 3680 670 3747 Servacii
685 3677 918 3763 Trajectensis,
934 3678 1024 3765 dicte
1039 3677 1137 3759 dioc„
1152 3699 1221 3744 non
1238 3682 1323 3745 obst.
1340 3680 1430 3766 quod
1445 3701 1557 3767 perso·

199 3793 318 3850 natum
332 3785 375 3850 de
398 3784 607 3852 Brusenhem
634 3792 669 3852 et
684 3781 727 3850 de
742 3783 915 3871 Wesplaer
941 3804 982 3849 ac
1008 3783 1254 3870 cappellaniam
1271 3783 1385 3853 altaris
1400 3783 1438 3851 B.
1456 3783 1506 3851 M.
1521 3785 1557 3852 in

199 3892 282 3956 eccl.
292 3889 444 3978 parroch.
456 3890 499 3955 de
515 3890 687 3970 Rumesta‚
700 3887 916 3954 Cameracen.
926 3886 1023 3967 dioc,
1038 3886 1191 3953 obtinere
1202 3893 1414 3955 noscatur.-
1427 3886 1503 3954 Fiat
1515 3887 1556 3955 R.

243 3992 332 4061 Item
346 3992 493 4074 Johanni
510 3993 736 4076 Baillevache‚
753 3994 831 4059 cler.
857 3990 1011 4058 familiari
1036 4010 1107 4073 suo,
1132 3990 1174 4057 de
1201 3992 1314 4076 aliquo
1329 3993 1406 4061 ben.
1423 3992 1504 4060 eccl.
1521 3992 1555 4059 iu

199 4100 281 4166 eccl.
297 4098 479 4167 Carnoten.
494 4139 537 4151 -
553 4099 629 4166 Fiat
645 4097 686 4165 R.

243 4202 324 4271 Dat.
338 4203 437 4271 Avin.
455 4223 473 4289 3
490 4202 533 4272 id.
549 4222 623 4289 aug.
639 4208 673 4268 a⁰
689 4206 731 4269 6⁰.
748 4201 821 4286 (14,
841 4198 923 4283 10').

255 4340 391 4429 1238.
1254 4366 1349 4435 1347,
1366 4370 1406 4436 14
1424 4353 1511 4417 aortt.

243 4460 365 4548 Supp...
381 4462 616 4550 S(tephanus),
632 4459 733 4546 episc.
750 4458 781 4525 S.
798 4454 914 4523 Poncii
934 4452 1199 4536 Thomeriarum,
1218 4456 1418 4522 camerarius
1436 4461 1555 4537 vester,

199 4572 292 4649 quat.
308 4565 371 4631 sibi
386 4567 421 4632 in
436 4586 616 4654 personam
630 4562 745 4630 dilecti
771 4558 966 4650 pronepotis
981 4556 1030 4624 sui
1048 4555 1185 4623 Roberti
1209 4558 1331 4644 Ayme,
1348 4560 1427 4627 cler.
1442 4558 1556 4629 Claro·

232 4758 254 4805 1.
267 4757 374 4807 Notaire
382 4758 415 4806 de
423 4758 557 4816 Billom,et
571 4768 710 4819 procureur
718 4752 750 4800 de
759 4750 874 4812 leveque
885 4750 951 4810 Guy,
962 4748 1013 4795 cite
1023 4746 1046 4794 le
1054 4748 1084 4794 15
1091 4745 1186 4796 sevricr
1196 4747 1258 4795 1345
1270 4751 1297 4796 et
1307 4747 1331 4796 le
1342 4750 1373 4796 24
1385 4746 1485 4810 janvier
1495 4748 1557 4797 1354

200 4830 333 4894 (uetuere,
346 4831 452 4890 Iacent„
464 4846 490 4881 n.
503 4832 555 4879 154.
563 4835 591 4879 et
602 4828 663 4890 298)
673 4844 680 4886 3
691 4828 747 4876 v0Ir
757 4826 815 4889 pluo
825 4825 889 4871 haut
901 4837 927 4871 n.
939 4823 993 4870 704.
1005 4848 1037 4855 -
1047 4823 1069 4869 2.
1082 4818 1139 4868 citt
1151 4833 1250 4869 comme
1258 4821 1393 4885 chapelain
1402 4821 1435 4869 de
1444 4819 1559 4883 leveque

198 4905 223 4954 le
235 4906 268 4954 29
278 4905 414 4955 decembre
427 4906 490 4954 1348
502 4908 531 4954 et
541 4905 566 4954 le
578 4906 608 4953 15
619 4901 714 4951 tevn'er
725 4900 787 4949 1315
800 4894 931 4962 (uerrere,
943 4910 969 4945 n.
980 4895 1035 4965 ¹143,
1051 4892 1160 4955 1514-
1172 4896 1194 4945 3.
1206 4892 1269 4963 Volr
1281 4895 1375 4945 Kirsch
1394 4894 1469 4957 Kott,
1481 4895 1528 4943 329
