3650 5675
729 546 817 619 1843,
842 546 860 611 5
881 545 1000 611 1611101.
1507 551 1541 616 dl

224 702 309 764 292.
327 693 448 761 Item...
464 715 526 781 pro
541 716 577 760 se
592 702 627 760 et
642 695 732 761 dicta
749 694 934 760 Katherina
949 694 1020 780 ejus
1035 716 1138 761 uxore
1153 705 1241 781 quat.
1258 698 1458 765 consessor...

225 840 307 901 293.
326 832 413 898 Item
429 853 524 918 supp.
541 842 631 917 quat.
657 830 807 897 Roberto
822 832 864 897 de
880 830 1020 912 Couchi,
1044 840 1165 918 patruo
1187 854 1257 914 sue,
1281 836 1407 901 canton'
1425 836 1544 902 Came·

178 959 293 1005 racen.
308 938 451 1006 similem
465 937 605 1022 gratiam
621 936 729 1002 facere
744 935 934 1021 dignemini.
951 976 994 985 -
1010 935 1088 1002 Fiat
1104 936 1134 1002 R

225 1042 295 1108 Dat
317 1041 416 1106 Avin.
432 1060 511 1106 non.
527 1040 598 1106 febr
621 1048 654 1105 a⁰
670 1048 706 1105 1⁰.
720 1042 771 1124 (2,
791 1041 869 1125 18⁹).

231 1178 477 1264 294-299.
1225 1215 1318 1279 1343,
1334 1196 1500 1283 rsarrer.

224 1300 323 1386 Supp.
341 1298 501 1364 Matheus
521 1296 564 1363 de
579 1295 667 1377 Tria,
691 1295 833 1362 Francie
857 1297 1070 1364 marescallus
1096 1298 1201 1379 miles,
1229 1308 1311 1383 quat
1344 1300 1433 1383 [nob.
1462 1300 1543 1381 vir0,

180 1405 431 1489 consanguineo
456 1422 517 1469 suo
541 1421 712 1485 germano,
740 1399 886 1478 Johanni
913 1402 956 1467 (10
981 1400 1153 1482 Varennis,
1175 1404 1277 1486 cler.],
1294 1404 1336 1469 (10
1363 1424 1425 1468 can
1462 1404 1543 1469 eccl.

182 1509 427 1593 Rothomagen.
442 1527 483 1573 ac
498 1508 580 1592 preb
607 1504 731 1570 ibidem
747 1525 819 1571 vac.
835 1507 891 1570 vel
906 1514 1026 1588 vacat,
1053 1506 1234 1591 dignemini
1262 1507 1447 1592 providere,
1475 1527 1543 1572 non

181 1616 267 1679 obst.
283 1612 374 1697 quod
399 1632 470 1677 can.
494 1618 530 1675 et
544 1611 637 1695 preb.
664 1630 704 1675 ac
730 1610 901 1675 scolastrie
926 1610 980 1677 off.
1006 1619 1235 1697 nuncupatum
1261 1611 1294 1675 in
1311 1612 1389 1677 eccl.
1407 1611 1435 1676 S.
1454 1610 1542 1676 Petri

181 1716 337 1796 Ariensis,
363 1713 528 1780 Morinen.
555 1713 653 1795 dioc,
681 1714 830 1779 noscitur
856 1714 1019 1797 obtinere,
1044 1736 1184 1800 quorum
1210 1714 1366 1782 fructus...
1383 1736 1448 1781 sec.
1475 1723 1542 1780 tax.

181 1819 321 1899 decime,
338 1840 379 1903 40
395 1819 466 1884 libr.
483 1838 551 1883 non
568 1818 743 1883 excedunt.
758 1816 876 1884 -Fiat
891 1819 925 1883 in
941 1820 1019 1884 eccl.
1038 1818 1249 1899 Casseltensi,
1267 1818 1431 1884 Morinen.
1447 1820 1542 1899 (1100,

181 1926 284 1989 etiam
298 1924 341 1989 de
355 1924 529 2008 dignitate,
545 1922 647 1988 etiam
663 1942 692 1988 c.
709 1942 738 1988 c.
757 1921 795 1987 R.

225 2066 309 2129 295.
326 2060 414 2125 Item
429 2081 523 2147 supp.
539 2060 627 2126 idem
642 2062 864 2143 marescallus,
891 2069 982 2147 quat.
1009 2064 1099 2147 [nob.
1115 2062 1196 2141 vire,
1214 2062 1461 2146 consanguineo
1484 2081 1544 2127 suo

184 2166 365 2246 Florenti0,
387 2165 493 2250 fratri]
518 2166 658 2252 predicti
686 2164 860 2246 Johannis,
885 2166 928 2232 de
953 2187 1023 2233 can.
1041 2167 1069 2231 S.
1088 2166 1173 2232 Piati
1190 2166 1402 2247 SIcliniensis,
1418 2165 1543 2232 Torna-

182 2291 255 2336 cen.
270 2271 368 2350 dioc,
384 2290 424 2335 ac
438 2272 528 2356 preb.
544 2291 614 2335 vac.
631 2270 685 2333 vel
701 2278 821 2349 vacat,
845 2271 1028 2355 dignemini
1053 2271 1238 2357 providere,
1263 2291 1331 2337 non
1348 2272 1431 2337 obst.
1453 2270 1543 2354 quod

181 2396 252 2441 can.
268 2382 304 2439 et
318 2378 408 2461 preb.
425 2374 504 2439 eccl
521 2374 549 2437 S.
568 2372 657 2439 Petri
673 2374 830 2454 Ariensis,
857 2372 1022 2441 MorInen.
1047 2377 1144 2455 dioc,
1161 2375 1309 2441 noscitur
1331 2374 1491 2440 obtinere.
1506 2410 1538 2421 -

183 2477 258 2544 Fiat
274 2477 315 2543 R.

225 2624 306 2685 296.
325 2616 413 2683 Item
428 2639 521 2704 supp.
537 2638 599 2704 pro
614 2617 716 2702 ipsius
731 2618 832 2684 famil.
858 2575 897 2682 et
918 2616 1010 2703 capJ
1013 2618 1145 2683 ohanne
1161 2618 1202 2683 de
1219 2617 1398 2696 Saillivilla,
1422 2619 1542 2702 presb..

182 2730 269 2806 quat.
286 2721 396 2787 eidem
410 2721 588 2807 providere
611 2721 793 2805 dignemini
809 2721 851 2787 de
867 2741 938 2785 can.
954 2721 1034 2786 eccl.
1051 2720 1238 2802 Belvacen,
1254 2723 1344 2805 preb.
1361 2740 1442 2785 vero
1457 2720 1533 2803 [vac

180 2826 235 2892 vel
251 2826 373 2912 vacat]
392 2825 500 2891 eidem
515 2832 733 2904 reservantes
749 2847 817 2890 non
842 2826 918 2890 obst
942 2824 1032 2909 quod
1048 2845 1117 2890 can.
1135 2831 1170 2890 et
1185 2826 1275 2910 preb.
1299 2824 1380 2890 eccl.
1406 2823 1433 2888 S.
1453 2822 1542 2889 Petri

180 2929 223 2995 de
238 2928 363 2996 Lutosa
379 2939 413 2995 et
428 2930 580 3016 parroch.
599 2929 680 2994 eccl.
696 2927 738 2993 de
754 2927 964 3008 Chivereriis,
975 2926 1190 2995 Cameracen.
1206 2937 1240 2994 et
1253 2926 1431 2994 Belvacen.
1444 2927 1541 3008 dioc,

180 3035 330 3100 noscitur
344 3035 505 3100 obtinere.
521 3073 563 3082 —
581 3031 657 3098 Fiat
674 3031 712 3096 R.

225 3178 306 3238 297.
324 3169 411 3236 Item
427 3192 523 3257 supp.
538 3192 599 3257 pro
615 3171 716 3257 ipsius
732 3193 812 3256 cap,
828 3172 917 3237 dom.
935 3170 1119 3257 Regnaudo
1128 3172 1170 3238 de
1183 3170 1405 3252 Bellonronte,
1421 3175 1540 3258 presb,

181 3275 238 3360 qui
252 3295 313 3361 per
329 3295 369 3339 20
385 3295 492 3341 annos
506 3283 541 3340 et
564 3275 707 3359 amplius
733 3275 876 3340 fideliter
895 3276 1086 3356 deservivit,
1102 3284 1190 3360 quat.
1207 3277 1315 3342 eidem
1335 3277 1477 3342 similem
1493 3297 1540 3362 gr.

185 3377 345 3465 [faciatis]
364 3378 397 3443 in
413 3378 554 3444 ecclesia
570 3377 796 3460 Cameracen,
813 3400 882 3444 non
899 3381 985 3446 obst.
1001 3379 1092 3465 quod
1110 3381 1259 3466 parroch.
1276 3381 1357 3446 eccl.
1374 3381 1417 3446 de
1439 3382 1542 3466 Aqui-

181 3482 310 3567 gniac0,
328 3481 502 3548 Ebroicen.
528 3482 624 3562 dioc,
649 3491 684 3548 et
709 3503 778 3548 can.
805 3491 840 3547 et
863 3486 952 3568 preb.
978 3483 1076 3548 castri
1101 3484 1143 3549 de
1170 3483 1369 3564 Gamaclres,
1393 3485 1542 3551 noscitur

181 3585 354 3665 obtinere;
380 3606 520 3669 quorum
546 3590 620 3653 ben.
646 3587 771 3652 fructus
794 3587 895 3652 annui
920 3588 1068 3654 valorem
1100 3609 1141 3654 20
1166 3589 1220 3654 lib.
1246 3587 1358 3670 Paris,
1380 3611 1443 3656 sec.
1476 3597 1542 3654 tax.

181 3689 320 3770 decime,
336 3711 405 3756 non
417 3690 584 3756 excedunt
608 3733 651 3740 -
669 3689 743 3757 Fiat
761 3690 791 3755 R

223 3834 307 3895 298.
326 3826 413 3893 Item
429 3836 522 3913 quat.
538 3830 628 3913 [nob.
644 3828 717 3894 viro
741 3827 922 3895 Guillelmo
939 3829 982 3895 de
998 3829 1137 3916 Capella
1162 3831 1252 3913 cler]
1267 3828 1309 3894 de
1330 3851 1401 3895 can.
1418 3831 1497 3896 eccl.
1514 3829 1542 3893 S.

183 3931 270 3997 Petri
287 3929 514 4011 Casscltensis
532 3929 697 3997 Morinen.
715 3931 811 4014 dioc,
827 3933 1011 4018 dignemini
1027 3933 1202 4019 providere
1215 3942 1249 3998 et
1264 3935 1353 4018 preb.
1366 3952 1542 4013 reservare,

180 4055 248 4100 non
264 4037 347 4100 obst
364 4036 454 4120 quod
469 4036 512 4102 ad
528 4037 601 4102 coll.
617 4036 782 4102 abbatisse
799 4045 833 4100 et
848 4057 948 4103 conv.
964 4037 1006 4102 de
1023 4037 1237 4116 CarentoniO,
1255 4035 1431 4102 Bituricen.
1444 4037 1542 4116 dioc,

181 4141 254 4203 ben.
271 4140 351 4204 eccl.
366 4141 516 4206 noscitur
530 4150 716 4226 expectare.
732 4181 775 4190 -
792 4139 869 4206 Fiat
894 4141 928 4206 in
953 4142 1032 4206 eccl.
1049 4141 1076 4204 S.
1096 4140 1184 4204 Petri
1210 4140 1252 4204 de
1277 4139 1399 4219 Insula,
1416 4139 1542 4205 Toma-

182 4261 255 4307 cen.
270 4242 356 4308 dioc.
373 4241 411 4307 R.
429 4245 479 4326 (2,
497 4245 564 4328 22).

225 4386 306 4446 299.
326 4377 413 4444 Item
430 4387 520 4464 quat.
553 4379 720 4447 Richardo
745 4381 787 4446 de
809 4381 931 4446 Ruella
947 4385 1063 4466 presb,
1080 4401 1150 4462 cap.
1175 4382 1367 4447 marescalle
1393 4380 1541 4462 Francie,

181 4482 225 4548 de
239 4483 320 4548 eccl.
334 4485 408 4548 ben.
426 4482 470 4548 ad
485 4484 559 4549 coll.
575 4484 818 4570 archiepiscopi
834 4494 868 4548 et
885 4505 954 4569 cap.
976 4483 1219 4568 Rothomagen.
1236 4485 1419 4570 dignemini
1432 4486 1542 4571 provi-

182 4586 261 4651 dere
275 4588 329 4652 vel
345 4587 387 4652 (10
403 4608 474 4652 can.
490 4596 525 4652 et
547 4590 637 4674 preb.
654 4589 732 4653 eccl.
750 4589 780 4654 S.
806 4587 1008 4653 Donatiani¹²
1035 4587 1221 4672 BrugensiS,
1247 4588 1430 4655 Tomacen.
1456 4589 1541 4656 dioc.

226 4689 419 4859 1101111111νὶ0.
433 4814 513 4860 non.
528 4793 607 4861 febr.
622 4804 655 4860 a⁰
675 4804 711 4860 1⁰.
729 4796 779 4879 (2,
797 4802 878 4879 22l').

215 4980 244 5041 a)
259 4980 316 5030 (bd.
331 4981 432 5030 Donati.
