3650 5675
286 530 349 595 476
796 525 885 601 1349,
906 524 994 589 1325
1016 525 1143 589 octobre.

288 677 525 758 Curtracensis,
542 676 729 741 Tomacen.
746 675 843 755 dioc,
865 682 900 739 et
928 674 1051 739 ca11.S.
1071 673 1161 738 Petn'
1188 672 1349 755 Ariensis,
1367 671 1536 743 Morinen.
1551 675 1650 758 dioc,

289 785 349 847 sub
366 800 441 867 exp.
451 783 543 866 preb.
559 780 707 845 noscitur
723 777 886 844 obtinere.
898 816 942 827 --
959 776 1037 842 Fiat
1053 776 1094 841 R.

334 887 412 952 Dat.
428 886 526 950 Avin.
545 906 562 969 3
578 885 623 950 id.
639 892 706 950 oct.
722 892 755 949 6ο
772 886 814 949 8⁰.
828 883 902 968 (18,
918 884 1004 967 43').

344 1023 478 1107 1831.
1303 1053 1398 1119 1399,
1415 1055 1455 1118 13
1472 1036 1622 1100 octobre·
1643 1054 1646 1059 ·

333 1140 433 1226 Supp.
457 1139 558 1203 irater
575 1135 756 1221 Remigius,
782 1137 883 1222 episc.
912 1135 1146 1222 (1661661661,
1163 1150 1257 1227 quat.
1288 1135 1443 1205 Henrr‘co
1458 1137 1616 1205 Braderic
1631 1150 1652 1218 ²,

290 1243 460 1331 oppidano
477 1240 648 1326 Brugensi,
673 1241 862 1308 Tornacen.
877 1241 976 1324 dioc,
1002 1265 1044 1309 ex
1071 1246 1218 1331 antiquis
1246 1245 1356 1311 amico
1381 1243 1653 1334 su0,concedere

289 1346 470 1433 dignemini
486 1366 547 1431 per
561 1353 690 1413 vestras
705 1346 834 1411 litteras
846 1344 1054 1429 facultatem,
1064 1356 1103 1414 ut
1118 1349 1208 1415 idem
1223 1349 1395 1415 Henricus
1409 1349 1514 1437 possit
1529 1348 1563 1413 in
1578 1368 1654 1433 pro·

289 1451 362 1537 prio
386 1449 490 1514 fundo
515 1448 708 1533 patrimonii
736 1448 785 1513 sui
810 1447 852 1513 de
872 1450 972 1517 botris
996 1452 1062 1517 suis
1089 1462 1282 1519 construere
1310 1474 1414 1519 unam
1430 1452 1595 1538 capellam
1619 1451 1655 1515 in

290 1556 452 1620 bonorem
469 1550 506 1617 B.
525 1550 574 1617 M.
591 1550 641 1631 V.,
659 1560 693 1616 et
708 1551 827 1617 dotare
852 1553 998 1619 eandem
1020 1555 1055 1619 in
1080 1556 1343 1642 vigintiquatuor
1370 1556 1462 1623 libris
1487 1554 1654 1621 Turonen.

289 1678 471 1744 parvorum
487 1658 587 1723 annui
606 1665 640 1721 et
656 1656 808 1742 perpetui
832 1657 991 1740 redditus
1007 1658 1135 1746 sibique
1160 1671 1195 1727 et
1221 1661 1467 1728 successoribus
1493 1659 1560 1725 suis
1575 1679 1655 1727 con-

290 1764 408 1828 cedere
439 1770 603 1845 quatenus
624 1762 679 1846 jus
709 1762 925 1846 presentandi
953 1753 1147 1830 addictam
1172 1766 1337 1852 capellam
1362 1764 1430 1831 loci
1461 1764 1655 1850 dyocesano

290 1866 505 1953 capellanum
520 1866 702 1951 ydoneum,
719 1865 856 1931 licentia
871 1866 990 1932 decani
1006 1876 1042 1933 61
1060 1870 1196 1955 capituli
1213 1869 1245 1936 S.
1262 1869 1449 1935 Donatiani
1465 1867 1654 1953 BrugensiS,

291 1972 325 2036 in
352 1992 494 2057 quorum
520 1976 704 2055 patronatu
729 1969 918 2053 hujusmodi
944 1972 1147 2037 territorium
1174 1973 1298 2055 existit,
1317 1972 1460 2038 minime
1486 1972 1654 2057 requisita,

291 2076 459 2161 pertineat
474 2074 508 2138 in
524 2073 682 2152 futurum,
705 2072 778 2156 jure
791 2079 905 2137 tamen
927 2075 1143 2157 parrochialis
1158 2076 1311 2157 ecclesie,
1327 2077 1361 2141 in
1377 2097 1443 2160 qua
1466 2074 1654 2161 hujusmodi
1688 2155 1690 2158 Ι

293 2180 421 2265 capella
437 2178 596 2257 extiterit,
613 2196 744 2261 semper
760 2176 864 2241 salvo
877 2216 921 2225 -—
938 2177 1014 2243 Fiat
1030 2177 1070 2244 R.

336 2282 417 2347 Dat.
432 2281 534 2346 Avin.
552 2301 569 2363 3
586 2279 630 2345 id.
647 2286 713 2345 oct.
730 2286 764 2343 a⁰
780 2281 823 2344 8⁰.
839 2280 911 2363 (18,
929 2281 998 2364 46).

348 2417 488 2503 1832.
887 2440 890 2445 “
1307 2452 1458 2519 134917
1473 2436 1612 2499 octobre.

338 2537 439 2623 Supp.
466 2535 625 2601 Matheus
652 2532 766 2616 Barra,
793 2535 956 2621 presbiter
982 2535 1167 2603 Tomacen.
1192 2538 1290 2619 dioc,
1318 2546 1410 2622 quat.
1437 2538 1498 2604 sibi
1523 2537 1565 2603 (16
1580 2541 1657 2602 ben.

295 2640 377 2706 eccl.
403 2639 447 2706 ad
471 2639 569 2705 coll...
593 2638 729 2725 capituli
761 2640 901 2705 ecclesie
932 2639 1151 2706 Cameracen.
1185 2641 1368 2727 dignemini
1404 2640 1590 2727 providere.
1615 2680 1659 2690 —

295 2742 427 2914 rlaldabd
431 2794 538 2914 11νί11.
559 2852 596 2912 16
612 2846 679 2912 kal.
692 2868 770 2912 nov.
788 2855 821 2912 a⁰
838 2849 880 2912 8⁰.
898 2850 970 2933 (18,
987 2849 1072 2934 49').

351 2987 495 3074 1833·
1305 3021 1401 3086 1349,
1418 3019 1459 3064 ar
1475 3000 1615 3065 octobre.

343 3102 443 3170 Motu
458 3103 593 3190 proprio
608 3102 818 3188 indulgemus
842 3103 994 3170 Henn‘co
1014 3104 1057 3169 de
1073 3102 1183 3170 Lewis
1198 3123 1219 3185 ³,
1235 3103 1503 3183 Leodiendioc,
1519 3122 1608 3186 mag.
1624 3101 1659 3166 in

298 3208 403 3273 theol.
419 3214 454 3272 61
470 3207 503 3271 in
520 3213 582 3271 art.
593 3213 628 3270 et
643 3205 676 3270 in
692 3206 860 3272 medicina
874 3207 939 3289 lic,
952 3207 1042 3292 quod
1057 3208 1261 3273 auctoritate
1272 3216 1458 3275 nostrarum
1473 3207 1661 3271 litterarum

299 3311 560 3402 apostolicarum
572 3309 633 3374 sibi
650 3309 692 3375 de
709 3332 783 3377 can.
795 3313 855 3376 sub
878 3332 954 3396 exp.
967 3314 1058 3397 preb.
1068 3321 1104 3377 et
1119 3312 1291 3396 dignitatis
1307 3332 1367 3378 seu
1382 3309 1484 3377 officii
1500 3308 1661 3375 Leodien.

300 3412 381 3480 eccl.
389 3435 584 3481 concessam
594 3415 798 3501 prebendam
811 3415 912 3501 ipsius
928 3415 1069 3481 ecclesie
1085 3416 1333 3502 quamprimum
1348 3414 1662 3499 vacaverit...p0ssit

298 3528 484 3606 acceptare,
511 3540 579 3584 non
605 3521 691 3584 obst.
717 3518 944 3584 reservatione
972 3527 1031 3584 aut
1057 3518 1269 3585 ordinatione
1296 3519 1590 3604 quibuscumque...
1616 3557 1662 3566 —

299 3623 377 3690 Fiat
393 3623 435 3690 de
451 3623 730 3689 reservationibus
745 3623 945 3722 specialibus
960 3643 1020 3709 per
1033 3643 1097 3688 nos
1112 3622 1209 3689 sactis
1233 3621 1274 3689 R.
1290 3663 1334 3672 —
1350 3621 1427 3687 Fiat
1443 3621 1485 3686 R.

343 3727 422 3794 Dat.
439 3728 539 3792 Avin.
561 3748 596 3792 12
621 3723 784 3792 11616611.
801 3732 835 3791 a⁰
852 3727 892 3790 8⁰.
910 3726 982 3810 (18,
1001 3727 1069 3810 55).

354 3866 497 3951 1834.
1305 3897 1401 3961 1399,
1420 3897 1462 3958 25
1478 3878 1616 3941 octobre.

342 3981 443 4068 Supp.
471 3980 711 4065 G(uillelmus),
743 3979 934 4045 vicecomes
958 3977 1138 4046 Bellifortis
1164 3988 1198 4045 61
1215 3978 1322 4070 Mote,
1350 3988 1440 4065 quat.
1456 3981 1662 4046 decanatum

300 4088 443 4153 ruralem
460 4085 502 4150 de
519 4083 693 4167 Hemaya,
709 4083 797 4149 dioc.
814 4082 1032 4148 Cenomanen
1037 4134 1088 4165 .....
1102 4106 1201 4169 quem
1212 4105 1299 4170 mag.
1316 4084 1434 4150 Petrus
1449 4084 1492 4150 de
1509 4083 1661 4164 Foresta,

299 4192 426 4257 electus
441 4197 476 4254 61
491 4193 666 4274 promotus
691 4208 751 4273 per
766 4187 798 4254 S.
814 4185 855 4252 V.
871 4188 906 4251 in
929 4189 1124 4273 episcopum
1149 4187 1335 4255 Tomacen.
1350 4201 1362 4236 ⁴
1378 4188 1518 4268 obtinet,
1545 4187 1662 4272 digne·

298 4294 380 4360 mini
396 4313 564 4358 reservare
580 4290 819 4358 conferendum
842 4312 929 4376 mag.
946 4291 1085 4377 Symoni
1100 4291 1143 4357 (16
1158 4291 1270 4372 Vates,
1284 4290 1499 4357 Lemovicen.
1514 4290 1600 4356 dioc.
1617 4331 1662 4341 -—

300 4397 377 4462 Fiat
400 4396 441 4462 R.
1003 4452 1007 4462 ,

340 4500 420 4566 Dat.
435 4500 536 4570 Avin.
554 4501 571 4564 8
596 4498 664 4592 kal.
679 4519 759 4564 nov.
775 4505 808 4564 a⁰
831 4501 874 4572 8⁰.
899 4500 971 4584 (18,
989 4500 1056 4584 55).

303 4657 541 4679 Ὗ--Ἧ-Ὑ-
644 4672 647 4678 .

330 4743 351 4789 l.
364 4741 437 4789 Remi
449 4740 481 4788 de
494 4739 624 4798 Rlorence,
637 4741 669 4789 de
681 4739 781 4788 l'Ordrc
792 4741 837 4788 des
850 4741 964 4789 [drmites
974 4741 1006 4789 de
1027 4742 1052 4788 S.
1070 4741 1206 4801 Augustin,
1228 4737 1330 4786 nomme
1340 4737 1440 4800 bquue
1458 4738 1491 4787 de
1503 4738 1659 4788 Gomucchlo

297 4814 400 4877 (116116)
418 4814 442 4863 16
461 4817 493 4862 22
512 4811 570 4874 juin
590 4815 652 4862 1349
674 4813 779 4876 (Eubel,
800 4814 821 4874 I,
841 4815 908 4874 2011),
930 4811 1090 4862 transtereb
1108 4814 1202 4862 Pistoie
1221 4813 1246 4862 le
1264 4815 1296 4860 26
1315 4813 1381 4860 avril
1400 4813 1463 4862 1857
1481 4812 1534 4875 (it,
1546 4813 1616 4872 tto.)
1627 4839 1661 4847 —

297 4891 321 4937 2.
337 4887 445 4936 Famille
465 4887 598 4948 brugeoise
621 4887 680 4936 bien
698 4901 805 4936 connue.
830 4887 871 4936 Un
884 4888 966 4936 Henri
986 4887 1108 4936 Brederic
1128 4888 1210 4949 figure
1229 4887 1253 4935 le
1271 4883 1661 4946 261611161361υ111616ὀα

297 4961 413 5009 carebia-es
423 4959 455 5008 de
466 4959 492 5008 16
505 4957 605 5008 cillode
617 4959 725 5023 Bruges,
737 4961 849 5021 Chartes,
863 4965 882 5010 t.
894 4961 929 5020 11,
941 4975 965 5024 p.
977 4961 1070 5021 76).-
1080 4961 1103 5009 3.
1115 4961 1178 5008 Voir
1188 4975 1214 5008 n.
1227 4961 1297 5022 1580,
1311 4961 1381 5009 1804.
1393 4987 1427 4998 -
1443 4962 1465 5009 1.
1477 4960 1660 5016 1161161763.
