3650 5675
299 479 360 543 144
832 475 920 547 1844.
944 476 979 539 18
997 475 1127 556 janvier.

344 634 427 695 625.
460 626 549 693 Item
575 647 670 712 supp.
698 626 885 693 Willelmus
914 626 958 692 de
988 626 1226 709 Duvenvorde,
1257 629 1347 695 dom.
1374 630 1417 695 de
1447 630 1663 713 Oesterhout,

302 733 546 800 dominorum...
562 731 656 796 ducis
673 730 855 796 Brabantie
871 737 947 795 04...
965 730 1099 796 comitis
1110 730 1295 816 Haynonie
1308 735 1517 801 consiliarius
1528 743 1548 816 ¹,
1570 744 1663 820 quat.

301 837 470 921 cumipse,
487 835 625 920 cupiens
640 842 773 901 terrena
789 835 823 899 in
840 833 977 900 celestia
1004 842 1222 917 commutare,
1246 857 1308 922 pro
1332 858 1390 903 sue
1418 859 1459 903 ac
1485 848 1662 924 parentum

300 952 335 1008 04
357 942 609 1028 progenitorum
632 962 766 1007 suorum
793 940 980 1006 animarum
1006 940 1123 1019 salute,
1149 938 1288 1005 fundare
1316 940 1478 1027 inceperit
1502 943 1536 1006 in
1560 943 1663 1009 fundo

301 1046 445 1132 proprio,
461 1045 626 1130 acquisito
642 1066 702 1131 per
717 1065 795 1109 eum
809 1043 852 1110 de
867 1065 970 1125 novo,
986 1043 1157 1128 quoddam
1184 1044 1426 1110 monasterium
1453 1066 1603 1112 sororum
1620 1046 1662 1113 O.

300 1150 332 1215 S.
349 1149 445 1215 Clare
461 1160 481 1229 ²,
498 1148 583 1214 infra
600 1149 790 1214 libertatem
806 1148 896 1233 opidi
923 1146 1157 1228 Bruxellensis,
1174 1147 1207 1212 in
1235 1149 1312 1214 loco
1336 1148 1430 1215 dicto
1446 1149 1662 1236 Opbruxella,

301 1253 519 1319 Cameracen.
534 1252 632 1333 (1400,
648 1260 683 1317 04
707 1252 789 1318 illud
815 1252 933 1317 dotare
960 1272 1064 1335 usque
1091 1252 1135 1317 ad
1160 1252 1310 1317 valorem
1339 1258 1401 1319 600
1417 1254 1488 1320 flor.
1504 1255 1558 1319 vel
1574 1255 1662 1321 circa

300 1358 403 1421 annui
420 1365 455 1422 et
470 1376 563 1442 perp.
592 1376 721 1437 census,
737 1356 780 1421 ad
804 1355 1111 1421 substentationem
1135 1356 1300 1421 dictarum
1324 1377 1475 1423 sororum
1501 1367 1537 1424 et
1561 1362 1661 1424 abba-

300 1461 380 1526 tisse
395 1460 476 1525 inibi
493 1461 699 1541 collocande,
717 1460 760 1525 ad
775 1458 1044 1525 nominationem
1059 1459 1141 1525 dicti
1154 1458 1314 1525 Willelmi
1329 1462 1583 1546 ponendarum;
1600 1463 1660 1529 sibi

300 1563 515 1638 construendi
543 1573 577 1629 04
602 1563 762 1630 fundandi
786 1563 912 1629 dictum
938 1563 1191 1643 monasterium,
1219 1584 1296 1629 cum
1321 1568 1415 1645 eccl,
1431 1566 1611 1652 campanili
1627 1575 1662 1631 et

301 1670 484 1755 campanis,
501 1678 536 1735 et
565 1670 720 1736 omnibus
751 1669 947 1735 necessariis
977 1667 1130 1749 officinis,
1157 1689 1292 1735 necnon
1323 1669 1457 1749 ibidem,
1481 1678 1661 1755 postquam

302 1782 532 1840 constructum
549 1782 584 1839 et
610 1773 764 1839 dotatum
791 1773 899 1855 fuerit,
916 1782 953 1838 ut
978 1773 1192 1858 prefertur,...
1219 1773 1424 1839 abbatissam
1439 1783 1474 1839 et
1497 1774 1662 1840 moniales

304 1876 490 1943 collocandi
503 1876 652 1961 ejusdem
668 1876 802 1957 ordinis,
815 1898 880 1961 que
896 1877 1132 1961 congaudeant
1147 1878 1303 1941 omnibus
1317 1878 1506 1963 privilegiis,
1516 1879 1661 1958 statutis

303 1989 339 2046 et
355 1980 661 2061 consuetudinibus
679 1980 797 2064 quibus
813 1980 876 2047 alie
892 1980 1042 2065 ejusdem
1065 1980 1190 2046 ordinis
1217 1988 1295 2046 sunt
1318 1982 1518 2066 premunite,
1543 2002 1661 2048 conce-

302 2086 381 2153 dere
397 2084 578 2170 dignemini
595 2104 654 2171 per
669 2093 798 2149 vestras
823 2084 951 2150 litteras
975 2084 1170 2149 facultatem
1197 2093 1232 2151 et
1257 2085 1441 2152 licentiam.
1456 2125 1499 2135 -
1527 2084 1604 2151 Fiat
1627 2086 1660 2149 in

303 2189 409 2255 forma
427 2187 467 2253 R.

344 2333 427 2394 626.
446 2325 534 2391 Item
550 2345 644 2412 supp.
660 2325 835 2403 Jolrannes
858 2326 968 2391 dictus
993 2325 1130 2392 Coslaer
1144 2340 1166 2408 ³,
1193 2328 1299 2409 miles,
1324 2327 1538 2395 Cameracen.
1565 2328 1661 2407 (1400,

301 2429 403 2495 444404
429 2438 464 2495 04
487 2429 687 2495 camerarius
711 2429 885 2511 Johannis,
911 2429 1005 2496 ducis
1030 2428 1222 2512 Brabantie,
1248 2439 1340 2515 quat.
1368 2432 1477 2497 eidem
1500 2441 1535 2498 04
1568 2431 1661 2498 uxori

300 2555 368 2615 sue,
385 2536 491 2599 altare
506 2532 666 2619 portatile
681 2532 865 2618 dignemini
883 2533 1065 2619 indulgere.
1076 2575 1120 2584 -
1136 2533 1214 2600 Fiat
1231 2534 1271 2601 R.

343 2678 425 2739 627.
444 2671 532 2737 Item
549 2691 644 2757 supp.
661 2671 830 2738 Arnoldus
841 2672 966 2757 Ayken
978 2682 998 2753 ⁴,
1015 2693 1088 2737 can.
1101 2675 1161 2737 sub
1178 2694 1253 2759 exp.
1263 2676 1354 2759 preb.
1368 2675 1449 2739 eccl.
1460 2673 1658 2759 Traiecten,

299 2776 490 2843 notarius...
509 2776 602 2842 ducis
618 2775 810 2859 Brabantie,
827 2784 919 2862 quat.
936 2777 1045 2843 eidem
1068 2777 1111 2843 de
1126 2779 1362 2864 supplemento
1377 2799 1451 2845 vac.
1467 2782 1521 2844 vel
1547 2786 1658 2845 vacat.

300 2879 333 2943 in
349 2880 440 2945 dicta
455 2881 536 2945 eccl.
553 2878 743 2964 Trajecten.
761 2879 943 2964 dignemini
961 2879 1147 2965 providere.
1163 2921 1207 2930 -
1224 2880 1300 2946 Fiat
1317 2882 1356 2948 R.

343 3025 427 3085 628.
446 3017 534 3082 Item
544 3037 639 3103 supp.
658 3015 788 3083 Hector
798 3017 907 3083 dictus
920 3016 962 3083 de
973 3019 1098 3098 Asclra,
1112 3022 1200 3100 cler,
1213 3019 1255 3085 de
1265 3019 1471 3084 subdiacono
1480 3020 1612 3104 genitus
1622 3028 1656 3084 et

300 3122 420 3202 soluta,
437 3128 539 3205 quat,
555 3119 744 3206 hujusmodi
760 3119 825 3185 des.
841 3128 911 3187 nat.
928 3142 998 3186 non
1014 3125 1110 3203 obst,
1124 3123 1229 3208 possit
1244 3122 1287 3188 ad
1303 3143 1419 3187 omnes
1434 3123 1567 3188 ordines
1581 3144 1658 3209 pro·

299 3224 426 3290 moveri
443 3233 477 3289 04
493 3227 569 3291 1404.
586 3226 668 3290 0001.
685 3245 714 3290 c.
731 3225 831 3290 0401
857 3245 883 3290 s,
909 3246 937 3290 c.
963 3225 1054 3289 licite
1082 3226 1243 3307 obtinere,
1260 3225 1472 3292 (1444444404
1496 3226 1580 3292 alias
1595 3227 1657 3292 sibi

299 3328 462 3394 canonice
478 3328 677 3409 conseratur,
702 3329 886 3413 dignemini
913 3329 1118 3414 dispensare.
1144 3371 1188 3382 -
1215 3330 1293 3396 Fiat
1315 3330 1358 3396 de
1372 3352 1442 3397 uno
1469 3353 1498 3398 0.
1525 3352 1566 3412 0.,
1593 3332 1660 3397 4140

300 3453 325 3497 s.
343 3453 371 3498 0.
388 3431 428 3498 R.

303 3583 304 3586 ’
341 3575 422 3637 629.
443 3569 498 3633 Sm‘
515 3569 624 3634 Pater.
641 3570 726 3636 Cum
753 3573 784 3638 S.
801 3571 840 3637 V.
867 3593 959 3637 anno
984 3573 1130 3658 presenti
1157 3573 1274 3639 fecerit
1300 3573 1514 3639 beneficiales
1537 3573 1658 3658 gratias

297 3675 467 3760 speciales,
484 3673 642 3740 videlicet
653 3675 697 3740 ad
712 3677 850 3761 suppl...
868 3676 962 3743 ducis
973 3676 1165 3756 Brabantie,
1179 3677 1349 3743 Willelmo
1360 3676 1657 3763 Limpiaespresb,

296 3776 445 3855 Johanni
471 3778 513 3845 de
540 3778 691 3858 Herlaer,
719 3787 754 3843 et
780 3777 930 3857 Johanni
946 3779 988 3845 de
1012 3779 1260 3860 Wickenvorst,
1285 3780 1413 3846 clericis
1440 3780 1657 3846 Cameracen.

296 3881 393 3964 (1400,
418 3903 458 3948 40
486 3881 660 3948 Florentio
683 3883 725 3949 de
754 3882 870 3964 Horst,
886 3883 1007 3950 rectori
1032 3884 1184 3968 parroch.
1201 3885 1284 3950 eccl.
1296 3884 1339 3950 de
1365 3885 1476 3964 Aerle,
1496 3883 1657 3949 Leodien.

295 3985 382 4052 dioc.
399 4010 407 4065 ;
424 3993 435 4030 ⁵

339 4130 423 4190 630.
449 4123 538 4189 Item
553 4123 595 4188 ad
611 4125 750 4211 supplic.
766 4123 988 4206 scabinorum,
1011 4125 1199 4210 juratorum
1223 4134 1258 4190 et
1285 4125 1414 4190 consilii
1433 4124 1523 4210 opidi
1548 4123 1656 4190 Lova-

296 4226 429 4310 niensis,
446 4227 465 4305 J
469 4228 593 4293 ohanni
609 4229 651 4294 de
670 4227 885 4309 Hoesdenne,
902 4230 1024 4294 clerico
1039 4227 1199 4295 Leodien.
1216 4229 1304 4295 dioc.
1320 4229 1332 4264 ⁶

329 4471 351 4516 1,
364 4468 501 4530 Galesloot,
514 4472 569 4518 290.
580 4497 613 4505 -
624 4473 647 4518 2.
660 4470 779 4530 Mimans
795 4470 842 4534 op.
854 4471 926 4535 dipl,
945 4471 965 4531 1,
978 4473 1082 4520 leo-451
1096 4473 1158 4534 ;1v‚
1171 4473 1279 4521 597-598
1294 4487 1300 4529 ;
1314 4471 1404 4530 Eubcl,
1423 4469 1497 4518 Ball.
1519 4470 1656 4528 Fraieciac,

295 4541 340 4599 1’1,
354 4555 379 4602 p.
392 4543 445 4600 143,
458 4557 483 4591 n.
495 4546 551 4591 256.
570 4544 606 4592 Le
626 4546 656 4591 19
668 4544 734 4592 avril
748 4545 817 4604 1340,
837 4543 954 4593 (1104440444
971 4545 1007 4592 Vl
1026 4548 1140 4593 autorisa
1161 4545 1281 4603 Mathias,
1302 4543 1398 4604 040440
1415 4542 1623 4599 (10140οἱ40ηά0,
1641 4544 1657 4590 (1

295 4629 428 4663 consecrer
445 4614 540 4676 l'dglise
556 4617 592 4665 du
604 4623 715 4666 convent
733 4617 808 4680 (Ill-p.
834 4618 921 4676 114440,
934 4625 953 4667 4.
966 4621 1020 4679 108,
1036 4621 1055 4669 f.
1072 4622 1155 4678 375v3
1176 4619 1261 4667 Reme
1280 4616 1452 4674 Benedictus»,
1472 4619 1541 4676 1903,
1559 4622 1578 4665 t.
1595 4615 1657 4674 XX,

296 4690 420 4738 abu-nob:
439 4689 528 4749 Eubcl,
542 4690 616 4739 Ball.
629 4691 730 4751 4114440,
743 4691 787 4748 VI,
801 4705 843 4754 pp.
857 4694 969 4751 lli-liti,
983 4708 1008 4742 n.
1020 4693 1090 4756 300).
1101 4721 1134 4728 -
1145 4695 1169 4742 3.
1188 4693 1285 4741 Bitanl
1301 4692 1337 4740 du
1354 4691 1405 4740 duc
1421 4691 1487 4739 Jean
1506 4691 1532 4738 II
1551 4691 1583 4740 de
1596 4689 1657 4738 Bra·

296 4762 360 4809 bant
371 4778 376 4820 ;
388 4762 498 4822 nillema
512 4763 618 4824 indique
631 4779 729 4813 comme
746 4765 864 4824 seigneur
875 4766 907 4813 (10
916 4766 1030 4813 1114144444
1042 4767 1091 4824 gol.
1101 4767 1187 4815 Berua
1198 4765 1300 4824 11044041,
1322 4765 1392 4823 1903,
1406 4763 1467 4815 XX.
1486 4767 1552 4815 250:
1570 4762 1657 4811 Gales·

296 4835 355 4894 loot,
369 4837 407 4894 29,
422 4838 451 4884 72
462 4853 467 4896 ;
480 4838 535 4884 voir
547 4837 605 4900 plus
617 4838 687 4899 144444,
701 4853 725 4887 4.
739 4839 863 4888 llo-4.
876 4839 1067 4899 B1·om,n.1107
1080 4857 1086 4900 ;
1100 4841 1199 4899 Kirscb,
1210 4839 1285 4899 Koll,
1298 4840 1354 4888 286.
1364 4840 1426 4886 -5.
1435 4837 1531 4886 Voirn.
1541 4837 1656 4885 400469.

295 4910 358 4956 -tt
371 4908 432 4956 Voir
444 4924 468 4958 n.
481 4911 536 4960 471.
