3650 5675
284 533 347 597 630
837 533 926 607 1352,
948 534 967 597 a
985 532 1095 613 juillet.

285 700 380 765 supp.
397 678 506 745 dictus
521 681 706 766 episcopus,
724 688 815 763 quat.
832 679 925 744 dicto
942 678 1084 745 Hinn'co
1100 679 1296 764 ampliorem
1314 680 1455 765 gratiam
1471 680 1645 761 facientes,

286 783 328 847 de
356 783 541 869 capellania
567 785 695 869 capelle
720 783 751 848 S.
782 782 916 866 Georgii
946 781 1178 866 Trajectensis,
1209 782 1370 849 Leodien.
1407 784 1505 864 dioc,
1544 805 1643 868 quam

288 885 466 963 Jolrannes
477 886 519 951 de
534 885 553 962 J
557 908 658 953 ecora
671 887 751 952 dum
768 887 896 951 viveret
912 886 1099 965 obtinebat,
1126 886 1182 969 qui
1198 886 1391 952 accedendo
1406 886 1449 953 ad
1465 886 1594 953 Urbem
1611 888 1644 952 in

288 1011 408 1055 annoa
421 992 598 1057 nativitate
610 992 746 1058 Domini
759 989 987 1071 M⁰.CCC‘¹.L⁰,
999 1011 1061 1075 pro
1072 990 1266 1055 remissione
1279 999 1495 1075 peccatorum
1510 1012 1645 1057 suorum

286 1093 481 1175 obtinenda,
509 1095 542 1159 in
570 1096 642 1182 ipso
668 1095 786 1161 itinere
812 1095 902 1160 diem
930 1095 1048 1160 clausit
1086 1103 1284 1174 extremum,
1310 1103 1464 1175 vacante,
1492 1096 1595 1160 etiam
1618 1096 1645 1160 si

288 1200 405 1281 quovis
422 1200 488 1264 alio
504 1200 606 1265 modo
621 1209 731 1280 vacet,
748 1200 857 1265 eidem
872 1200 1055 1283 dignemini
1071 1199 1255 1284 providere,
1279 1200 1358 1265 licet
1384 1220 1444 1284 per
1467 1199 1645 1283 quendam,

287 1301 330 1365 de
346 1301 436 1367 sacto
451 1324 510 1387 per
526 1324 651 1368 annum
668 1302 858 1387 etamplius
884 1302 1014 1367 dicatur
1030 1309 1195 1387 occupata
1209 1323 1218 1381 ;
1243 1322 1311 1366 non
1338 1305 1425 1367 obst.
1452 1302 1542 1386 quod
1568 1303 1645 1367 ben.

288 1408 369 1470 eccl.
386 1426 415 1470 c.
432 1426 459 1471 c.
476 1408 530 1471 vel
546 1428 570 1471 s.
588 1428 627 1487 c.,
644 1414 800 1492 spectans
816 1406 859 1471 ad
875 1406 1093 1471 collationem
1115 1404 1235 1471 decani
1259 1405 1400 1471 ecclesie
1427 1404 1644 1485 ZozaciensiS,

285 1509 376 1573 dicte
392 1509 488 1590 dioc,
504 1510 538 1574 in
555 1510 661 1575 sonna
677 1509 857 1591 communi,
874 1518 909 1573 et
925 1509 969 1574 ad
980 1509 1198 1574 collationem
1207 1508 1326 1575 decani
1342 1517 1377 1573 et
1386 1510 1523 1594 capituli
1537 1509 1644 1574 eccle·

287 1612 335 1676 sie
351 1612 382 1677 S.
400 1612 545 1679 Castoris
561 1612 782 1695 Confluentie,
799 1613 978 1679 Treveren.
993 1614 1090 1695 dioc,
1101 1614 1264 1680 canonice
1278 1614 1428 1679 noscitur
1439 1621 1618 1699 expectare
1634 1638 1642 1687 ;

286 1727 322 1781 et
339 1716 472 1802 insuper
486 1718 529 1781 de
544 1719 685 1783 uberiori
701 1718 791 1783 dono
815 1718 920 1803 gratie
946 1727 984 1781 ut
998 1716 1125 1782 dictam
1152 1717 1372 1802 capellaniam
1399 1738 1456 1781 seu
1480 1718 1643 1802 capellam

288 1838 354 1885 una
372 1842 447 1884 curn
463 1821 628 1886 beneficio
644 1823 698 1887 vel
713 1821 895 1903 beneficiis
912 1822 939 1886 si
955 1820 1045 1906 quod
1060 1822 1114 1884 vel
1131 1842 1205 1905 qne,
1222 1821 1336 1905 vigore
1345 1819 1509 1886 dictarum
1525 1821 1645 1905 gratia-

288 1936 377 2003 rum,
388 1924 484 1989 simul
500 1925 554 1988 vel
571 1926 766 2007 successive,
784 1936 1017 2011 consequatur,
1034 1926 1130 1990 simul
1147 1925 1237 1990 licite
1261 1934 1377 1990 tenere
1403 1926 1528 2003 valeat,
1552 1923 1645 1990 dicto

287 2028 421 2094 delectu
448 2049 516 2094 non
542 2032 637 2108 obst,
663 2050 740 2093 cum
758 2030 849 2095 dicto
878 2028 1028 2095 Henrico
1054 2028 1310 2094 misericorditer
1325 2028 1526 2115 dispensare,
1550 2037 1586 2093 ut
1610 2028 1644 2092 in

289 2132 417 2211 sorrna3
435 2141 469 2197 et
485 2153 561 2197 cnm
578 2132 651 2197 aliis
665 2153 734 2197 non
751 2137 858 2199 obst...
874 2175 918 2182 —
935 2132 1011 2198 Fiat
1029 2132 1068 2197 R.
1087 2171 1118 2180 -
1140 2132 1185 2198 Et
1208 2140 1381 2197 remaneat
1396 2132 1457 2197 sibi
1472 2132 1586 2216 gratia.
1604 2130 1645 2195 R.

298 2247 303 2259 ’
332 2235 411 2301 Dat.
428 2236 528 2300 Avin.
547 2256 563 2299 2
581 2257 660 2301 non.
673 2237 745 2321 julii
762 2246 795 2302 a⁰
815 2245 875 2302 11⁰.
894 2238 970 2319 (22,
987 2237 1072 2321 49*')-

339 2372 1428 2469 24231352,
1445 2386 1465 2448 6
1476 2384 1599 2465 juillet.

332 2491 432 2577 Supp.
449 2491 569 2571 Guido,
587 2492 744 2557 Portuen.
760 2492 936 2577 episcopus
951 2491 1140 2572 cardinalis,
1157 2499 1248 2575 quat.
1275 2490 1352 2575 [suo
1375 2487 1526 2554 familiari
1554 2486 1646 2552 cubi-

287 2595 414 2660 culario
429 2597 605 2682 Arnulplro
631 2597 673 2663 de
697 2597 820 2689 Ardep,
846 2598 968 2662 clerico
996 2595 1163 2661 Morinen.
1187 2595 1285 2674 dioc,
1301 2595 1429 2658 nullum
1444 2593 1553 2657 adhuc
1568 2592 1645 2655 ben.

289 2701 370 2764 eccl.
386 2700 569 2786 assecuto],
585 2700 768 2784 dignemini
784 2699 961 2785 providere
976 2700 1018 2765 de
1043 2699 1238 2785 capellania,
1256 2718 1356 2781 quam
1372 2716 1477 2782 nuper
1492 2696 1526 2760 in
1538 2696 1646 2760 eccle-

289 2803 336 2868 sia
354 2803 384 2868 S.
402 2803 585 2870 Donatiani
601 2803 789 2888 Brugensis,
805 2804 994 2870 Tonracen.
1004 2802 1102 2883 dioc,
1114 2805 1253 2868 tenebat
1264 2800 1283 2879 J
1287 2801 1437 2867 ohannes
1452 2799 1495 2866 de
1511 2797 1614 2864 Baers
1625 2814 1647 2878 ¹,

289 2906 344 2988 qui
362 2906 394 2969 in
413 2905 511 2970 Rom.
528 2907 617 2971 curia
632 2906 721 2971 diem
738 2927 833 2971 suurn
851 2905 972 2971 clausit
987 2914 1214 2970 extremum...
1233 2905 1370 2970 —Fiat
1387 2903 1426 2969 R.

334 3009 413 3075 Dat.
429 3011 529 3074 Avin.
548 3031 564 3074 2
582 3031 660 3074 non.
674 3009 746 3094 julii
762 3017 795 3073 a⁰
815 3017 873 3073 11⁰.
891 3011 966 3092 (22,
986 3009 1053 3092 52).

340 3146 488 3228 2424.
1338 3178 1376 3240 13
1379 3177 1432 3238 52,
1449 3159 1469 3220 6
1479 3156 1601 3238 juillet.

333 3264 422 3348 Sign.
439 3265 470 3328 S.
488 3263 526 3328 V.
544 3263 724 3328 Renaudus
739 3264 780 3328 de
799 3262 825 3326 F
828 3263 945 3341 oresio,
958 3262 1062 3341 miles,
1073 3260 1163 3345 quod
1181 3259 1407 3341 Hermannus,
1422 3260 1531 3325 dictus
1547 3258 1646 3322 Blan-

290 3366 365 3431 kart
380 3381 402 3448 ²,
420 3367 601 3432 canonicus
616 3367 756 3433 ecclesie
770 3365 807 3432 B.
825 3365 875 3431 M.
892 3366 1066 3450 Aquensis,
1083 3363 1242 3430 Leodien.
1258 3365 1355 3446 dioc,
1378 3388 1405 3431 <
1421 3364 1511 3447 quod
1526 3365 1595 3449 ipse
1611 3379 1639 3424 >

290 3471 369 3537 olim
397 3471 597 3537 decanatum
624 3471 725 3556 ipsius
753 3471 893 3537 ecclesie
918 3471 1035 3555 primu,
1063 3478 1097 3534 et
1124 3469 1246 3534 deiude
1271 3491 1345 3535 can.
1369 3477 1406 3534 et
1428 3472 1519 3555 preb.
1545 3469 1647 3553 ipsius

290 3574 430 3639 ecclesie
447 3573 607 3638 canonice
623 3585 803 3654 assecutus
828 3575 1031 3639 decanatum
1054 3573 1251 3660 predictum,
1277 3574 1332 3658 qui
1360 3573 1506 3656 dignitas
1529 3581 1645 3636 curata

290 3667 412 3758 existit,
428 3680 613 3763 perplures
637 3699 743 3742 annos
767 3677 905 3762 pacifice
922 3679 1041 3758 tenuit,
1057 3678 1100 3743 ad
1115 3677 1339 3743 sacerdotium
1364 3698 1431 3742 non
1447 3685 1623 3762 promotus
1638 3699 1647 3754 ;

290 3790 324 3846 et
341 3785 580 3866 subsequenter
595 3783 836 3868 preposituram
852 3782 993 3846 ecclesie
1009 3781 1208 3862 Werdensis,
1225 3780 1399 3846 Colonien.
1415 3781 1513 3860 dioc,
1529 3780 1647 3865 quede

290 3886 469 3950 collatione
486 3907 544 3950 seu
556 3887 629 3970 jure
646 3895 841 3972 patronatus
857 3887 1019 3952 laicorum
1035 3895 1069 3951 et
1085 3887 1186 3952 etiam
1203 3886 1347 3970 dignitas
1363 3896 1477 3951 curata
1494 3893 1555 3966 est,
1566 3884 1648 3950 alias

289 3989 350 4053 sibi
378 3991 518 4072 collata(
521 3994 570 4069 nr)
597 3991 738 4075 adeptus
765 3991 885 4069 extitit,
910 3991 1083 4074 dictosque
1115 3990 1317 4055 decanatum
1343 3998 1378 4054 et
1404 3988 1645 4074 preposituram

289 4093 385 4156 simul
402 4100 436 4156 et
453 4093 542 4177 (per)
560 4095 670 4178 plnres
685 4101 697 4126 ¹¹
712 4115 818 4158 annos
843 4103 972 4178 postet
998 4102 1115 4158 contra
1140 4093 1415 4158 constitutionem
1443 4113 1508 4176 que
1529 4091 1646 4176 incipit

291 4219 308 4258 r:
325 4195 534 4260 Erarrabilr's
550 4219 567 4258 >1
585 4197 725 4282 pacifice
741 4199 849 4262 tenuit
865 4205 899 4261 et
914 4196 1074 4282 possedit,
1090 4197 1215 4262 fructus
1240 4196 1427 4281 percipiens
1450 4216 1492 4259 ex
1508 4195 1645 4260 eisdem.

289 4299 374 4364 Cum
391 4307 505 4363 autem
521 4300 629 4365 dictus
647 4300 863 4365 Hennannns
878 4303 973 4387 plura
989 4303 1079 4365 bona
1095 4300 1220 4380 fecerit,
1233 4300 1405 4364 libertates
1417 4299 1520 4364 etiam
1534 4299 1645 4384 plures

288 4407 451 4468 bonorum
468 4404 569 4488 ipsius
585 4405 724 4470 ecclesie
740 4405 915 4489 Aquensis,
933 4405 1012 4468 olinr
1029 4404 1173 4470 dominis
1188 4401 1428 4488 temporalibus
1448 4402 1528 4487 jugo
1543 4402 1645 4466 servi-

288 4507 368 4571 tutis
384 4507 629 4588 submissorum,
646 4509 873 4594 procuraverit
888 4529 928 4572 ac
944 4508 1069 4572 fructus
1084 4529 1142 4593 per
1157 4529 1234 4572 eum
1250 4529 1291 4570 ex
1311 4506 1477 4571 decanatu
1493 4505 1646 4590 predicto

318 4702 347 4762 a)
359 4699 425 4757 ¹(bd.
439 4701 541 4764 pluries.

288 4821 536 4842 *—

298 4855 301 4862 ·
320 4891 341 4936 1.
362 4887 418 4934 citt
436 4903 467 4934 cn
489 4889 546 4935 1331
570 4887 678 4949 (arraz.
699 4890 753 4936 Soc.
774 4887 864 4946 abiut,
885 4889 909 4934 3e
929 4887 1000 4945 etr-ie,
1013 4890 1032 4933 t.
1046 4886 1075 4945 V,
1087 4900 1112 4948 p.
1125 4885 1193 4946 203).
1205 4911 1237 4918 —
1253 4886 1275 4932 2.
1290 4883 1479 4939 Voirn.·2197;
1493 4879 1644 4934 Sauerland,

288 4962 377 5008 naen.
394 4959 462 5018 111,
477 4975 500 5008 n.
513 4963 582 5020 ron,
597 4962 665 5020 irin,
678 4963 748 5009 arro.
