3650 5675
702 861 1022 962 enarrans
1058 867 1269 963 nunes

561 1141 619 1225 19
657 1144 757 1222 mai
797 1143 925 1229 1348
965 1191 1003 1200 -
1052 1145 1107 1230 18
1145 1148 1245 1227 mai
1284 1147 1413 1232 1349

360 1526 650 1615 1321-1322.
1375 1550 1469 1631 1348,
1487 1569 1528 1632 19
1545 1551 1621 1615 mai.

350 1647 450 1732 Supp.
478 1644 662 1724 Johannes,
689 1643 720 1708 S.
747 1644 867 1728 Angeli
894 1644 1055 1710 diaconus
1082 1645 1269 1729 cardinalis,
1298 1658 1389 1733 quat.
1420 1649 1594 1737 [Alcherio
1622 1651 1666 1718 de

308 1748 447 1830 Lanato,
478 1747 630 1833 scriptori
656 1755 691 1812 et
718 1747 871 1812 familiari
897 1756 1010 1814 vestro
1037 1769 1078 1814 ac
1105 1752 1282 1835 capellano
1308 1752 1399 1840 suo],
1415 1774 1489 1820 can.
1514 1764 1548 1822 et
1573 1759 1666 1842 preb.

307 1852 447 1918 ecclesie
474 1851 671 1917 Placentina
686 1858 846 1916 vacantes
872 1851 981 1917 eidem
998 1851 1189 1938 Asscherio)
1206 1854 1357 1921 conferre
1388 1857 1580 1942 dignemini,
1596 1879 1667 1926 non

307 1959 393 2022 obst.
409 1955 500 2040 quod
514 1956 549 2020 in
564 1954 732 2021 Vicentin.
749 1962 783 2019 et
806 1954 841 2018 in
868 1953 1055 2021 Nivellensi
1079 1957 1237 2039 ecclesiis,
1262 1958 1421 2026 Leodien.
1444 1960 1542 2042 dioc,
1565 1983 1667 2028 cano-

306 2060 439 2124 nicatus
453 2068 489 2124 et
503 2061 595 2146 preb.
611 2079 652 2124 ac
666 2059 700 2124 in
718 2059 853 2124 civitate
870 2066 904 2123 et
920 2059 1006 2126 dioc.
1020 2060 1214 2146 Pergamen.
1231 2063 1375 2147 quedam
1387 2065 1551 2152 simplicia
1566 2069 1667 2133 bene-

308 2161 423 2228 ficia...
441 2162 590 2227 noscitur
605 2162 767 2243 obtinere,
784 2182 824 2228 ac
839 2183 946 2247 nuper
961 2183 1034 2230 can.
1055 2173 1090 2229 et
1105 2168 1209 2251 preb,
1222 2186 1306 2249 quos
1321 2167 1355 2232 in
1372 2169 1454 2235 eccl.
1471 2169 1666 2255 Pergameo.

309 2266 493 2346 obtinebat,
510 2286 587 2332 cum
610 2264 777 2332 decanatu
801 2267 943 2333 ecclesie
957 2269 1195 2336 Archadiensis
1211 2271 1244 2336 in
1268 2272 1359 2337 curia
1375 2275 1611 2358 permutavit...
1629 2313 1662 2324 —

311 2370 386 2435 Fiat
404 2369 445 2436 R.

355 2523 457 2583 1322.
475 2515 563 2582 Item
589 2519 697 2604 suppl.
714 2528 805 2603 quat.
833 2518 942 2605 [Luce
969 2519 1149 2586 Christiani
1176 2522 1219 2588 de
1246 2522 1443 2605 Ferentino,
1469 2527 1668 2612 cappellano

308 2619 398 2707 suo],
414 2640 487 2686 can.
504 2628 538 2686 et
554 2624 645 2707 preb.
661 2643 701 2688 ac
716 2623 962 2708 preposituram
986 2623 1128 2690 ecclesie
1155 2625 1186 2693 S.
1202 2627 1367 2693 Antonini
1392 2626 1577 2696 Placentin.
1592 2650 1668 2696 vac.

309 2724 419 2791 eidem
434 2723 526 2790 Luce
542 2723 691 2790 conferre
706 2724 888 2810 dignemini
903 2748 912 2806 ;
941 2747 1009 2792 non
1026 2729 1111 2794 obst.
1127 2728 1218 2812 quod
1243 2729 1429 2796 custodiam
1456 2751 1481 2798 s.
1498 2752 1526 2797 c.
1542 2739 1577 2797 et
1592 2752 1667 2797 can.

309 2836 344 2894 et
358 2829 451 2915 preb.
466 2827 501 2893 in
518 2829 600 2895 eccl.
617 2829 648 2894 S.
666 2825 715 2895 M.
738 2827 987 2913 Namurcensis,
1014 2830 1173 2899 Leodien.
1196 2833 1293 2914 dioc,
1321 2844 1479 2902 noscatur
1506 2835 1667 2917 obtinere,

310 2953 351 2999 ac
366 2931 457 3017 quod
468 2931 595 2997 dudum
610 2933 642 2998 S.
658 2932 698 2999 V.
714 2932 756 2998 de
772 2934 871 3019 plebe
887 2942 1004 2999 curata
1021 2936 1161 3001 ecclesie
1171 2936 1202 3003 S.
1216 2937 1378 3023 Stephani
1393 2938 1435 3004 de
1452 2936 1667 3018 MamaschO,

310 3038 440 3104 Lunen.
466 3037 564 3118 dioc,
580 3036 689 3101 eidem
706 3035 830 3121 L(uce)
845 3037 990 3122 gratiam
1007 3039 1121 3105 fecerit
1136 3040 1328 3125 specialem.
1344 3082 1388 3091 -
1404 3041 1481 3106 Fiat
1496 3040 1537 3107 R.

354 3142 433 3208 Dat.
449 3140 549 3206 Avin.
571 3161 608 3224 14
624 3139 689 3204 kal.
702 3140 785 3225 junii
801 3148 836 3206 a⁰
852 3149 894 3226 7⁰.
912 3142 987 3226 (30,
1012 3141 1048 3207 P.
1066 3142 1111 3224 II,
1130 3146 1191 3229 3').

362 3285 504 3372 1323.
811 3299 814 3303 ’
1377 3306 1473 3389 1348,
1491 3324 1530 3389 19
1547 3304 1623 3369 mai.

352 3404 454 3490 Supp.
471 3403 654 3469 Balduinus
668 3402 711 3468 de
726 3402 876 3469 Balliaco
894 3416 913 3486 ¹,
930 3404 972 3469 de
987 3425 1110 3489 genere
1125 3406 1295 3490 quondam
1304 3406 1418 3472 dilecti
1434 3406 1534 3471 vestri
1550 3405 1668 3489 magis-

308 3508 350 3573 tri
366 3507 533 3593 Th(0me)
550 3506 593 3571 de
619 3505 780 3587 Balliaco,
805 3507 995 3572 cancellarii
1023 3508 1191 3591 Parisien.,
1218 3510 1274 3592 qui
1300 3509 1418 3573 vestris
1444 3508 1669 3594 solempnibus

306 3612 434 3678 meritis
449 3610 657 3697 exigentibus
677 3610 712 3675 in
736 3612 906 3696 theologia
922 3632 983 3677 vos
1007 3610 1204 3695 licentiavit,
1220 3621 1256 3677 et
1280 3613 1472 3699 capellanus
1498 3631 1669 3678 commen-

306 3717 385 3782 salis
400 3723 552 3782 creature
576 3721 686 3779 vestre
702 3713 909 3799 G(uidonis),
931 3714 982 3781 tit.
1000 3714 1030 3779 S.
1047 3713 1171 3780 Cecilie
1197 3718 1306 3801 presb.
1333 3714 1434 3796 card,
1451 3722 1541 3800 quat.
1557 3714 1616 3781 sibi
1633 3713 1669 3779 in

294 3839 487 3905 ,personam
501 3817 636 3904 nepotis
651 3818 700 3882 sui
713 3816 868 3882 Balduini
885 3817 1061 3898 Ponchini,
1080 3818 1158 3884 cler.
1174 3819 1375 3887 Ambianen.
1401 3819 1499 3901 dioc,
1514 3838 1561 3905 gr.
1577 3837 1667 3904 spec.

307 3923 480 4005 facientes
504 3921 548 3987 de
574 3921 759 4007 capellania
783 3920 822 3988 B.
854 3918 904 3987 M.
932 3918 1137 4006 Magdalene
1165 3921 1228 3988 sita
1257 3923 1291 3987 in
1322 3922 1464 3990 ecclesia
1488 3920 1666 4002 Morinen,

306 4048 409 4112 quam
434 4026 526 4092 idem
554 4024 737 4092 Balduinus
760 4026 802 4091 de
818 4025 979 4107 Balliaco,
994 4027 1086 4091 bono
1109 4027 1183 4092 zelo
1209 4026 1339 4110 ductus,
1354 4026 1389 4092 in
1409 4026 1562 4092 manibus
1576 4024 1616 4090 V.
1633 4024 1667 4091 S.

306 4150 414 4217 nuper
439 4129 665 4214 resignaverat
690 4150 751 4215 pro
776 4129 935 4214 magistro
960 4127 1117 4207 Johaune
1145 4128 1313 4197 Hurtaudi
1328 4145 1350 4213 ²,
1366 4130 1516 4196 similiter
1541 4136 1667 4214 nepote
1777 4164 1781 4171 ·

306 4254 377 4316 suo,
394 4240 477 4320 apto
489 4234 625 4319 juvene,
641 4234 697 4317 qui
713 4233 778 4313 hic,
795 4232 880 4298 sicut
895 4232 972 4298 Deo
997 4232 1135 4319 placuit,
1151 4233 1206 4300 die
1221 4236 1309 4317 lune,
1333 4234 1450 4320 quinta
1474 4232 1528 4300 die
1544 4229 1669 4296 mensis

307 4338 397 4420 maii,
414 4338 505 4403 diem
522 4338 640 4403 clausit
655 4345 853 4418 extremum,
869 4345 905 4404 et
921 4337 968 4403 sic
983 4358 1043 4423 per
1059 4336 1209 4422 ejusdem
1224 4336 1244 4415 J
1247 4338 1390 4403 ohannis
1405 4335 1578 4403 decessum
1593 4354 1668 4400 vac.

305 4442 340 4508 in
355 4443 446 4510 dicte
462 4441 503 4510 V.
520 4441 551 4509 S.
579 4440 679 4522 curia,
696 4439 805 4506 eidem
832 4439 998 4507 Balduino
1027 4440 1190 4507 Pouchini
1214 4440 1396 4526 dignemini
1421 4438 1606 4526 providere,
1632 4444 1670 4503 et

305 4554 497 4633 presentem
524 4543 805 4632 supplicationem
826 4544 869 4611 de
884 4543 976 4609 dicta
1003 4544 1057 4610 die
1082 4546 1171 4626 lune,
1187 4544 1273 4611 sicut
1299 4544 1331 4611 S.
1347 4543 1387 4609 V.
1403 4542 1495 4609 dicto
1511 4539 1669 4608 cardinali

305 4650 397 4716 dicta
412 4648 467 4713 die
481 4649 560 4713 lune
587 4648 764 4731 concessit,
792 4648 946 4733 signare;
973 4669 1043 4714 non
1071 4651 1158 4715 obst.
1183 4650 1275 4735 quod
1298 4648 1341 4714 ad
1365 4647 1472 4714 coll...
1490 4644 1610 4713 decani
1632 4654 1671 4712 et

343 4888 365 4936 l.
376 4886 439 4935 Voir
449 4901 475 4936 n.
487 4888 541 4946 204,
555 4889 627 4937 1292.
638 4916 670 4925 -
681 4891 704 4939 2.
715 4889 779 4937 Voir
790 4903 816 4937 n.
829 4891 899 4941 1293.
