3650 5675
593 562 681 634 1846,
704 561 744 625 24
764 562 866 626 aeut-2
888 563 1062 642 septembre.
1453 564 1515 628 273

196 717 302 782 1052.
320 711 407 777 Item
423 733 519 798 supp.
535 721 626 796 quat.
642 712 742 778 certis
769 713 1002 779 executoribus
1024 714 1144 778 vestris
1159 713 1280 778 litteris
1295 713 1376 778 dare
1399 713 1514 798 digne-

150 815 232 882 mini
243 816 279 881 in
293 815 472 896 mandatis,
488 823 526 881 ut
539 813 778 901 Margaretam,
794 817 920 882 dictam
938 817 1094 898 ColvenS,
1109 817 1152 883 de
1175 815 1341 898 Bruxella,
1358 816 1513 884 Camera-

132 939 225 986 cen.
239 919 337 1000 dioc,
353 919 387 986 in
404 920 560 1006 hospitali
577 919 609 985 S.
619 919 784 998 Johannis
799 920 1033 1002 BruxellensiS,
1051 922 1121 988 ord.
1132 920 1163 987 S.
1173 921 1360 1005 Augustini,
1378 922 1412 986 in
1424 942 1514 988 soro-

151 1045 224 1090 rem
244 1024 348 1110 recipi
360 1024 537 1090 faciant....
555 1063 598 1076 -
612 1023 687 1090 Fiat
698 1024 738 1091 R.

198 1167 300 1229 1053.
327 1159 414 1227 item
441 1182 535 1248 supp.
560 1170 662 1246 quat,
685 1162 765 1227 licet
792 1163 912 1228 eadem
937 1163 968 1228 S.
985 1161 1025 1228 V.
1042 1161 1152 1228 eidem
1176 1161 1316 1247 Symoni
1332 1180 1384 1247 gr.
1410 1181 1515 1247 nuper

153 1265 268 1330 lecerit
283 1286 372 1351 spec.
388 1265 431 1331 de
446 1286 522 1331 can.
534 1269 595 1331 sub
610 1288 685 1353 exp.
701 1269 792 1353 preb.
808 1267 842 1331 in
865 1269 948 1334 eccl.
971 1265 1143 1348 Leodien.,
1167 1286 1269 1350 quarn
1294 1267 1396 1351 preb,
1412 1284 1512 1350 prop·

150 1378 202 1434 ter
216 1369 467 1435 multitudinem
494 1371 746 1456 expectantium
768 1370 878 1456 ipsum
905 1372 939 1435 in
962 1369 1043 1436 data
1067 1368 1320 1455 precedentium
1342 1368 1377 1433 in
1393 1368 1513 1433 eadem

150 1473 243 1553 eccl,
259 1492 430 1557 nunquam
446 1473 480 1537 in
496 1475 567 1539 vita
591 1493 650 1538 sua
674 1473 780 1540 credit
806 1473 948 1558 assequi,
973 1473 1159 1539 uberiorem
1181 1472 1324 1557 gratiam
1339 1472 1513 1553 facientes,

151 1576 260 1641 eidem
276 1575 416 1662 Symoni
432 1577 475 1642 de
502 1597 578 1643 can.
594 1586 629 1643 et
651 1580 745 1664 preb.
760 1597 895 1644 necnon
919 1577 1008 1662 dign.
1036 1585 1071 1642 et
1093 1596 1179 1662 pers.
1206 1575 1261 1640 vel
1289 1574 1346 1642 off.
1362 1597 1391 1642 c.
1408 1596 1436 1642 c.
1460 1576 1514 1640 vel

151 1701 177 1746 s.
194 1699 234 1761 c.,
250 1688 356 1766 spect.
373 1681 416 1746 ad
432 1682 659 1767 cujuscunque
675 1702 734 1748 seu
761 1701 1035 1766 quorumcunque
1060 1681 1188 1762 coll.‘,...
1206 1680 1241 1745 in
1264 1680 1357 1760 eccl,
1374 1679 1437 1745 civ.
1460 1679 1515 1744 vel

152 1783 240 1850 dioc.
255 1783 427 1864 Leodien.,
444 1785 541 1850 simul
568 1787 623 1850 vel
650 1785 847 1867 successive,
871 1793 906 1851 et
930 1785 1207 1869 qualitercunque
1229 1805 1304 1850 vac.
1320 1785 1374 1850 vel
1391 1792 1513 1865 vacat,

150 1888 283 1966 etiarnsi
298 1887 342 1954 ad
357 1889 440 1970 illas,
464 1890 548 1972 illos,
573 1911 632 1955 seu
658 1890 715 1954 illa
741 1910 801 1976 per
824 1890 1028 1956 electionem
1055 1889 1266 1956 consueverit
1292 1889 1365 1973 quis
1381 1888 1515 1970 assumi,

153 1991 335 2076 dignemini
350 1993 526 2079 providere
541 2017 549 2075 ;
566 2015 636 2059 non
663 1996 749 2060 obst.
774 1994 865 2079 quod
888 1993 978 2059 idem
1000 1993 1128 2079 Symon
1153 1992 1367 2073 decanatum,
1385 2012 1458 2058 can.
1482 2000 1517 2058 et

154 2099 244 2182 preb.
262 2096 436 2178 Rodensis,
453 2118 493 2163 ac
509 2119 585 2163 can.
601 2099 661 2163 sub
684 2117 760 2184 exp.
776 2099 867 2184 preb.
885 2096 1046 2164 Leodien.
1062 2097 1277 2164 ecclesiarum
1292 2096 1516 2182 predictarum

151 2201 299 2267 noscitur
320 2202 483 2267 obtinere.
510 2201 596 2268 Cum
620 2203 691 2288 ipsc
715 2201 758 2267 ad
784 2200 983 2267 mandatum
1007 2200 1038 2267 S.
1064 2199 1104 2266 V.
1120 2199 1289 2266 dimittere
1319 2201 1362 2265 sit
1380 2207 1517 2284 paratus

152 2303 340 2388 hujusmodi
357 2304 559 2371 decanatum
576 2326 682 2386 suum,
699 2305 825 2392 adepta
852 2306 943 2391 prius
963 2325 1023 2391 per
1050 2325 1139 2386 eum,
1154 2305 1279 2370 virtute
1294 2304 1385 2370 dicte
1400 2305 1516 2388 gratie,

156 2407 294 2492 alicujus
309 2408 410 2492 dign,
425 2430 512 2495 pers.
528 2411 583 2474 vel
610 2409 666 2475 off.
668 2409 974 2527 ,incompassibilis
996 2429 1073 2473 curn
1089 2409 1162 2494 ipso
1177 2407 1320 2473 decanat
1306 2415 1352 2488 tu,
1376 2407 1517 2492 pacifica

157 2511 428 2595 possessione—
390 2512 527 2579 —Fiat
542 2513 584 2579 de
606 2513 696 2599 dign.
712 2522 788 2594 etc,
805 2514 839 2578 in
863 2514 945 2579 eccl.
970 2510 1131 2577 Leodien.
1148 2510 1188 2577 R.

115 2643 118 2646 ⁴
201 2615 281 2682 Dat
296 2617 397 2682 Αιιιι
417 2637 453 2702 13
470 2617 536 2684 kal
552 2626 637 2704 sept.
654 2623 747 2702 1950.
764 2617 831 2701 (ll,
848 2614 936 2699 161).

210 2753 355 2836 1054.
659 2848 661 2853 ,
1217 2761 1312 2846 1346,
1330 2783 1369 2846 24
1387 2765 1475 2827 aaut.

144 2924 147 2928 .
201 2872 302 2959 Supp.
318 2872 521 2938 Bertrandus
547 2873 589 2937 de
616 2871 810 2938 Carceribus
826 2886 846 2951 ¹,
864 2870 942 2935 cler.
969 2867 1147 2933 Caturcen.
1163 2864 1261 2947 dioc,
1286 2874 1376 2951 quat.
1393 2866 1453 2933 sibi
1477 2864 1519 2931 de

156 2980 231 3042 ben.
247 2979 329 3042 eccl.
343 2976 386 3041 ad
401 2976 476 3042 coll.
493 2976 688 3062 archiepisc.
704 2973 893 3060 etcapituli
909 2970 1092 3038 Tholosani
1110 2969 1293 3054 dignemini
1320 2968 1517 3055 probidere3

153 3084 223 3145 non
247 3083 333 3146 obst.
344 3080 434 3165 quod
450 3101 523 3146 can.
550 3088 586 3145 et
611 3083 704 3166 preb.
721 3079 752 3144 S.
767 3076 965 3145 Donatiani
993 3074 1180 3161 Brugensis,
1205 3072 1405 3143 Tornacen.¹
1419 3073 1517 3153 dioc,

155 3185 305 3251 noscitur
320 3193 567 3270 expectare-
524 3182 718 3285 -FiatR
796 3212 799 3218 ·

201 3287 280 3353 Dat.
295 3288 394 3352 Avin.
412 3286 514 3367 9kal.
533 3295 618 3374 sept.
634 3294 667 3353 a⁰
683 3278 727 3372 5.
744 3286 812 3372 (ll,
833 3252 934 3369 158).

212 3423 352 3507 1055
479 3421 483 3428 ’
1218 3430 1313 3514 1546,
1330 3430 1372 3495 26
1388 3436 1475 3495 nortl.

201 3542 304 3628 Supp.
319 3542 339 3619 J
343 3542 504 3622 ohannes,
527 3540 770 3627 primogenitus
785 3539 871 3623 regis
886 3537 915 3603 F
916 3536 1038 3617 rancie,
1056 3534 1090 3601 N
1092 3534 1265 3601 onnannie
1292 3541 1327 3598 et
1342 3534 1519 3617 Aequitta-

157 3645 213 3711 nie
227 3646 304 3726 dux,
320 3655 412 3730 quat.
433 3645 527 3731 [cler.
543 3666 613 3725 suo,
629 3643 748 3729 Petro]
766 3642 808 3709 de
824 3643 855 3707 S.
868 3642 982 3727 Oyno,
998 3640 1040 3705 de
1056 3637 1209 3724 parroch.
1226 3637 1308 3702 eccl.
1324 3634 1362 3701 B.
1381 3634 1521 3701 Martini

157 3749 200 3814 de
222 3748 373 3831 Bremez,
395 3749 483 3815 dioc.
500 3747 680 3828 Morinen.,
697 3746 741 3813 ad
764 3766 901 3833 presens
923 3767 999 3812 vac.
1014 3764 1074 3829 per
1090 3746 1143 3809 ob.
1165 3740 1337 3807 Lamberti
1354 3740 1519 3819 Paonnet,

158 3855 265 3937 presb.
282 3861 317 3918 et
330 3872 403 3938 cap.
419 3853 514 3919 ducis
528 3852 658 3938 prefati,
675 3851 730 3936 qui
747 3859 841 3917 extra
870 3849 968 3916 Rom.
984 3868 1051 3915 cur.
1068 3846 1157 3911 diem
1182 3843 1301 3910 clausit
1322 3851 1519 3923 extremum,

158 3976 260 4039 quam
273 3976 443 4021 reservare
459 3955 642 4040 dignemini
658 3962 694 4019 et
708 3954 819 4019 eidem
835 3952 937 4019 Petro
952 3950 1140 4035 benigniter
1162 3946 1348 4034 providere.
1364 3986 1408 3997 -
1432 3946 1518 4027 Fiat,

160 4059 270 4125 sinon
287 4059 330 4125 sit
347 4059 442 4124 alteri
456 4059 509 4143 jus
524 4059 702 4144 quesitum.
719 4056 760 4125 R.
1552 4060 1555 4065 ’

203 4161 281 4228 Dat.
296 4162 397 4227 Avin.
416 4180 433 4245 7
450 4161 515 4229 kal.
532 4171 617 4248 sept.
633 4170 666 4227 a⁰
683 4169 725 4245 50.
742 4162 808 4247 (ll,
830 4160 933 4244 1459).

213 4296 356 4383 1056.
1140 4304 1234 4389 1346,
1252 4327 1270 4368 2
1287 4304 1476 4391 septembre.

202 4415 304 4503 Supp.
319 4415 474 4501 G(uido),
489 4416 541 4481 tit.
558 4415 589 4481 S.
606 4414 732 4481 Cecilie
747 4416 856 4500 presb.
872 4408 972 4492 card,
986 4408 1175 4496 prepositus
1190 4409 1273 4475 eccl.
1287 4407 1318 4473 S.
1335 4405 1520 4473 Donatiani

160 4520 346 4605 Brugensis,
362 4520 551 4586 Tornacen.
567 4516 654 4586 dioc.
669 4532 691 4600 ²,
715 4517 759 4584 ad
784 4537 885 4602 quem
912 4514 988 4580 coll.
1005 4511 1250 4600 prebendarum
1273 4512 1307 4576 in
1332 4510 1423 4575 dicta
1439 4511 1521 4575 eccl.

159 4624 261 4709 pleno
279 4624 353 4709 jure
382 4624 530 4689 noscitur
556 4624 734 4709 pertinere,
761 4629 852 4707 quat.
868 4620 958 4704 [cap.
985 4626 1020 4683 et
1043 4616 1205 4683 continuo
1232 4612 1450 4683 commensali
1482 4633 1522 4679 ac

159 4727 290 4815 phisico
304 4748 375 4807 suo,
391 4748 478 4813 mag.
494 4726 597 4793 Petro
612 4726 745 4793 Chale³
745 4745 857 4810 ,m.ag
860 4722 875 4811 ]
889 4723 924 4789 in
933 4720 1112 4799 medicina,
1127 4719 1170 4785 de
1192 4720 1285 4804 preb.
1302 4717 1335 4781 in
1352 4716 1424 4803 ipsa
1440 4715 1522 4782 eccl.

194 4936 216 4982 1.
228 4932 532 4996 flumdouteunperent
544 4931 704 4982 detlslbard
714 4928 856 4987 decertes
868 4926 1027 4997 archerdque
1043 4923 1076 4973 de
1089 4922 1203 4983 Brindes,
1215 4922 1267 4973 cite
1279 4923 1323 4987 plu
1307 4923 1419 4981 usheut,
1432 4924 1525 4974 voirn.

163 5008 276 5055 1042-
288 5005 468 5070 2Ηᾶ11111011
443 5006 538 5065 ιν,οιιο1
551 5008 596 5063 73;
608 5020 649 5053 ror
626 5007 800 5054 οί..-ιιι29
812 5002 886 5052 3.Vo
886 5000 1012 5058 111121
1026 5000 1079 5057 278
1093 4996 1148 5047 419

214 5096 278 5137 Anat
296 5095 345 5137 Vnt.
362 5096 393 5135 Be
394 5095 422 5144 11.
1455 5088 1477 5126 18
