3650 5675
304 474 366 540 268
868 475 956 549 1346,
980 475 999 540 7
1020 479 1108 542 aotlt.

304 648 415 694 sorum
439 629 617 695 occasione
633 653 641 708 ;
664 636 698 693 et
714 628 805 712 quod
820 627 909 693 idem
928 625 1105 694 Marselius
1120 633 1196 696 ben.
1213 633 1294 697 eccl.
1312 653 1340 698 c.
1357 654 1386 698 c.
1403 635 1456 698 vel
1474 656 1498 700 s.
1516 656 1545 700 c.
1562 645 1668 722 spect.

183 775 186 780 -
306 733 349 796 ad
376 734 481 798 coll...
514 733 587 798 dec.
615 740 649 797 et
677 753 750 817 cap.
775 732 856 797 eccl.
882 732 1147 814 Davantriensis,
1175 735 1325 820 predicte
1353 735 1540 821 Trajecten.
1569 739 1667 814 dioc..

305 858 365 922 per
380 837 420 902 V.
445 837 476 902 S.
501 838 630 902 litteras
654 836 687 900 in
713 837 883 901 communi
909 835 1017 901 forma
1042 837 1102 902 sibi
1128 859 1314 918 concessas,
1339 850 1373 905 et
1394 861 1567 925 processus
1591 844 1668 908 inde

306 949 448 1022 secutos,
464 943 612 1007 noscitur
624 949 801 1026 expectare
815 964 824 1021 ;
838 963 940 1025 quam
952 942 1094 1025 gratiam
1108 951 1141 1006 et
1154 943 1224 1027 ejus
1236 943 1394 1008 effectum
1407 945 1467 1010 sibi
1484 946 1667 1032 dignemini

305 1065 484 1110 reservare.
500 1087 543 1094 —
560 1045 636 1111 Fiat
651 1054 685 1110 et
700 1055 874 1110 remaneat
889 1046 950 1110 sibi
967 1045 1083 1130 gratia.
1104 1045 1144 1110 R.

349 1150 429 1216 Dat.
444 1151 544 1216 Avin.
562 1153 579 1215 8
597 1151 640 1216 id.
656 1172 730 1236 aug.
746 1159 781 1216 a⁰
798 1158 840 1234 5⁰.
857 1152 923 1233 (ll,
945 1150 1032 1232 129).

358 1319 507 1401 1040.
1387 1339 1482 1422 1546,
1501 1357 1519 1422 7
1535 1345 1623 1404 amit.

349 1438 450 1523 Supp.
475 1439 547 1503 dec.
573 1447 607 1502 et
631 1437 813 1523 capitulum
835 1438 918 1502 eccl.
937 1437 1117 1518 Morinen,
1134 1446 1226 1522 quat.
1243 1442 1476 1506 concanonico
1493 1463 1563 1520 suo,
1581 1464 1669 1526 mag.

305 1541 435 1618 Jacobo
461 1543 503 1607 de
530 1542 694 1621 Souastre,
711 1541 764 1605 lic.
781 1541 814 1604 in
832 1542 906 1624 leg,
923 1540 965 1604 de
982 1542 1153 1606 scolastria
1179 1542 1280 1627 ipsius
1299 1545 1379 1608 eccl.
1399 1543 1576 1624 Morinen,
1593 1567 1668 1629 que,

305 1646 385 1710 licet
402 1647 435 1708 in
451 1667 490 1710 ea
505 1646 595 1730 dign.
611 1653 793 1730 reputetur,
810 1644 909 1709 valde
934 1644 1057 1709 modici
1082 1646 1203 1710 valoris
1225 1646 1347 1726 existit,
1365 1669 1428 1713 nec
1443 1649 1486 1714 ad
1502 1649 1667 1714 decimam

306 1759 357 1814 est
383 1759 508 1830 taxata,
535 1771 608 1815 vac.
634 1749 724 1834 apud
748 1749 863 1814 sedem
887 1757 995 1834 apost.
1021 1770 1081 1834 pro
1103 1771 1144 1814 eo
1160 1751 1250 1832 quod
1266 1771 1352 1836 mag.
1369 1751 1517 1828 Jacobus
1534 1749 1668 1831 Parvus,

305 1876 412 1940 nuper
442 1856 549 1940 ipsam
579 1853 786 1920 scolastriam
818 1853 984 1933 obtinens,
1023 1855 1194 1919 scolastrie
1232 1857 1314 1920 eccl.
1352 1857 1565 1935 Ambianeu,
1604 1878 1668 1940 que

305 1959 456 2023 similiter
471 1959 560 2043 dign.
575 1965 760 2044 reputatur,
776 1957 1023 2041 possessionem
1039 1957 1225 2041 pacificam,
1237 1979 1296 2043 per
1318 1959 1544 2045 provisionem
1561 1970 1668 2045 apost.

305 2063 417 2127 extitit
442 2073 623 2143 assecutus,
649 2061 758 2126 eidem
782 2081 870 2144 mag.
892 2059 911 2137 J
915 2061 1024 2125 acobo
1039 2061 1081 2125 de
1098 2060 1254 2126 Souastre
1271 2062 1451 2146 dignemini
1468 2063 1644 2148 providere
1660 2088 1668 2144 ;

305 2181 373 2226 non
400 2165 485 2228 obst.
509 2163 600 2246 quod
615 2163 649 2226 in
665 2163 757 2229 dicta
779 2162 959 2244 Morinen,
976 2184 1017 2229 ac
1034 2165 1066 2228 in
1083 2165 1114 2229 S.
1133 2163 1221 2229 Petri
1238 2166 1280 2230 de
1298 2164 1435 2244 Lutoza,
1450 2166 1670 2232 Cameracen.

306 2265 403 2346 dioc,
420 2267 577 2347 ecclesiis,
594 2288 670 2333 can.
687 2276 720 2332 et
736 2270 828 2352 preb.
845 2267 994 2332 noscitur
1010 2267 1173 2332 obtinere.
1195 2305 1226 2316 -
1248 2267 1325 2333 Fiat
1342 2267 1381 2333 R.

349 2369 430 2435 Dat.
445 2372 545 2435 Avin.
564 2391 581 2454 7
597 2373 642 2438 id.
657 2393 731 2457 aug.
748 2379 781 2436 a⁰
799 2380 840 2454 5⁰.
858 2373 925 2455 (ll,
947 2374 1033 2453 128).

361 2541 499 2622 1041.
1388 2560 1484 2642 1346,
1503 2577 1521 2642 7
1538 2567 1625 2626 norit.

349 2659 438 2743 Sign.
468 2659 641 2737 Johannes
671 2661 781 2727 dictus
812 2661 901 2726 Loze
927 2673 946 2740 ¹,
971 2662 1079 2745 presb.
1104 2658 1264 2725 Leodien.
1290 2659 1388 2740 dioc,
1413 2661 1505 2745 quod
1532 2663 1601 2748 ipse
1627 2661 1670 2726 ad

305 2763 459 2849 parroch.
483 2765 565 2829 eccl.
589 2764 765 2844 deWelle,
789 2761 979 2849 Trajecten.
1004 2763 1101 2844 dioc,
1125 2773 1206 2828 tunc
1232 2784 1315 2846 vac,
1339 2765 1401 2829 fuit
1423 2787 1443 2830 a
1465 2786 1545 2830 vero
1569 2765 1670 2851 ipsius

305 2869 446 2933 ecclesie
460 2876 604 2954 patrono
618 2877 830 2954 presentatus
846 2876 880 2933 et
896 2869 930 2932 in
948 2867 1065 2932 eadem
1081 2867 1253 2934 institutus
1265 2877 1299 2934 et
1312 2870 1554 2955 possessionem
1567 2869 1668 2954 ipsius

306 2980 486 3052 assecutus,
502 2993 643 3056 eamque
660 2993 791 3057 semper
805 2980 925 3057 postea
941 2971 1090 3056 possedit
1106 2981 1141 3036 et
1157 2973 1267 3038 adhuc
1283 2974 1441 3057 possidet,
1453 2981 1488 3036 et
1500 2972 1664 3037 fructus...

308 3077 461 3160 percepit
483 3084 517 3140 et
533 3076 675 3161 percipit
699 3098 740 3140 ex
759 3075 903 3155 eadem;
929 3096 1030 3159 quam
1055 3076 1137 3140 eccl.
1154 3077 1345 3142 Alexander
1357 3077 1399 3142 de
1416 3075 1556 3160 Inghen,
1579 3084 1667 3142 auct.

309 3179 414 3261 gratie
440 3180 499 3243 sibi
527 3180 616 3245 facte
643 3201 702 3266 per
729 3180 761 3244 S.
787 3178 827 3245 V.
859 3180 892 3243 in
921 3180 1026 3244 sonna
1054 3199 1118 3263 qua
1145 3181 1347 3266 pauperibus
1374 3181 1501 3247 clericis
1529 3181 1672 3247 scribere

311 3283 538 3363 consuevistis,
564 3284 767 3369 acceptavit,
789 3291 824 3348 et
848 3284 909 3349 sibi
935 3283 1012 3349 fecit
1034 3283 1074 3348 de
1097 3284 1214 3348 eadem
1231 3284 1395 3369 provideri
1412 3307 1421 3363 ;
1439 3286 1531 3369 cujus
1548 3284 1672 3349 tructus

309 3407 476 3451 summam
504 3396 700 3454 contentam
727 3387 761 3451 in
789 3386 879 3452 dicta
904 3408 952 3471 gr.
980 3386 1118 3452 minime
1146 3388 1334 3467 excedunt;
1363 3398 1500 3473 propter
1524 3409 1588 3472 que
1612 3388 1670 3453 lite

308 3492 445 3557 suborta
468 3491 501 3555 iu
525 3491 652 3577 palatio
675 3491 864 3576 apostolico
891 3492 978 3556 inter
993 3490 1185 3567 Johannem
1202 3501 1236 3555 et
1252 3492 1481 3557 Alexandrum
1502 3492 1671 3577 predictos

307 3594 520 3681 superdicta
546 3598 628 3661 eccl.
656 3604 690 3660 et
715 3595 818 3680 ipsius
842 3595 1031 3675 occasione,
1060 3595 1092 3659 in
1121 3595 1239 3660 eadem
1267 3596 1325 3659 lite
1350 3595 1411 3660 fuit
1434 3605 1469 3661 et
1492 3607 1543 3662 est
1566 3618 1670 3681 usque

307 3698 351 3764 ad
367 3701 617 3765 conclusionem
638 3700 807 3764 exclusive
823 3719 1016 3784 processum
1032 3720 1040 3777 ;
1058 3720 1123 3782 qua
1139 3699 1197 3762 lite
1213 3698 1383 3783 pendente
1399 3700 1508 3765 dictus
1523 3702 1671 3765 Alexan·

306 3803 375 3884 der,
400 3805 484 3869 infra
509 3804 591 3869 duas
616 3804 724 3868 dietas
750 3823 856 3888 prope
884 3802 982 3867 Rom.
1014 3802 1150 3883 curiam,
1178 3802 1267 3866 viam
1299 3811 1349 3867 est
1376 3803 1530 3868 universe
1561 3804 1671 3869 carnis

307 3909 481 3992 ingressus.
511 3906 623 3987 Unde,
650 3907 705 3971 Sll'
729 3915 835 3992 pater,
863 3906 942 3971 licet
969 3906 1079 3971 dictus
1104 3904 1278 3982 Johannes
1304 3926 1435 3991 semper
1459 3910 1614 3993 sperabat
1635 3915 1670 3972 et

306 4012 417 4077 adbuc
442 4020 554 4097 speret
578 4032 613 4075 se
638 4011 761 4075 habere
781 4011 834 4094 jus
859 4010 892 4073 in
918 4010 1009 4075 dicta
1034 4012 1127 4089 eccl,
1149 4018 1264 4073 tamen
1288 4010 1330 4075 ad
1353 4010 1539 4075 tollendum
1568 4031 1669 4075 omne

307 4118 455 4196 dubium,
472 4127 506 4182 et
521 4126 558 4181 ut
574 4116 686 4199 quiete
703 4124 738 4179 et
753 4116 825 4179 sine
840 4114 899 4178 lite
913 4114 1040 4179 dictam
1057 4115 1139 4179 eccl.
1155 4114 1259 4199 possit
1276 4114 1438 4194 obtinere,
1460 4134 1555 4199 supp.
1577 4121 1670 4198 quat.

308 4241 409 4286 omne
422 4222 476 4305 jus
492 4220 582 4304 quod
596 4220 689 4285 dicto
703 4219 897 4283 Alexandro
920 4218 962 4283 ad
985 4218 1110 4284 dictam
1126 4218 1207 4282 eccl.
1225 4237 1284 4282 seu
1300 4216 1332 4281 in
1351 4218 1422 4302 ipsa
1438 4218 1626 4303 competiit,
1642 4218 1667 4283 si

306 4326 398 4408 quod
412 4335 447 4390 et
463 4326 707 4409 qualecumque
722 4323 803 4388 illud
819 4322 890 4403 fuit,
907 4321 1017 4387 eidem
1033 4318 1051 4399 J
1056 4322 1182 4386 olranni
1198 4322 1380 4405 dignemini
1398 4321 1549 4387 conferre
1561 4332 1596 4386 et
1608 4321 1669 4387 sibi

306 4430 348 4495 de
365 4430 484 4495 eodem
496 4429 569 4513 jure
585 4414 770 4513 providere,
792 4427 968 4513 ipsumque
992 4446 1161 4510 surrogare
1179 4424 1212 4489 in
1229 4425 1348 4490 eodem
1364 4447 1372 4505 ;
1389 4446 1459 4491 non
1475 4428 1561 4490 obst.
1578 4424 1670 4490 dicta

305 4534 372 4597 litis
386 4532 569 4619 pendentia
581 4540 617 4595 et
629 4551 838 4615 quacumque
851 4530 1093 4596 constitutione
1110 4540 1168 4595 aut
1184 4530 1420 4596 reservatione.
1437 4528 1569 4595 ——Fiat
1586 4528 1625 4594 R.

349 4636 427 4701 Dat.
451 4636 551 4701 Avin.
576 4654 594 4718 7
618 4633 662 4698 id.
686 4656 758 4718 aug.
783 4642 815 4699 a⁰
841 4642 882 4717 5⁰.
908 4637 1095 4719 (ll,128l).

341 4915 361 4961 l.
380 4911 442 4957 l'oir
453 4925 478 4957 u.
493 4910 563 4959 1039.
