3650 5675
300 536 356 601 218
815 533 903 607 1845,
926 532 1012 598 12-18
1030 533 1139 615 juillet.

351 686 460 770 882·
1230 786 1239 797 .
1289 790 1297 798 ι
1328 724 1423 788 1345,
1440 726 1481 770 12
1491 704 1614 790 juillet.

301 813 305 819 '
342 807 442 893 Supp.
466 804 655 869 vicecomes
682 798 872 882 Bellifor'tis,
900 809 992 885 quat.
1023 802 1126 889 [mag.
1154 803 1299 872 Nicolao
1325 807 1367 873 de
1392 807 1515 876 Nussia
1532 819 1553 891 ¹,
1585 832 1657 898 cap.

298 920 332 977 et
347 905 567 997 procuratori]
584 906 685 992 episc.
702 901 872 983 Leodien.,
896 901 939 968 de
966 912 1092 969 canet
1118 910 1209 991 preb.
1227 909 1308 975 eccl.
1333 911 1451 996 colleg.
1469 910 1621 979 Bonnen.
1633 898 1657 994 ·’,

298 1013 471 1081 Colonien.
487 1012 585 1091 dioc.,
602 1030 674 1076 vac.
690 1008 778 1096 apud
805 1007 920 1073 sedem
945 1018 1053 1095 apost.
1080 1031 1140 1096 per
1165 1022 1309 1079 mortem
1337 1016 1427 1083 dom.
1445 1016 1592 1105 Reyneri
1615 1018 1658 1085 de

298 1117 567 1202 Westrenborglr‚
583 1136 656 1201 cap.
684 1114 715 1180 S.
733 1113 782 1193 V.,
800 1113 855 1197 qui
872 1121 966 1179 extra
986 1113 1083 1180 Rom.
1101 1136 1167 1181 cur.
1194 1117 1284 1183 diem
1312 1120 1433 1186 clausit
1459 1131 1657 1206 extremum,

296 1222 478 1309 dignemini
490 1220 666 1309 providere
682 1242 689 1299 ;
706 1239 776 1284 non
793 1220 879 1284 obst.
895 1218 986 1303 quod
1002 1219 1090 1285 idern
1108 1220 1270 1289 Nicolaus
1285 1225 1318 1288 in
1330 1226 1527 1293 Amaniensi
1537 1230 1658 1295 scolas·

298 1330 406 1409 triam,
423 1334 458 1393 et
474 1328 507 1392 in
522 1326 565 1391 de
583 1323 718 1391 Mersen
730 1323 879 1390 ecclesiis
895 1324 1063 1406 vicariam,
1080 1324 1240 1393 Leodien.
1263 1328 1362 1411 dioc.,
1378 1350 1439 1416 pro
1455 1352 1520 1416 qua
1536 1333 1657 1399 vicaria

298 1436 332 1499 in
349 1454 416 1500 cur.
434 1432 532 1497 Rom.
548 1430 667 1515 litigat,
683 1430 831 1495 noscitur
846 1430 1009 1511 obtinere,
1026 1439 1061 1496 et
1088 1432 1179 1515 quod
1205 1434 1266 1498 sibi
1283 1454 1388 1521 nuper
1404 1436 1435 1502 S.
1453 1435 1492 1503 V.
1515 1458 1559 1523 gr.
1577 1437 1657 1504 fecit

299 1539 344 1605 ad
360 1538 435 1606 coll.
452 1536 645 1622 archiepisc.
662 1542 696 1600 et
712 1554 786 1621 cap.
803 1534 979 1601 Colonien.
1001 1572 1033 1583 -
1055 1534 1132 1601 Fiat
1149 1535 1189 1602 R.

342 1645 422 1709 Dat.
439 1664 492 1729 ap.
510 1639 759 1707 Villamnovam
776 1662 795 1724 4
812 1639 854 1706 id.
867 1639 940 1725 julii
957 1647 991 1705 a⁰
1006 1647 1049 1724 4⁰.
1065 1642 1115 1724 (9,
1133 1644 1201 1726 90).

351 1778 586 1866 883-884.
1328 1795 1615 1879 1345,1aju2·uer.

343 1898 444 1984 Supp.
461 1896 480 1975 J
484 1897 643 1977 ohannes,
659 1914 716 1959 rex
733 1892 872 1960 Boemie
887 1902 907 1977 ²,
936 1903 1037 1979 quat,
1055 1915 1131 1961 cum
1157 1916 1235 1962 suns
1261 1901 1456 1966 secretarius
1472 1899 1590 1967 Petrus
1617 1901 1660 1967 de

300 2002 429 2069 Waben
446 2008 582 2087 propter
597 2018 656 2064 sua
671 1997 816 2080 servitia,
833 2001 876 2063 ob
900 2017 965 2083 que
993 1999 1101 2086 ipsum
1128 2008 1263 2087 oportet
1279 2002 1402 2069 cotidie
1428 2024 1488 2091 per
1514 2004 1660 2073 diversas

300 2107 481 2173 discurrere
497 2103 658 2189 regiones
676 2122 744 2168 non
761 2102 866 2188 possit
882 2102 917 2166 in
945 2104 1026 2169 eccl.
1054 2106 1206 2190 parroch.
1223 2106 1254 2172 S.
1272 2104 1406 2173 Nicolai
1433 2108 1466 2172 in
1483 2108 1658 2191 Gandav0,

301 2211 486 2278 Tomacen.
502 2206 599 2287 dioc.,
615 2226 716 2292 quam
733 2206 873 2288 obtinet,
897 2207 1118 2293 personaliter
1133 2210 1276 2302 residere
1291 2234 1299 2292 ;
1317 2232 1394 2277 cum
1410 2212 1482 2299 ipso
1499 2213 1609 2295 Petro,
1625 2215 1659 2280 in

301 2316 499 2383 diaconatus
526 2311 642 2380 ordine
668 2312 862 2394 constituto,
891 2312 981 2397 quod
997 2314 1159 2399 usquead
1185 2314 1366 2381 triennium
1382 2316 1537 2384 fructus...
1568 2318 1658 2385 dicte

302 2421 383 2487 eccl.
399 2420 503 2485 libere
517 2418 688 2505 percipere
704 2417 825 2498 valeat,
841 2438 904 2483 nec
931 2418 1064 2483 inten‘m
1088 2426 1242 2485 teneatur
1268 2442 1303 2485 se
1319 2421 1429 2487 facere
1449 2422 1492 2488 ad
1507 2424 1660 2489 sacerdo-

300 2528 385 2592 tium
401 2523 601 2611 promoveri,
618 2542 680 2588 nec
697 2521 837 2588 indicta
854 2523 936 2589 eccl.
960 2521 1175 2589 residentiam
1199 2525 1306 2591 facere
1333 2528 1544 2611 personalem
1559 2551 1567 2608 ;
1585 2548 1661 2593 curn

301 2629 457 2697 intendat
471 2629 504 2694 in
522 2649 562 2694 ea
588 2647 648 2714 per
669 2624 878 2692 sacerdotem
903 2625 1062 2693 idoneum
1085 2627 1195 2693 facere
1216 2627 1382 2711 deserviri,
1399 2630 1581 2715 dignemini
1597 2632 1661 2699 dis·

301 2754 450 2822 pensare,
467 2732 708 2800 constitutione
724 2731 834 2817 aliqua
847 2732 1015 2798 contraria
1031 2752 1099 2798 non
1120 2736 1287 2800 obstante.
1304 2775 1347 2785 —
1364 2732 1441 2800 Fiat
1458 2734 1498 2801 R.

345 2873 431 2934 884.
449 2863 536 2931 Item
552 2865 635 2950 sign.
652 2865 742 2930 idem
758 2885 814 2928 rex
831 2862 922 2948 quod
945 2861 1114 2945 quondam
1138 2862 1312 2941 Jobannes
1329 2864 1372 2930 de
1388 2865 1623 2950 Scionemberg
1637 2873 1657 2945 ³,

301 2970 380 3035 dum
390 2970 527 3050 viveret,
544 2968 575 3034 S.
592 2968 660 3034 Viti
676 2977 711 3034 et
722 2968 1007 3054 Epternacensem
1020 2967 1171 3052 parroch.
1185 2968 1353 3050 ecclesias,
1367 2967 1523 3035 Leodien.
1534 2976 1569 3033 et
1578 2967 1657 3034 Tre·

301 3094 412 3139 veren.
422 3072 519 3154 dioc.,
530 3073 612 3138 alias
627 3072 687 3137 sibi
698 3072 760 3136 rite
776 3071 1006 3156 collataspost
1018 3079 1053 3136 et
1068 3080 1186 3141 contra
1200 3074 1474 3139 constitutionem
1491 3071 1657 3139 :Execra-

302 3179 385 3258 ὸίΙὶε,
401 3177 585 3263 perplures
600 3197 706 3242 annos
722 3183 757 3241 et
772 3195 876 3260 usque
892 3173 935 3240 ad
950 3174 1039 3240 diem
1063 3176 1181 3242 mortis
1196 3197 1254 3242 sue
1270 3179 1393 3262 absque
1409 3177 1657 3264 dispensatione

300 3283 449 3368 legitima
465 3281 608 3348 detinuit
624 3289 814 3367 occupatas,
837 3280 961 3346 fructus
984 3280 1173 3366 percipiens
1193 3301 1234 3345 ex
1257 3280 1384 3347 eisdem
1407 3303 1416 3362 ;
1441 3303 1542 3367 quare
1564 3303 1660 3369 supp.

300 3395 392 3472 quat.
408 3386 597 3468 Tilmanno,
615 3384 784 3470 quondam
801 3385 908 3470 Egidii
926 3383 1094 3450 Balistarii
1122 3385 1164 3450 de
1192 3385 1424 3471 Lucemburgo
1433 3397 1454 3467 ⁴,
1478 3388 1555 3453 cler.
1572 3386 1661 3454 dicte

299 3491 477 3560 Treveren.
493 3491 591 3572 dioc.,
619 3491 747 3556 nullum
773 3493 850 3556 ben.
877 3489 959 3555 eccl.
987 3497 1152 3570 assecuto,
1181 3488 1223 3555 de
1251 3489 1401 3575 predicta
1427 3491 1510 3566 eccl.
1533 3490 1564 3556 S.
1592 3490 1661 3557 Viti

299 3596 483 3663 secundum
509 3597 669 3683 premissa
684 3603 827 3662 vacante
853 3593 1035 3679 dignemini
1065 3593 1240 3680 providere
1255 3617 1263 3673 ;
1280 3615 1348 3660 non
1372 3597 1458 3661 obst.
1475 3594 1566 3679 quod
1591 3595 1662 3680 qui-

299 3703 376 3770 dam
388 3702 588 3789 possessioni
601 3701 750 3787 ejusdem
766 3702 848 3766 eccl.
865 3700 907 3765 de
924 3699 1014 3765 facto
1030 3697 1204 3764 incumbit.
1220 3737 1263 3748 -
1280 3697 1358 3764 Fiat
1372 3697 1411 3764 R.

344 3808 423 3878 Dat.
439 3806 537 3873 Avin.
558 3825 594 3892 15
611 3805 679 3871 kal.
701 3824 774 3890 aug.
791 3813 825 3869 a⁰
841 3811 884 3888 4⁰.
902 3805 950 3887 (9,
970 3806 1051 3886 91l).

353 3945 464 4029 885
1330 3971 1424 4036 1345,
1442 3955 1484 4017 18
1493 3950 1616 4034 juillet.

346 4064 447 4150 Supp.
463 4063 606 4129 devotus
621 4068 733 4126 vester
747 4080 787 4126 ac
802 4058 922 4143 se(dis)
946 4064 1053 4143 apost.
1071 4076 1154 4142 cap,
1172 4055 1362 4122 Florentius
1372 4055 1416 4122 de
1430 4055 1449 4134 J
1453 4055 1570 4136 utfaes,
1587 4075 1660 4121 can.

299 4169 487 4254 Trajecten.
504 4174 524 4249 ⁵,
541 4174 631 4251 quat.
648 4165 708 4230 sibi
735 4164 778 4231 de
805 4162 1015 4250 prepositura
1040 4168 1075 4226 et
1099 4159 1374 4226 archidiaconatu
1398 4161 1481 4227 eccl.
1497 4159 1662 4226 Oldenre·

300 4275 409 4356 lensis‚
420 4273 607 4358 Trajecten.
617 4271 747 4352 dioc.,...
758 4268 939 4354 dignemini
950 4264 1125 4353 providere
1138 4288 1146 4346 ;
1160 4285 1228 4330 non
1242 4267 1328 4330 cbst.
1342 4265 1433 4349 quod
1448 4272 1558 4331 canet
1569 4267 1661 4350 preb.

301 4400 377 4446 cum
404 4379 640 4465 supplemento
655 4365 700 4439 'in
727 4374 809 4439 eccl.
836 4372 1025 4457 Trajecten.
1053 4379 1088 4435 et
1111 4390 1187 4435 can.
1215 4372 1275 4434 sub
1302 4388 1377 4454 exp.
1401 4371 1492 4454 preb.
1522 4369 1557 4433 in
1577 4368 1661 4434 eccl.

301 4482 460 4550 Leodien.
477 4481 629 4547 obtinere
644 4486 811 4545 noscatur.
828 4517 870 4528 -
887 4474 965 4541 Fiat
982 4473 1021 4541 R.

345 4589 424 4654 Dat.
441 4586 539 4652 Avin.
560 4605 595 4672 15
612 4583 678 4650 kal.
695 4603 768 4668 aug.
786 4591 819 4648 a⁰
835 4589 877 4666 4⁰.
895 4581 944 4666 (9,
962 4587 1031 4664 94).

333 4778 362 4839 a)
378 4775 434 4826 (bd.
447 4775 561 4824 Romicu.

336 4929 357 4974 l.
369 4927 430 4974 Voir
447 4939 472 4973 n.
490 4926 544 4973 414.
605 4927 628 4972 2.
647 4924 713 4971 Mur.
733 4923 786 4970 l'rrl.
801 4923 872 4977 Bolr..
891 4923 910 4976 l.
930 4935 956 4969 n.
972 4921 1087 4968 erm-full.
1100 4919 1163 4966 Voir
1175 4918 1235 4981 plus
1245 4919 1308 4966 haut
1322 4932 1347 4965 n.
1360 4918 1476 4964 tal-495.
1490 4943 1522 4950 —
1535 4918 1557 4965 3.
1572 4915 1664 4963 liirscb

302 4999 391 5063 (Kal.
405 4999 472 5060 280),
484 5014 500 5046 a
511 5015 516 5045 z
526 4999 557 5046 de
571 4997 769 5057 b'torneubergh.
778 5025 809 5031 -
821 4997 844 5044 4.
857 4995 956 5053 lilium,
970 4993 1045 5049 mul..
1058 4996 1112 5051 278,
1126 4996 1222 5040 211).-
1234 4997 1257 5040 5.
1268 4992 1329 5039 l'oir
1341 5005 1366 5039 n.
1379 4993 1444 5049 3223
1460 4991 1543 5048 Brom,
1560 5005 1588 5038 u.
1602 4991 1662 5037 llll
