3650 5675
696 513 783 587 1342,
808 512 875 577 9-17
894 512 971 595 Juin.
1482 522 1512 584 11

147 664 406 732 misericorditer
421 664 613 751 dignemini,
630 665 805 753 ipsumque
827 666 981 751 ampliori
1006 668 1113 751 gratia
1141 677 1389 752 prosequentes,
1418 670 1447 735 ei
1471 671 1514 737 de

148 772 225 834 ben.
246 770 329 834 eccl.
345 790 370 834 s.
388 790 427 849 c.,
443 776 625 855 personatu
650 768 692 833 de
708 768 896 834 Wambeke
916 771 1096 855 vulgariter
1127 781 1331 858 nuncupato,
1358 773 1514 841 Camera-

149 894 222 939 cen.
238 872 336 954 dioc,
352 892 425 938 vac.
442 893 501 959 per
516 871 733 958 adeptionem
750 872 890 959 pacifice
906 874 1123 959 possessionis
1144 875 1281 941 minoris
1308 878 1514 945 archidiaco-

149 985 250 1044 natus
266 978 347 1043 eccl.
372 976 512 1042 Remen.
528 997 587 1063 per
602 976 693 1043 dom.
710 976 846 1043 Petrum
863 976 1100 1044 Bonaventure
1112 978 1155 1043 de
1168 978 1271 1061 Urbe,
1283 980 1397 1065 vigore
1408 985 1515 1067 gratie

149 1102 208 1168 per
233 1081 463 1167 supradictum
489 1081 758 1168 predecessorem
785 1090 933 1147 vestrum
960 1081 1003 1146 de
1031 1082 1123 1148 dicto
1151 1083 1427 1151 archidiaconatu
1453 1087 1539 1151 sibi.

149 1187 247 1268 facte,
264 1186 439 1273 proridere
455 1186 636 1271 dignemini
652 1210 660 1267 3
678 1208 745 1253 non
762 1188 870 1252 obst...
898 1185 989 1271 quod
1005 1207 1079 1252 can.
1096 1195 1130 1251 et
1145 1190 1237 1273 preb.
1253 1188 1287 1252 in
1303 1190 1385 1254 eccl.
1401 1189 1514 1254 Anda-

147 1311 234 1371 nen,
252 1300 287 1357 et
309 1291 464 1377 parroch.
480 1291 562 1355 eccl.
579 1290 621 1356 de
638 1290 725 1372 Deis,
739 1289 898 1356 Leodien.
915 1298 950 1355 et
965 1289 1153 1375 Trajecten.
1170 1290 1351 1374 diocesum,
1367 1293 1515 1359 noscitur

149 1395 311 1460 obtinere.
824 1461 830 1471 ,
1484 1408 1487 1413 ’

192 1496 255 1561 Vel
271 1496 367 1562 simili
383 1497 497 1579 modo,
524 1497 567 1563 de
594 1518 667 1563 can.
697 1505 732 1562 et
758 1500 850 1584 preb.
876 1498 958 1563 eccl.
985 1496 1173 1563 Tomacen.
1202 1536 1239 1549 -
1269 1498 1347 1565 Fiat
1370 1500 1403 1564 in
1432 1503 1513 1567 eccl.

152 1602 183 1665 S.
201 1600 383 1667 Donatiani
400 1599 586 1686 BrugensiS,
603 1601 788 1667 Tornacen.
801 1601 899 1682 dioc,
913 1599 954 1665 R.

197 1703 306 1789 Dat4
322 1725 401 1771 non.
415 1704 497 1790 junii
508 1713 531 1771 ⁸.
548 1704 591 1789 (I,
607 1726 647 1789 ²4
663 1710 700 1788 ⁸).
927 1714 930 1717 ’

203 1852 1337 1946 4621342,
1354 1884 1374 1949 9
1384 1863 1470 1945 juin.

197 1970 297 2056 Supp.
314 1969 480 2036 Robertus
497 1968 647 2049 Infantis,
664 1970 696 2034 in
713 1978 774 2035 art.
785 1977 820 2033 et
834 1969 897 2053 leg.
908 1968 972 2047 lic,
985 1987 1046 2054 pro
1061 1965 1152 2031 dom.
1170 1965 1311 2032 Francie
1322 1988 1399 2053 rege
1412 1969 1514 2055 judex

155 2072 284 2139 Uzetici
301 2082 336 2139 et
351 2073 576 2155 Alestensis„,
593 2081 685 2157 quat.
702 2072 762 2138 sibi
778 2072 906 2138 decan.
923 2068 1198 2137 ecci.Tomacen.
1211 2071 1392 2157 dignemini
1405 2074 1514 2159 provi-

152 2174 240 2256 dere,
261 2174 328 2262 [et]
348 2181 439 2266 preb.
456 2198 633 2257 reservare,
649 2198 717 2243 non
731 2179 816 2243 obst.
829 2175 921 2261 quod
932 2196 1005 2241 can.
1022 2181 1057 2238 et
1072 2176 1164 2259 preb.
1180 2174 1214 2239 in
1230 2178 1311 2241 eccl.
1324 2174 1363 2242 B.
1378 2175 1515 2244 Martini

153 2278 195 2343 de
210 2278 397 2346 Pinchonio
413 2288 447 2346 et
463 2281 497 2345 in
513 2281 651 2367 capellis
665 2279 709 2345 de
726 2280 864 2365 Ergnies
879 2288 914 2345 et
930 2279 972 2344 de
989 2276 1173 2362 Montibus
1200 2280 1401 2346 Ambianen.
1417 2280 1514 2363 dioc,

153 2384 358 2469 capellanias
373 2406 465 2473 perp.
482 2385 630 2452 noscitur
645 2386 806 2452 obtinere.
822 2424 865 2437 —
881 2384 960 2450 Fiat
975 2382 1016 2449 R.

197 2488 278 2553 Dat.
294 2489 393 2555 Asin.
412 2510 428 2579 5
445 2490 489 2556 id.
503 2490 586 2577 junii
602 2498 635 2555 a⁰
655 2498 683 2556 1⁰
696 2489 718 2555 Β.
735 2488 779 2575 (I,
797 2490 885 2572 212).

197 2653 299 2856 Slirgp.
315 2768 488 2848 Jolrannes
500 2771 645 2852 Venerii,
665 2771 766 2858 judex
792 2771 825 2835 in
851 2771 1076 2839 criminalibus
1099 2686 1515 2856 senescafisslgepfirctggri)

153 2882 189 2938 et
216 2871 453 2958 Nem(ausen.)
481 2885 571 2960 quat.
592 2875 724 2962 [nepoti
751 2896 811 2942 suo
834 2874 1015 2942 Guillelmo
1030 2875 1174 2942 Gamelli
1190 2876 1273 2942 alias
1288 2875 1401 2956 Duhil,
1418 2873 1512 2962 cleu]

155 2975 322 3146 iblppppn.
347 2977 444 3060 dioc,
467 2979 509 3044 de
534 3000 609 3045 can.
625 2987 660 3044 et
679 2983 770 3065 preb.
795 2981 876 3045 eccl.
895 2979 1061 3046 Morinen.
1077 2980 1258 3081 dignemini
1274 2978 1458 3066 providere.
1475 3017 1517 3029 —

199 3131 391 3252 DatdAvin.
410 3206 427 3271 5
444 3186 487 3252 id.
501 3187 584 3273 junii
601 3194 634 3252 a⁰
651 3197 690 3252 1⁰.
707 3186 749 3270 (l,
768 3187 857 3271 213).
947 3245 951 3251 .

205 3330 389 3416 48-49.
1227 3361 1322 3424 1342,
1336 3342 1378 3405 16
1387 3339 1474 3422 juin.

199 3449 301 3535 Supp.
333 3449 451 3515 Petrus
480 3450 523 3515 de
552 3449 735 3535 Cuigneriis
764 3449 869 3529 mileS,
900 3450 986 3534 regis
1017 3449 1158 3515 Francie
1184 3448 1398 3530 consiliarius
1425 3458 1518 3534 quat.

156 3550 176 3629 J
179 3552 304 3618 ohanni
320 3552 364 3619 de
380 3552 536 3618 Fenieres
551 3554 666 3640 nepoti
679 3574 749 3633 suo,
765 3552 894 3618 decan.
911 3553 993 3618 eccl.
1009 3552 1190 3620 Carnoten.
1203 3562 1241 3619 et
1257 3555 1348 3639 preb.
1364 3573 1438 3620 vac.
1462 3553 1517 3618 vel

155 3663 265 3722 vacat.
277 3655 460 3742 dignemini
475 3657 659 3743 providere,
672 3677 740 3724 non
757 3659 842 3722 obst.
855 3657 945 3740 quod
957 3677 1031 3722 can.
1044 3666 1079 3722 et
1090 3661 1182 3743 preb.
1193 3659 1275 3723 eccl.
1291 3658 1322 3722 S.
1335 3657 1517 3723 Andomari

156 3760 199 3825 de
221 3759 252 3826 S.
268 3759 472 3842 Andomam,
490 3759 656 3827 Morinen.
672 3760 769 3840 dioc,
785 3761 934 3826 noscitur
948 3761 1109 3828 obtinere.
1123 3801 1164 3814 -
1182 3761 1258 3827 Fiat
1275 3760 1315 3826 R.

199 3914 260 3975 49.
280 3907 368 3975 Item
384 3917 476 3994 quat.
493 3907 632 3974 Galtero
647 3907 690 3972 de
707 3906 812 3992 Nery,
829 3905 920 3973 fratri
944 3908 1054 3974 uxoris
1078 3930 1145 3991 sue,
1173 3907 1216 3972 de
1243 3927 1316 3972 can.
1341 3906 1423 3970 eccl.
1440 3903 1519 3968 Car·

157 4021 270 4078 noten.
287 4017 347 4079 sub
363 4034 438 4099 exp.
450 4015 542 4099 preb.
557 4012 738 4097 dignemini
754 4011 940 4098 providere,
956 4033 1024 4079 non
1049 4015 1133 4079 obst.
1150 4011 1241 4095 quod
1255 4009 1289 4074 in
1302 4008 1383 4074 eccl.
1400 4006 1519 4072 Belva-

159 4135 230 4181 cen.
247 4137 322 4184 can.
335 4127 370 4184 et
386 4120 475 4205 preb.
492 4117 640 4183 noscitur
655 4116 816 4182 obtinere.
832 4155 869 4167 -
892 4115 968 4182 Fiat
983 4117 1016 4181 in
1035 4115 1200 4182 Morinen.
1217 4113 1257 4179 R.

201 4217 279 4285 Dat.
295 4221 393 4287 Avin.
415 4225 451 4288 16
466 4220 535 4286 kal.
548 4219 619 4306 julii
635 4241 654 4285 a
675 4227 713 4286 1⁰.
731 4218 774 4304 (Ι,
789 4219 878 4304 260).

242 4359 292 4443 0·
685 4419 690 4426 -
1223 4388 1241 4432 Ι
1287 4389 1352 4433 21
1403 4367 1473 4433 'unu

201 4361 302 4565 Sfitpp.
318 4478 426 4543 nuntii
442 4477 666 4543 universitatis
682 4476 872 4543 Parisiensis
887 4484 979 4561 quat.
996 4474 1129 4540 Thome
1144 4386 1486 4560 dictosthe‚prssnois
1498 4484 1517 4555 ¹,

162 4579 325 4648 Morinen.
341 4582 439 4663 dioc,
455 4601 542 4668 mag.
559 4583 593 4647 in
609 4590 670 4648 art.
686 4582 769 4647 etin
785 4581 884 4661 med,
897 4580 940 4646 de
955 4600 1028 4646 can.
1041 4587 1076 4644 et
1096 4580 1187 4666 preb.
1203 4579 1285 4644 eccl.
1301 4576 1517 4644 Cameracen.

191 4767 218 4830 o)
232 4767 342 4818 L'annde
353 4783 473 4832 uterique.
484 4797 516 4804 -—
527 4769 555 4830 b)
569 4769 609 4816 lin
621 4784 706 4832 merge
721 4786 727 4818 ι
744 4771 867 4820 tlarreetn.
881 4770 918 4817 La
929 4769 989 4817 dete
1000 4769 1132 4832 primitive
1143 4767 1231 4817 demit
1242 4767 1296 4817 etre
1307 4767 1443 4818 d'octobre

196 4955 217 5002 l.
236 4953 341 5014 Denifle,
363 4955 486 5017 (lanei,
506 4956 614 5018 11,528,
633 4957 687 5006 630.
