3650 5675
276 534 347 599 '132
448 548 462 580 ⁰
805 526 893 600 1843,
916 526 952 590 17
974 526 1142 591 novembre.

291 686 452 752 facientes
466 681 609 768 perdant
624 679 768 759 easdem,
779 686 814 743 et
830 679 920 761 quod
932 678 1051 764 singuli
1067 687 1192 745 certam
1219 700 1384 745 summam
1399 679 1489 745 bladi
1506 681 1656 746 similiter

292 790 462 868 amittant,
479 786 541 851 nisi
558 784 695 869 singulis
710 781 827 848 diebus
839 783 967 848 duabus
981 785 1072 850 horis
1099 783 1254 850 intersint
1268 807 1277 864 ;
1296 805 1364 850 non
1382 787 1539 850 obstante
1554 786 1655 851 etiam

293 892 382 977 quod
398 891 580 956 decanatus
594 889 805 974 personalem
820 887 1044 968 residentiam,
1061 889 1164 954 etiam
1185 889 1378 971 juramento
1403 889 1506 974 ipsius
1530 888 1548 967 J
1552 890 1655 956 ohan·

292 996 344 1061 nis
359 994 476 1061 decani
493 994 663 1074 vallatam,
680 991 783 1076 exigit
807 999 842 1056 et
867 992 1014 1076 requirit,
1031 1013 1071 1057 ac
1094 993 1345 1076 quibuscunque
1370 992 1560 1077 privilegiis,
1577 1015 1656 1058 con-

293 1098 523 1164 suetudinibus
539 1104 573 1160 et
589 1097 723 1162 statutis
739 1095 888 1178 eiusdem
912 1096 1063 1176 ecclesie,
1091 1103 1126 1160 et
1149 1096 1222 1161 aliis
1248 1117 1316 1162 non
1335 1099 1431 1176 obst,
1452 1104 1487 1160 et
1504 1097 1656 1163 clausulis

294 1201 467 1289 oportunis
482 1209 518 1265 et
533 1200 775 1265 executoribus
792 1240 835 1249 —
853 1198 928 1263 Fiat
944 1200 978 1264 in
994 1199 1100 1264 forma
1116 1199 1157 1264 ad
1172 1199 1345 1264 biennium
1362 1198 1402 1265 R.

340 1305 420 1371 Dat.
436 1306 536 1370 Avin.
557 1309 595 1368 16
611 1302 678 1369 kal.
695 1303 768 1369 dec.
785 1310 819 1368 a⁰
835 1311 877 1368 2⁰.
895 1304 943 1387 (3,
961 1303 997 1369 P.
1014 1301 1060 1384 ΙΙ,
1079 1303 1146 1386 60).

345 1443 461 1526 580·
1263 1473 1323 1537 154
1324 1474 1357 1537 3,
1373 1471 1415 1537 17
1432 1457 1613 1520 novembre.

338 1561 439 1646 Supp.
457 1558 655 1642 Margareta,
673 1557 841 1642 quondam
857 1557 942 1640 regis
954 1556 1094 1622 Franeie
1108 1557 1183 1637 lilia,
1197 1557 1366 1623 comitissa
1377 1557 1542 1638 Flandrie,
1556 1559 1655 1644 quod,

295 1686 372 1730 cum
387 1672 475 1729 auct.
491 1663 678 1727 litterarum
704 1660 795 1726 dom.
820 1659 1006 1742 Benedicti,
1031 1661 1275 1747 predecessoris
1298 1661 1410 1741 vestri,
1424 1664 1500 1726 cler.
1517 1668 1552 1726 et
1578 1682 1656 1728 cou-

296 1767 435 1833 siliarius
451 1788 538 1846 suus,
561 1786 649 1849 mag.
668 1763 816 1829 Miclrael
831 1763 874 1829 de
900 1763 1070 1849 Tricheyo
1088 1775 1107 1845 ¹,
1124 1785 1197 1830 can.
1223 1773 1257 1828 et
1283 1767 1374 1849 preb.
1392 1764 1425 1829 in
1441 1767 1523 1830 ecel.
1540 1765 1657 1830 Came-

295 1892 417 1952 racen,
435 1888 518 1955 qnos
535 1869 705 1953 quondam
722 1868 866 1933 Gentilis
888 1868 931 1933 de
955 1868 1030 1933 liliis
1047 1869 1125 1934 Ursi
1141 1868 1183 1933 de
1200 1867 1293 1933 Urbe
1310 1868 1342 1931 in
1365 1868 1454 1934 dicta
1470 1870 1562 1950 eccl,
1578 1869 1657 1935 dum

296 1974 435 2054 viveret,
453 1973 636 2053 obtinebat,
653 1992 787 2037 necnon
811 1971 1118 2038 archidiaconatum
1136 1971 1295 2037 Hanonie
1311 1973 1344 2035 in
1367 1972 1457 2038 dicta
1483 1975 1564 2039 eccl.
1580 1984 1599 2054 ²,
1616 1995 1656 2038 ex

296 2078 478 2144 collatione
493 2077 554 2142 sibi
571 2077 658 2142 facta
674 2076 716 2142 de
731 2097 773 2141 eo
788 2096 848 2161 per
870 2075 972 2161 episc.
990 2074 1215 2156 Cameracen,
1231 2096 1291 2161 per
1317 2083 1461 2142 mortem
1476 2076 1565 2142 dom.
1583 2076 1656 2142 Bal-

296 2181 388 2247 duini
405 2180 447 2246 de
463 2179 841 2265 Colemedio,quondam
854 2179 1013 2244 Hauonie
1023 2178 1259 2260 archidiaconi,
1271 2180 1431 2262 obtineat,
1443 2189 1477 2246 et
1489 2180 1657 2266 predictos

299 2288 373 2350 can.
389 2293 424 2349 et
439 2287 531 2370 preb.
548 2305 587 2350 ac
614 2283 923 2349 archidiaconatum
951 2284 1142 2365 obtinuerit,
1159 2284 1244 2349 sicut
1269 2291 1303 2349 et
1328 2305 1418 2351 nune
1443 2286 1582 2364 obtinet,
1598 2305 1657 2371 per

297 2390 404 2454 multa
418 2396 573 2473 tempora
587 2381 727 2473 pacifice
750 2396 785 2452 et
810 2387 923 2471 quiete
936 2411 944 2467 ;
973 2396 1138 2472 quatenus
1163 2389 1423 2474 acceptationes,
1449 2391 1656 2468 collationes

297 2500 332 2556 et
347 2492 572 2577 possessiones
598 2491 835 2578 predictorum,
852 2498 943 2555 etex
969 2491 1034 2555 hiis
1058 2490 1294 2577 dependentia,
1311 2492 1345 2556 in
1370 2513 1550 2578 personam
1578 2493 1657 2559 dicti

298 2594 475 2662 Michaelis
490 2595 673 2681 dignemini
689 2603 778 2661 auct.
794 2603 901 2680 apost.
919 2595 1127 2660 coufinnare.
1143 2594 1275 2660 -Fiat
1290 2595 1329 2662 R.

340 2698 419 2765 Dat.
435 2702 535 2766 Avin.
556 2720 592 2784 15
610 2700 676 2764 kal.
692 2699 764 2764 dec.
781 2708 813 2763 a‘¹
831 2707 872 2764 2⁰.
890 2699 939 2782 (3,
957 2697 994 2762 P.
1011 2697 1056 2779 Il,
1076 2706 1158 2784 5ol').

347 2836 456 2920 581.
1262 2868 1325 2933 134
1324 2869 1357 2932 3,
1374 2868 1416 2931 17
1433 2853 1613 2916 rrooembre.

340 2954 504 3038 Dignetur
519 2954 551 3017 S.
567 2951 607 3017 V.
630 2952 806 3037 providere
822 2951 979 3032 Guidoni,
995 2952 1047 3017 tit.
1065 2953 1096 3018 S.
1113 2952 1239 3018 Cecilie
1265 2956 1372 3039 presb.
1400 2955 1498 3036 card,
1515 2955 1557 3020 de
1582 2974 1653 3019 can.

296 3066 330 3121 et
357 3060 448 3142 preb.
465 3058 546 3122 eccl.
573 3055 751 3137 Morinen,
768 3076 852 3141 quos
875 3057 1051 3121 obtinebat
1077 3056 1276 3123 Eustachius
1291 3057 1332 3123 de
1355 3059 1427 3142 llys
1443 3068 1463 3137 ³,
1480 3058 1536 3141 qui
1551 3076 1655 3143 nuper

297 3169 393 3225 extra
411 3161 508 3226 Rom.
525 3181 592 3226 cur.
609 3159 698 3224 diem
715 3159 832 3225 clausit
848 3170 1046 3227 extremum.
1063 3203 1106 3211 —
1122 3162 1199 3227 Fiat
1214 3170 1308 3228 motu
1323 3160 1456 3247 proprio
1474 3160 1514 3227 R.

340 3268 419 3332 Dat.
434 3266 535 3330 Arin.
555 3284 591 3349 15
608 3264 675 3329 kal.
690 3264 763 3330 dec.
779 3272 812 3329 a⁰
829 3272 870 3330 2⁰.
888 3266 937 3351 (3,
954 3265 991 3331 P.
1009 3265 1054 3347 ΙΙ,
1070 3268 1136 3351 52).

347 3403 461 3488 582.
1262 3437 1322 3500 134
1323 3437 1356 3500 3,
1374 3434 1414 3499 17
1432 3418 1614 3483 novembre.

340 3524 441 3609 Supp.
463 3519 572 3585 Maria
601 3520 643 3585 de
672 3519 840 3600 Artlresi0,
872 3519 1043 3585 comitissa
1071 3518 1320 3601 Namurcensis,
1348 3520 1449 3604 quod,
1478 3542 1553 3587 cum
1586 3520 1657 3607 ipsa

298 3627 401 3692 liliam
417 3642 511 3691 suam
528 3622 753 3708 Margaretam
771 3624 803 3687 in
818 3623 1023 3688 monasterio
1040 3624 1168 3690 incluso
1183 3623 1225 3688 de
1242 3623 1462 3708 Penteghiem
1474 3646 1551 3691 cum
1567 3645 1656 3689 soro·

296 3731 385 3796 ribus
401 3728 524 3795 ibidem
541 3726 616 3793 Deo
631 3726 803 3808 dedicatis,
830 3726 872 3792 O.
890 3726 927 3792 F.
957 3726 1051 3808 Min,
1078 3727 1257 3807 incluserit,
1283 3736 1317 3791 et
1342 3728 1483 3793 eandem
1505 3728 1656 3813 omnipo-

296 3834 381 3899 tenti
399 3832 473 3898 Deo
489 3830 704 3910 dedicaverit,
715 3830 804 3915 quod
820 3831 1061 3896 monasterium
1072 3831 1230 3896 situatum
1247 3831 1345 3895 estin
1362 3830 1449 3897 dioc.
1460 3830 1654 3912 Tornacen,

297 3942 356 4004 sub
372 3938 525 4003 districtu
541 3944 576 4000 et
591 3934 742 4001 dominio
758 3935 816 3999 filii
833 3934 882 4000 sui
899 3934 1033 4000 comitis
1060 3934 1309 4017 Namurcensis,
1326 3942 1360 3999 et
1386 3937 1427 4000 ab
1456 3936 1526 4021 ejus
1541 3934 1655 4023 prede-

297 4041 481 4108 cessoribus
496 4039 672 4104 fimdatum
688 4047 722 4103 et
739 4046 989 4119 constructum;
1007 4038 1097 4123 quod
1113 4038 1185 4125 ipsa
1202 4037 1312 4104 Maria
1327 4039 1506 4119 comitissa,
1523 4060 1599 4105 cum
1615 4038 1656 4104 ad

296 4144 424 4210 dictum
450 4144 689 4210 monasterium
715 4142 859 4207 eandem
883 4142 998 4207 venire
1024 4143 1211 4227 contigerit,
1240 4143 1347 4228 ipsum
1372 4143 1458 4209 intra
1482 4143 1656 4223 inclusum,

297 4270 374 4315 cum
396 4270 431 4313 12
458 4248 609 4333 personis
633 4246 785 4331 ydoneis,
812 4246 939 4311 totiens
963 4248 1118 4331 quotiens
1143 4247 1337 4334 expedierit,
1362 4247 1505 4331 gratiose
1521 4256 1556 4312 et
1579 4267 1656 4312 cum

296 4353 473 4418 honestate
497 4371 563 4435 qua
586 4371 662 4415 eam
687 4350 797 4431 decet,
827 4350 939 4415 valeat
970 4352 1179 4432 subintrare;
1206 4354 1380 4418 contrariis
1407 4352 1657 4436 quibuscunque

295 4455 484 4541 pririlegiis,
501 4453 644 4536 statutis,
672 4454 936 4521 ordinationibus
951 4477 1009 4522 seu
1025 4457 1200 4523 sententiis
1226 4457 1307 4523 dicti
1334 4456 1526 4523 monasterii
1550 4458 1656 4542 aqui-

295 4562 489 4642 buscunque
505 4558 671 4623 emanatis
685 4579 755 4624 non
770 4560 980 4625 obstantibus
994 4571 1015 4626 ⁴.
1030 4600 1073 4611 -
1089 4560 1165 4627 Fiat
1181 4582 1257 4627 cum
1274 4571 1354 4627 octo
1371 4560 1411 4627 R.

340 4661 418 4726 Dat.
435 4662 535 4727 Asin.
556 4680 592 4745 15
609 4660 675 4727 kal.
691 4661 764 4728 dec.
779 4670 813 4727 a⁰
823 4670 865 4728 2⁰.
883 4665 932 4745 (3,
950 4663 986 4730 Ρ.
1003 4663 1049 4746 ΙΙ,
1068 4684 1084 4749 5
1110 4667 1135 4751 ).

329 4898 349 4943 Ι.
368 4896 431 4943 l'oir
449 4910 474 4944 n.
486 4898 525 4945 69,
537 4924 569 4931 —-
588 4899 611 4944 2.
630 4894 687 4945 etto
705 4896 729 4945 le
748 4899 776 4945 21
798 4896 884 4959 juillet
905 4900 968 4947 1348
987 4900 1132 4961 (Devillcrs,
1150 4902 1218 4950 (lui.
1239 4900 1270 4947 de
1289 4900 1465 4962 multarum,
1488 4901 1522 4962 ΙΙ,
1543 4900 1655 4963 281).-

294 4972 316 5019 3.
327 4970 388 5018 l'oir
399 4984 424 5019 n.
437 4972 492 5019 378.
503 5000 535 5005 —
547 4972 569 5019 l.
583 4970 672 5031 Eubcl,
685 4970 792 5022 Bullar.
805 4972 942 5034 Flanona,
955 4974 999 5035 Vl,
1013 4988 1038 5037 p.
1051 4976 1104 5036 137,
1117 4990 1142 5025 n.
1154 4977 1209 5026 239.
