3650 5675
276 496 337 559 208
841 489 930 561 1345.
953 489 973 553 r
990 488 1068 570 jun.

275 644 457 731 dignemini
485 642 679 729 indulgere;
705 640 981 720 contradictores,
1005 648 1081 720 eto,
1104 638 1401 705 consuetudinibus
1422 648 1481 705 aut
1503 640 1638 707 statutis

276 748 477 833 quibuslibet
492 768 560 813 non
577 749 663 814 obst.
680 755 718 813 ut
734 746 767 810 in
783 745 899 811 forma.
916 784 960 793 -
975 742 1052 809 Fiat
1067 744 1110 810 de
1126 765 1156 827 4.
1174 742 1215 809 R.

320 910 403 971 835.
419 902 507 968 Item
523 924 618 989 supp.
638 901 717 989 [pro
733 902 800 968 ind.
817 901 850 966 in
866 910 928 968 art.
945 901 1080 989 mortis]
1100 909 1137 969 ut
1153 903 1187 967 in
1203 903 1321 970 forma.
1342 941 1375 954 -
1396 884 1471 970 Fiat
1488 903 1529 970 R.

318 1007 409 1073 Item
433 1027 528 1093 supp.
555 1014 647 1092 quat.
671 1006 733 1071 sibi
749 1014 784 1071 et
799 1004 1005 1071 monasterio
1021 1027 1092 1087 su0,
1109 1006 1353 1094 quodpropter
1376 1008 1637 1094 oppressionem,

277 1112 376 1177 situm
394 1110 495 1197 ipsius
514 1110 707 1177 monasterii
727 1110 815 1175 inter
828 1117 999 1197 potentes,
1015 1109 1071 1194 qui
1087 1110 1130 1176 ad
1143 1112 1234 1176 bona
1259 1119 1294 1177 et
1314 1112 1390 1196 jura
1406 1111 1508 1197 ipsius
1521 1132 1639 1178 mona·

277 1216 366 1282 sterii
382 1235 501 1281 manus
513 1236 588 1281 suas
604 1216 748 1281 libenter
770 1214 968 1294 extendunt,
984 1223 1020 1279 et
1034 1216 1138 1280 etiam
1153 1223 1292 1301 propter
1307 1236 1441 1302 guerras
1456 1224 1507 1281 est
1522 1216 1556 1279 in
1572 1215 1639 1281 suis

273 1320 401 1407 juribus
424 1327 460 1385 et
482 1319 666 1386 redditibus
690 1318 869 1404 plurimum
892 1318 1105 1400 diminutum,
1123 1327 1375 1385 conservatores
1390 1327 1570 1405 perpetuos
1585 1321 1639 1384 vel

277 1424 368 1503 alias,
379 1423 563 1489 secundum
575 1424 665 1507 quod
675 1420 716 1489 V.
731 1422 892 1509 placuerit
905 1421 948 1503 S.,
962 1422 1146 1489 concedere
1161 1422 1345 1508 dignemini
1358 1423 1392 1487 in
1405 1424 1511 1488 forma
1528 1422 1639 1488 conci-

278 1528 312 1592 lii
330 1527 578 1593 Viennensis·
600 1525 678 1592 Fiat
693 1526 736 1591 ad
750 1526 932 1591 triennium
949 1526 989 1591 R.

324 1690 406 1751 836.
437 1681 535 1762 Item,
560 1688 598 1745 ut
622 1679 770 1746 fidelium
796 1687 956 1764 augeatur
982 1678 1130 1762 devotio,
1155 1701 1251 1766 supp.
1269 1690 1361 1765 quat.
1380 1681 1535 1747 omnibus
1557 1702 1636 1746 vere

281 1786 510 1873 penitentibus
525 1792 559 1850 et
576 1783 745 1865 confessis,
762 1784 818 1868 qui
835 1784 964 1849 dictum
976 1784 1215 1849 monasterium
1232 1784 1266 1849 in
1282 1784 1418 1870 singulis
1433 1784 1465 1850 S.
1481 1783 1639 1866 BavoniS,

285 1890 350 1977 [S.]
382 1888 559 1967 Macharii,
586 1887 618 1953 S.
645 1886 831 1953 Landoaldi
858 1885 946 1952 conf.
973 1888 1146 1971 sanctique
1171 1887 1281 1953 Livini
1307 1888 1408 1974 episc.
1431 1898 1466 1954 et
1488 1888 1640 1971 martiris,

282 2014 423 2079 quorum
443 1993 582 2077 reliquie
608 1991 759 2057 indicto
785 1991 991 2057 monasterio
1017 1991 1239 2075 requiescunt,
1265 1992 1500 2058 festivitatibus
1524 2012 1564 2058 ac
1587 1992 1641 2058 die

282 2097 552 2163 circumcisionis
567 2096 705 2161 Domini
721 2095 939 2176 visitaverint,
964 2116 1098 2161 necnon
1119 2096 1338 2163 confratribus
1361 2096 1641 2164 confraternitatis

281 2200 313 2268 S.
325 2200 434 2266 Livini
448 2222 525 2266 cum
537 2200 692 2266 omnibus
703 2199 884 2285 peregrinis
900 2199 955 2283 qui
969 2220 1083 2265 secum
1095 2200 1311 2280 fuerint,dum
1327 2201 1486 2267 feretrum
1500 2201 1641 2287 predicti

282 2304 313 2370 S.
339 2303 449 2369 Livini
474 2304 517 2370 de
540 2302 745 2369 monasterio
770 2302 814 2367 ad
837 2303 950 2368 locum
974 2304 1023 2367 sui
1048 2302 1186 2368 martirii
1202 2324 1242 2368 ac
1258 2303 1400 2389 sepulcri
1422 2312 1573 2388 portatur
1587 2307 1642 2370 vel

148 2459 155 2479 .
281 2415 470 2493 reportatur
486 2418 503 2489 ¹,
520 2414 588 2472 tres
603 2426 710 2472 annos
725 2414 761 2471 et
778 2414 846 2471 tres
869 2406 1098 2491 quadragenas
1118 2407 1172 2472 vel
1189 2407 1281 2488 alias,
1298 2407 1481 2473 secundum
1497 2409 1587 2492 quod
1601 2407 1641 2475 V.

280 2512 442 2597 placuerit
458 2511 548 2593 S.‚de
564 2511 720 2595 injunctis
736 2511 783 2575 eis
798 2510 993 2596 penitentiis
1008 2511 1189 2595 dignemini
1202 2512 1361 2576 relaxare.
1371 2552 1414 2560 —
1427 2510 1502 2577 Fiat
1517 2512 1559 2578 de
1574 2533 1641 2578 uno

280 2636 371 2680 anno
387 2624 421 2680 et
437 2636 504 2680 una
519 2616 742 2700 quadragena.
759 2613 800 2679 R.

325 2717 414 2784 Item
437 2739 533 2805 supp.
558 2728 650 2804 quat.
675 2719 736 2784 sibi
762 2726 799 2784 ut
823 2718 904 2784 duas
927 2739 1089 2804 personas
1112 2718 1262 2805 ydoneas
1278 2720 1311 2784 in
1327 2721 1475 2786 notarios
1488 2719 1640 2805 publicos

280 2830 388 2909 apost.
416 2830 503 2890 auct.
531 2823 691 2910 preficere
717 2824 830 2889 valeat
857 2831 891 2889 et
919 2843 1031 2889 creare
1060 2823 1180 2890 vestris
1208 2824 1329 2890 litteris
1356 2824 1388 2889 in
1413 2824 1518 2890 forma
1541 2823 1638 2889 solita

280 2927 322 2992 de
338 2947 428 3012 spec.
443 2928 551 3012 gratia
568 2928 752 2993 concedere
768 2927 951 3011 dignemini
968 2927 1174 2994 facultatem.
1189 2969 1232 2977 —
1249 2927 1326 2994 Fiat
1342 2928 1382 2993 R.

325 3029 402 3094 Dat.
420 3049 472 3115 ap.
488 3028 738 3094 Villamnovam
753 3050 770 3093 2
787 3050 865 3094 non.
878 3029 948 3112 jun.
964 3035 999 3093 a⁰
1014 3037 1057 3113 4⁰.
1070 3032 1118 3112 (9,
1139 3031 1199 3113 19).

334 3185 446 3270 837·
1370 3217 1464 3284 1545,
1481 3215 1500 3280 7
1510 3195 1596 3278 juin.

325 3303 426 3389 Supp.
442 3302 563 3384 Gnido,
578 3304 631 3368 tit.
648 3303 679 3368 S.
696 3302 820 3368 Cecilie
835 3305 944 3388 presb.
961 3303 1061 3383 card,
1077 3311 1168 3388 quat.
1183 3303 1405 3390 [procuratori
1415 3321 1486 3381 suc,
1497 3298 1638 3366 Matheo

281 3407 323 3472 de
347 3405 529 3487 Feukeriis‚
551 3409 658 3493 presb.
675 3407 875 3472 Ambianen.
898 3406 997 3487 dioc,
1014 3426 1087 3491 cap.
1103 3406 1213 3493 perp]
1232 3407 1265 3471 in
1281 3408 1364 3472 eccl.
1381 3404 1547 3470 Morinen.
1563 3413 1584 3484 ²,
1598 3403 1641 3469 de

281 3531 367 3597 pers.
398 3511 498 3576 rurali
524 3510 567 3576 de
594 3510 746 3592 Flechin,
765 3509 933 3576 Morinen.
961 3509 1058 3589 dioc,
1080 3511 1173 3595 cujus
1196 3511 1376 3576 redditus...
1397 3531 1433 3574 12
1456 3509 1513 3573 lib.
1540 3507 1641 3573 Paris

281 3615 432 3680 valorem
447 3635 596 3680 annuum
613 3615 838 3680 communiter
853 3634 922 3678 non
939 3613 1117 3694 excedunt,
1133 3634 1208 3680 vac.
1225 3613 1315 3700 apud
1330 3613 1444 3679 sedem
1460 3619 1567 3697 apost.
1582 3630 1642 3696 per

281 3718 422 3783 liberam
432 3717 551 3801 resign.
564 3715 723 3782 Willelmi
735 3717 815 3782 dicti
826 3716 875 3782 Le
885 3716 1000 3798 Cirier,
1013 3718 1096 3782 alias
1110 3717 1152 3783 de
1168 3717 1309 3798 Celario,
1320 3717 1354 3781 in
1370 3715 1524 3780 manibus
1539 3714 1641 3798 ipsius

283 3820 372 3886 card.
397 3820 530 3901 factam,
547 3829 582 3886 et
597 3841 657 3906 per
672 3841 750 3886 eum
766 3821 946 3886 admissam
961 3821 1003 3886 de
1019 3821 1180 3887 mandato
1203 3821 1235 3888 S.
1251 3820 1290 3887 V.
1307 3820 1367 3886 sibi
1384 3818 1537 3905 primitus
1552 3816 1641 3882 facto

283 3925 419 3991 oraculo
444 3925 520 3988 vive
546 3925 650 4006 vocis,
673 3923 854 4008 dignemini
871 3923 1049 4010 providere
1063 3947 1072 4004 ;
1089 3945 1157 3988 non
1174 3926 1259 3989 obst.
1277 3923 1368 4009 quod
1381 3923 1507 3988 dictam
1522 3920 1640 4005 capell.

282 4027 435 4093 obtinere
461 4036 618 4093 noscatur
641 4027 799 4112 quodque
826 4027 996 4111 quandam
1023 4027 1163 4111 gratiam
1178 4026 1221 4091 de
1237 4026 1348 4110 aliqua
1363 4026 1481 4110 capell.
1497 4044 1590 4110 perp.
1605 4022 1640 4086 in

283 4130 401 4196 eadem
417 4131 498 4196 eccl.
515 4129 684 4196 Morinen.
701 4133 742 4195 ab
759 4131 876 4196 eadem
893 4130 925 4196 S.
941 4130 1090 4195 noscitur
1113 4129 1305 4194 obtinuisse.
1320 4169 1364 4178 -
1380 4128 1456 4194 Fiat
1472 4126 1512 4194 R.

327 4234 406 4300 Dat.
422 4254 475 4320 ap.
491 4233 740 4300 Villamnovam
757 4254 775 4319 7
792 4234 835 4301 id.
848 4235 919 4318 jun.
936 4241 968 4298 a⁰
984 4240 1028 4317 4⁰.
1042 4233 1090 4316 (9,
1110 4233 1177 4318 20).

336 4386 451 4472 838.
1373 4417 1468 4483 1345,
1485 4416 1504 4481 7
1513 4395 1600 4478 jum.

328 4505 429 4590 Supp.
457 4504 674 4584 Sicardalhus,
701 4505 781 4570 olim
807 4505 896 4590 prior
923 4504 1088 4589 prioratus
1103 4503 1134 4568 S.
1151 4503 1239 4568 Salvi
1266 4524 1371 4589 prope
1387 4499 1643 4588 Valen[cenas],

285 4607 480 4674 Cluniacen.
505 4608 574 4674 ord.
600 4617 634 4672 et
659 4608 746 4673 dioc.
774 4607 1002 4688 Cameracen,
1023 4616 1056 4671 et
1082 4606 1278 4673 Guillelmus
1294 4607 1336 4672 de
1352 4606 1544 4685 Clucina00,
1560 4604 1641 4670 olim

292 4765 380 4773 —

320 4851 340 4897 Ι.
354 4850 402 4896 Sur
413 4855 481 4898 cette
494 4852 637 4912 procession
649 4850 770 4899 annuelle
781 4853 797 4898 a
810 4847 1122 4907 flantem-Saint-Lidvim
1134 4849 1190 4894 noir
1201 4847 1268 4893 Arta
1286 4845 1435 4892 Sirra-torum
1448 4841 1535 4903 Belpii
1546 4839 1642 4897 selecta,

286 4929 304 4972 t.
319 4923 366 4981 ΙΙΙ,
382 4925 425 4970 127
439 4939 444 4980 ;
460 4925 566 4984 Diericx,
582 4921 711 4970 lle'nwtm
722 4939 767 4970 rur
779 4923 805 4972 Iu
821 4923 878 4970 cille
888 4923 920 4972 de
935 4923 1017 4984 Gauri,
1031 4923 1065 4979 II,
1079 4925 1103 4969 2‘
1115 4925 1188 4984 part..
1201 4921 1315 4968 avo-403.
1325 4947 1331 4952 -
1342 4947 1357 4952 --
1377 4921 1400 4965 2.
1412 4917 1475 4962 Voir
1485 4929 1511 4962 n.
1523 4915 1577 4969 448,
1589 4914 1644 4961 821.
