3650 5675
724 469 812 541 1348,
835 466 928 530 26-28
950 471 1030 532 aaut.
1497 473 1558 540 375

251 619 382 707 1411.
1258 633 1352 716 1348,
1370 633 1411 698 26
1427 639 1515 701 boat.

242 737 407 821 Dignetur
422 735 454 801 S.
469 734 510 801 V.
525 736 676 821 graciose
689 733 864 822 providere
884 733 904 812 J
906 737 1015 800 acobo
1027 733 1068 799 de
1082 733 1249 818 Frangies,
1263 736 1385 802 clerico
1398 736 1557 806 Leodien.

197 839 296 922 dioc,
312 840 354 906 de
370 860 445 906 can.
461 847 496 905 et
510 842 603 925 preb.
619 839 797 923 collegiate
813 838 895 904 eccl.
912 837 944 903 S.
961 837 1051 903 Petri
1067 839 1252 924 puellarum
1269 839 1499 946 i³ictaviensis
1515 883 1558 892 -

200 943 435 1112 ffissaltlffl
452 1064 471 1130 7
486 1045 555 1113 hal.
570 1055 655 1133 sept.
676 1053 710 1111 a⁰
726 1053 767 1130 7⁰.
784 1046 854 1130 (15,
868 1044 947 1130 210)

254 1184 387 1265 1412.
1256 1199 1350 1281 1548,
1368 1200 1413 1262 28
1425 1205 1512 1264 aodl.

242 1303 332 1387 Sign.
348 1303 380 1367 S.
396 1300 437 1367 V.
453 1299 652 1381 Galhardus,
668 1301 700 1367 S.
716 1299 820 1366 Lucie
832 1301 866 1364 in
878 1300 970 1365 silice
982 1299 1143 1366 diaconus
1156 1299 1341 1382 cardinalis,
1358 1300 1447 1385 quod
1459 1301 1558 1366 infra-

198 1406 312 1493 scripti
328 1405 497 1490 quondam
513 1404 678 1492 capellani
706 1411 740 1468 et
767 1403 877 1469 clerici
905 1403 954 1469 sui
978 1402 1159 1468 familiares
1182 1405 1433 1484 commensales,
1459 1405 1557 1468 infra·

198 1512 321 1597 scripta
335 1510 499 1577 beneficia
514 1511 632 1575 eccles.
650 1509 851 1588 obtinentes,
867 1508 996 1574 scilicet
1011 1507 1161 1592 magistri
1178 1507 1394 1592 Berengarius
1407 1507 1556 1592 Gregorii

198 1613 397 1695 Leodien.,¹
419 1613 438 1692 J
442 1614 595 1679 ohannes
618 1611 741 1678 Maseti
765 1610 919 1696 Burgen.,
944 1610 1131 1677 Bernardus
1153 1611 1195 1677 de
1218 1611 1319 1676 Sistre
1339 1609 1557 1697 Mirapiscen.

199 1725 234 1782 et
249 1717 281 1782 S.
298 1716 452 1783 Marcelli
468 1737 572 1802 prope
588 1715 741 1796 Parisios,
758 1714 777 1793 J
781 1716 932 1780 ohannes
957 1712 1135 1780 Michaelis
1153 1714 1185 1780 S.
1211 1709 1300 1776 Petri
1324 1709 1366 1776 de
1392 1709 1560 1800 Macer-irs,

200 1819 404 1886 Bertrandus
419 1819 462 1886 de
477 1819 666 1885 Albinhaco
681 1819 723 1884 de
735 1821 959 1904 Aquasparse,
971 1817 1191 1904 Raymundus
1204 1815 1358 1882 Gebelini
1371 1815 1412 1880 de
1426 1814 1560 1880 Forcal·

201 1925 326 2008 querio,
342 1932 377 1989 et
392 1923 567 2002 Johannes
592 1921 716 1989 Maseti
743 1922 785 1988 de
814 1921 1020 2003 Excelduno,
1049 1920 1200 2002 Remen,
1228 1919 1419 2000 Bituricen,
1448 1918 1561 1983 Claro-

200 2035 352 2094 monten.
367 2036 401 2093 et
417 2028 607 2093 Sistaricen.
623 2027 804 2107 diocesum,
822 2027 1038 2092 ecclesiarum
1062 2027 1214 2092 canonici
1238 2023 1497 2112 prebendati,‘et
1512 2022 1554 2087 de

203 2129 413 2211 Montealbo,
429 2130 472 2196 de
488 2130 649 2197 Wesinon
665 2139 701 2196 et
715 2129 946 2197 deVillanova
968 2130 1192 2214 parrochiales
1215 2129 1383 2209 ecclesias,
1407 2136 1441 2192 et
1465 2147 1562 2211 quas-

200 2235 278 2300 dam
293 2242 472 2322 perpetuas
488 2234 692 2320 capellanias
707 2234 742 2299 in
758 2234 840 2300 eccl.
856 2234 899 2300 de
922 2233 1058 2299 Siclinio
1074 2240 1109 2298 et
1131 2233 1173 2299 de
1201 2231 1401 2318 Camphino,
1418 2251 1458 2296 ac
1473 2231 1563 2296 vica-

199 2339 283 2404 riam
312 2338 464 2425 parroch.
496 2338 637 2404 ecclesie
666 2337 709 2404 de
735 2336 893 2418 Lunasi0,
925 2335 1099 2418 Biterren,
1124 2335 1342 2417 Wintonien,
1371 2334 1562 2416 Bituricen,

200 2440 388 2508 Tomacen.
404 2450 440 2508 et
455 2441 645 2507 Sistaricen.
660 2441 842 2521 diocesum,
859 2448 894 2506 et
909 2440 1055 2525 quedam
1078 2439 1298 2526 prestimonia
1314 2459 1373 2504 seu
1388 2438 1563 2524 prestimo-

200 2543 305 2609 niales
330 2545 505 2630 portiones
528 2545 563 2608 in
589 2543 681 2610 dicta
706 2543 849 2628 Burgen.
881 2542 1023 2608 ecclesia
1052 2543 1268 2622 obtinentes3
1297 2562 1338 2607 ac
1365 2541 1562 2606 Guillelmus

201 2647 345 2733 Peyrole
372 2649 491 2714 ruralis
520 2649 552 2714 S.
582 2648 706 2727 Juliani
733 2648 775 2714 de
802 2647 986 2726 AntonitiS,
1015 2644 1161 2723 Jacobus
1188 2642 1365 2726 Gaitterii,'
1379 2645 1434 2729 qui
1459 2645 1561 2708 etiam

202 2753 347 2818 mediam
362 2752 530 2817 rationem
546 2760 581 2817 et
596 2750 815 2838 prestimonia
830 2750 873 2816 de
896 2747 1058 2813 Bilhodos
1073 2755 1107 2812 et
1123 2747 1165 2812 de
1190 2746 1348 2833 Ripperia
1371 2747 1404 2811 in
1421 2748 1562 2811 ecclesia

202 2854 427 2942 Vallisposite,
452 2856 595 2940 Burgen.
622 2855 720 2935 dioc,
744 2854 930 2933 obtinebat,
947 2852 1060 2917 Sancti
1078 2851 1203 2917 Privati
1233 2851 1276 2917 de
1307 2850 1562 2937 Campoclauso,

202 2958 222 3037 J
225 2960 376 3026 ohannes
391 2960 434 3025 de
449 2958 563 3040 Calen,
580 2959 622 3024 de
638 2958 768 3024 Casetis
784 2966 819 3023 et
842 2958 884 3022 de
909 2956 1117 3023 Possinhaco
1140 2955 1303 3021 canonice
1327 2955 1505 3037 unitarum,
1523 2977 1562 3021 ac

203 3060 390 3128 Galhardus
406 3061 547 3127 Mosteti
564 3062 596 3127 S.
608 3061 767 3126 Fremerii
785 3059 1154 3145 Magalonen.,Uticen.
1167 3069 1201 3125 et
1213 3059 1371 3126 Vasaten.
1382 3060 1562 3141 diocesum,

205 3166 356 3251 patrocli.
372 3166 588 3232 ecclesiarum
603 3173 760 3244 rectoreS,
776 3165 905 3231 scilicet
921 3163 1109 3230 Bernardus
1124 3164 1167 3230 de
1183 3164 1285 3229 Sistre
1301 3164 1334 3228 in
1351 3164 1393 3230 de
1403 3166 1561 3245 Andusia,

204 3276 239 3333 et
255 3268 453 3336 Guillelmus
469 3270 612 3355 Peyrole
628 3268 661 3333 in
688 3268 730 3333 de
755 3267 978 3353 Bettoyrano,
1005 3288 1122 3333 eorum
1147 3267 1271 3353 proprii
1295 3267 1454 3334 domicilii
1470 3268 1561 3349 locis.

202 3372 514 3467 dictelNemausen.
531 3371 628 3452 dioc,
655 3374 697 3437 ab
723 3364 900 3436 Avinionis
926 3372 1065 3438 civitate
1092 3372 1178 3436 ultra
1201 3371 1284 3437 duas
1306 3368 1417 3437 dietas
1439 3373 1562 3457 legales

204 3496 271 3542 non
287 3476 498 3557 distantibus,
515 3476 559 3541 ad
575 3496 640 3560 que
656 3475 740 3541 citra
755 3475 876 3540 festum
893 3474 1022 3541 Pasche
1039 3475 1191 3560 proxime
1206 3462 1413 3562 preteritum,
1424 3475 1466 3539 de
1481 3476 1561 3559 dicti

204 3580 380 3646 cardinalis
394 3579 531 3645 licentia
547 3600 583 3644 se
598 3580 857 3659 transtulerant3
874 3578 991 3663 reliqui
1019 3599 1101 3643 vero
1128 3578 1307 3643 familiares
1332 3586 1367 3643 et
1392 3600 1561 3644 commen-

203 3684 289 3748 sales
311 3674 452 3769 predicti
477 3683 511 3747 in
537 3681 693 3747 Romana
720 3682 811 3747 curia
837 3682 1082 3762 decesserunt,
1109 3682 1274 3766 quodque,
1302 3683 1388 3746 ultra
1413 3681 1561 3767 predicta

204 3788 376 3867 beneficia,
407 3780 610 3870 Berengario
640 3784 790 3869 Gregorii
820 3785 862 3851 de
900 3785 932 3851 S.
963 3785 1111 3850 Severini
1146 3784 1375 3870 Burdegalen,
1413 3784 1432 3863 J
1436 3785 1561 3850 ohanni

206 3888 384 3956 Michaelis
412 3890 454 3955 de
484 3892 602 3955 Asten.
632 3890 847 3955 ecclesiarum
878 3889 1131 3955 canonicatibus
1154 3898 1190 3956 et
1215 3890 1402 3976 prebendis
1433 3890 1562 3975 ipsique

203 3992 352 4071 Johanni
378 3993 420 4059 de
444 3993 760 4079 archipresbiteratu
786 3993 818 4058 S.
846 3991 956 4058 Marie
984 3991 1026 4057 de
1053 3991 1177 4073 Grana,
1202 4002 1237 4058 et
1263 3992 1411 4071 Johanni
1438 3991 1560 4059 Maseti

204 4097 363 4183 predictis
377 4097 421 4163 de
436 4098 588 4182 parroch.
604 4090 793 4163 ecclesia‘S.
810 4096 953 4163 Baudilii
970 4096 1013 4162 de
1036 4089 1225 4178 Blandatio,
1251 4118 1291 4163 ac
1318 4091 1504 4163 Bertra'ndo
1519 4097 1561 4163 de

206 4199 307 4281 Cave,
335 4200 485 4265 familiari
509 4210 544 4266 et
568 4200 786 4265 commensali
813 4199 955 4285 predicti
982 4199 1174 4289 cardinalis,
1201 4201 1257 4285 qui
1282 4201 1384 4266 etiam
1412 4202 1445 4266 in
1472 4202 1562 4267 dicta

205 4303 296 4368 curia
311 4302 441 4388 pridem
456 4302 545 4367 diem
561 4304 679 4369 clausit
694 4312 892 4383 extremum,
908 4303 951 4368 de
974 4304 1126 4390 parroch.
1149 4304 1298 4369 ecclesiis
1314 4305 1355 4370 de
1372 4304 1502 4370 Casatis
1528 4314 1563 4371 et

204 4405 247 4471 de
263 4406 468 4471 Possinhaco
484 4406 645 4471 canonice
660 4406 770 4487 unitis,
787 4404 954 4487 Vasaten.,
970 4408 1086 4472 Asterr.
1103 4414 1138 4471 et
1161 4405 1363 4473 Nemausen.
1380 4409 1561 4489 diocesum,

204 4516 286 4575 tunc
300 4510 506 4589 vacantibus,
523 4509 555 4576 S.
571 4508 611 4575 V.
627 4509 766 4575 duxerat
781 4509 1037 4595 providendum,
1050 4510 1110 4574 sed
1120 4517 1272 4597 tempore
1288 4511 1337 4576 sui
1354 4513 1464 4577 obitus
1479 4534 1562 4577 non-

205 4612 286 4677 dum
301 4613 433 4678 fuerant
448 4632 561 4677 earum
577 4614 821 4701 possessionem
838 4614 962 4699 adepti.
980 4614 1031 4678 De
1048 4614 1249 4679 canonicatu
1261 4614 1423 4698 siquidem
1440 4625 1474 4680 et
1489 4638 1562 4703 pre-

205 4716 316 4782 benda
332 4717 473 4782 ecclesie
490 4716 643 4801 Reatine,
662 4739 745 4804 quos
761 4718 932 4804 quondam
956 4718 1119 4784 Nicolaus
1146 4717 1316 4799 Paccheti,
1343 4718 1512 4784 familiaris
1528 4730 1564 4787 et

201 4879 204 4885 ’
239 4906 448 4966 1.vorrn.vas;
467 4908 567 4970 urmes,
581 4908 721 4967 mitari.
