3650 5675
703 590 706 595 <
748 545 834 618 1843,
858 544 931 609 Μ
952 547 1032 610 aodt.
1511 549 1568 614 105

202 716 250 780 gr.
266 695 347 760 fecit
361 693 405 760 de
419 697 497 759 ben.
512 694 595 760 eccl.
611 693 656 760 ad
670 694 746 760 coll.
773 694 893 760 decani
920 701 955 758 et
983 713 1057 780 cap.
1087 695 1383 782 Antu'erpiensiS,..
1409 697 1452 762 de
1476 719 1569 784 perp.

203 798 324 884 capell.
341 798 375 862 in
387 797 539 883 predicta
553 797 636 863 eccl.
653 818 712 884 per
720 800 775 863 ob.
785 796 957 881 quondam
972 795 992 874 J
995 796 1139 862 ohannis
1156 797 1355 864 Binocinam
1372 821 1478 882 vac...,
1491 803 1516 866 si
1534 802 1567 866 in

203 924 245 968 ea
271 912 416 969 nonest
443 902 543 967 alicui
567 903 622 987 jus
647 901 839 988 specialiter
853 902 1098 986 acquisitum...
1126 902 1308 988 dignemini
1331 925 1503 972 renovare.
1526 947 1569 956 -

207 1005 283 1072 Fiat
300 1007 340 1072 R.

246 1153 335 1215 474.
353 1147 464 1232 Sign...
480 1146 639 1224 Jolranna
654 1145 697 1211 de
723 1146 918 1227 Brabantia,
944 1146 1112 1212 comitissa
1140 1145 1309 1228 Hanonie,
1328 1147 1511 1214 Hollandie
1534 1158 1569 1214 et

203 1250 363 1316 Zelandie
378 1273 418 1316 ac
434 1251 571 1317 domina
589 1250 702 1332 Frisie,
720 1251 810 1334 quod
837 1251 918 1316 olim
946 1272 1022 1317 cum
1049 1250 1068 1329 J
1073 1252 1207 1317 olranne
1234 1253 1276 1318 de
1300 1251 1465 1336 Cursellis,
1481 1253 1568 1321 diac.

204 1353 424 1420 Cameracen.
451 1355 548 1436 dioc,
565 1373 663 1441 super
692 1353 758 1420 def.
773 1356 889 1436 natal,
918 1376 1018 1438 quem
1048 1357 1176 1442 patitur
1200 1356 1242 1422 de
1267 1359 1377 1423 soluto
1400 1366 1435 1423 et
1458 1359 1568 1424 soluta

202 1458 370 1524 nobilibus
383 1460 525 1543 genitus,
542 1459 633 1544 quod
643 1480 763 1525 eonon
776 1463 862 1525 obst.
872 1467 987 1546 posset
997 1459 1040 1525 ad
1053 1481 1169 1526 onmes
1187 1461 1319 1528 ordines
1330 1463 1519 1548 promoveri
1534 1471 1569 1527 et

203 1563 285 1628 eccl.
300 1565 377 1628 ben.
405 1563 566 1644 obtinere,
583 1564 684 1629 etiam
712 1563 738 1628 si
766 1583 881 1630 curam
897 1564 1084 1628 animarum
1101 1564 1250 1646 haberet,
1267 1565 1328 1630 fuit
1354 1573 1442 1631 auct.
1459 1574 1567 1652 apost.
1634 1639 1637 1644 ,

202 1666 445 1752 dispensatum,
462 1669 555 1753 cujus
570 1667 829 1754 dispensationis
843 1668 957 1752 vigore
983 1665 1027 1733 ad
1051 1666 1250 1734 diaconatus
1274 1667 1425 1734 ordinem
1441 1690 1476 1734 se
1492 1690 1567 1755 pro-

203 1793 342 1837 movere
368 1772 449 1838 fecit
475 1782 509 1838 et
526 1773 560 1838 in
576 1773 695 1857 colleg.
722 1773 804 1838 eccl.
821 1773 1078 1858 Antwerpiensi,
1094 1771 1312 1838 Cameracen.
1329 1772 1425 1854 dioc,
1443 1794 1515 1838 can.
1533 1783 1567 1840 et

203 1878 294 1960 preb.
307 1875 424 1941 extitit
437 1885 618 1943 assecutus,
628 1876 714 1943 Cum
729 1886 843 1943 autem
866 1876 976 1943 dictus
990 1875 1165 1954 Jolranues
1181 1876 1267 1942 adeo
1282 1876 1325 1942 de
1341 1877 1518 1943 virtutibus
1533 1878 1567 1943 in

205 1980 344 2047 virtutes
357 1981 467 2066 gratia
481 1980 595 2046 divina
611 1981 746 2047 favente
768 1980 947 2067 profecerit
963 1982 1053 2064 quod
1068 1982 1168 2068 digne
1183 1990 1329 2047 meretur
1352 2003 1399 2066 gr.
1427 1985 1567 2070 amplio-

204 2104 284 2164 rem,
299 2105 395 2171 supp.
411 2084 503 2150 dicta
519 2086 689 2151 comitissa
704 2094 796 2169 quat.
821 2105 899 2150 cum
920 2085 1040 2150 eodem
1056 2085 1213 2164 Johanne
1229 2085 1320 2170 quod
1335 2085 1403 2152 duo
1419 2087 1485 2152 alia
1513 2090 1567 2152 vel

203 2189 298 2274 plura
312 2193 389 2255 ben.
404 2191 488 2256 eccl.
504 2191 552 2255 sic
567 2190 667 2255 aliter
680 2191 725 2256 ad
740 2190 886 2256 invicem
901 2190 1157 2275 compatientia,
1174 2185 1306 2255 etiamsi
1332 2209 1447 2255 eorum
1463 2211 1566 2256 unum

203 2292 303 2377 dign,
338 2314 424 2379 pers.
452 2302 511 2359 aut
541 2293 597 2360 off.
628 2294 752 2360 existat
776 2303 811 2360 et
837 2315 952 2360 curam
979 2294 1106 2362 habeat
1136 2295 1323 2364 animarum
1354 2302 1389 2359 et
1420 2295 1453 2360 in
1484 2295 1565 2361 eccl.

203 2396 351 2462 cathedr.
376 2397 508 2478 fuerint,
524 2398 551 2462 si
567 2397 629 2463 sibi
654 2399 738 2464 alias
753 2399 916 2464 canonice
932 2399 1157 2480 conferantur,
1173 2400 1276 2465 libere
1291 2401 1438 2486 recipere
1454 2421 1495 2466 ac
1510 2400 1566 2466 illa

201 2521 268 2567 una
283 2522 361 2566 cum
375 2501 474 2568 dictis
486 2524 561 2568 can.
577 2511 612 2568 et
627 2506 720 2589 preb.
735 2503 826 2568 licite
837 2504 954 2569 valeat
974 2503 1127 2584 retinere,
1152 2502 1287 2569 defectu
1311 2505 1464 2589 predicto
1488 2525 1565 2569 nec-

201 2626 270 2670 non
306 2606 478 2689 quibusvis
513 2606 808 2672 constitutionibus
843 2615 973 2693 apost...
1007 2627 1221 2690 nequaquam
1258 2609 1344 2672 obst.
1384 2607 1564 2691 dignemini

202 2709 406 2795 dispensare.
420 2751 464 2762 -
481 2709 559 2776 Fiat
574 2710 616 2777 de
633 2733 701 2777 uno
716 2712 784 2777 alio
798 2714 885 2793 ben,
899 2711 1029 2778 etiamsi
1046 2731 1161 2776 curam
1184 2710 1312 2775 lrabeat
1328 2711 1515 2775 animarum
1531 2719 1566 2775 et

201 2814 307 2881 etiam
322 2815 348 2881 si
365 2814 408 2881 sit
423 2835 497 2882 can.
512 2824 548 2882 et
563 2819 655 2903 preb.
672 2816 706 2881 iu
722 2817 801 2883 eccl.
819 2815 1014 2883 cathedrali.
1033 2815 1072 2881 R.

246 2918 325 2986 Dat.
342 2940 397 3007 ap.
412 2919 665 2987 Villamnovam
683 2942 699 3005 5
716 2921 784 2987 kal.
800 2942 875 3007 aug.
891 2930 925 2987 a⁰
942 2930 984 2987 2⁰.
1001 2922 1050 3006 (5,
1072 2924 1173 3005 13o‘').
1188 2975 1191 2984 .

253 3056 368 3140 475.
1264 3091 1357 3155 1345,
1376 3078 1417 3135 1⁰r
1432 3077 1520 3137 aurft.

244 3174 332 3259 Sign.
349 3174 482 3255 Daniel,
508 3174 610 3259 episc.
627 3172 781 3255 verden,
797 3174 888 3257 quod
904 3176 985 3256 olim
1011 3195 1087 3240 cum
1104 3172 1261 3251 Johanne
1283 3173 1326 3239 de
1351 3174 1525 3260 Carepena
1543 3188 1564 3256 ¹,

201 3280 278 3345 cler.
293 3277 468 3344 Colonien.
484 3277 582 3359 dioc,
598 3298 697 3364 super
712 3277 776 3343 def.
793 3279 897 3345 natal.
922 3300 1021 3362 quern
1038 3279 1165 3364 patitur
1181 3278 1223 3343 de
1246 3278 1357 3344 soluto
1374 3278 1505 3363 genitus
1529 3287 1564 3343 et

200 3383 319 3463 soluta,
335 3383 426 3467 quod
451 3381 640 3468 hujusmodi
667 3402 736 3447 non
764 3384 849 3448 obst.
862 3382 927 3447 def.
943 3390 1057 3469 posset
1073 3382 1117 3447 ad
1144 3402 1262 3447 omnes
1282 3380 1415 3447 ordines
1430 3403 1564 3468 promo-

200 3488 302 3553 veri...
318 3489 380 3553 fuit
395 3498 484 3553 auct.
501 3496 609 3574 apost.
625 3487 863 3574 dispensatum,
880 3488 972 3573 cujus
993 3486 1252 3574 dispensationis
1271 3486 1385 3570 vigore
1402 3487 1434 3551 in
1456 3490 1563 3573 presb.

201 3599 254 3656 est
275 3600 449 3677 promotus
464 3600 499 3657 et
514 3591 557 3657 de
572 3614 647 3660 can.
664 3596 724 3658 sub
741 3613 816 3679 exp.
832 3595 924 3679 preb.
941 3593 974 3657 in
991 3592 1072 3657 eccl.
1090 3591 1120 3657 S.
1138 3590 1228 3658 Petri
1256 3591 1416 3657 Leodien.
1432 3613 1452 3657 a
1473 3591 1564 3658 dom.

202 3692 359 3770 Johanne
374 3715 432 3780 pp.
448 3692 549 3758 XXII
567 3697 707 3779 gratiam
724 3696 912 3761 obtinuit...

247 3796 326 3863 Dat.
343 3818 397 3884 ap.
414 3796 663 3864 Villamnovam
677 3798 746 3864 kal.
763 3820 837 3882 aug.
850 3809 883 3863 a⁰
896 3808 938 3864 2⁰.
956 3802 1005 3883 (5,
1027 3802 1129 3883 nur).

253 3934 500 4017 476-477.
1286 3954 1520 4033 strarant.

247 4052 347 4138 Supp.
363 4053 562 4139 prepositus
579 4053 724 4119 decanus
739 4062 774 4119 et
799 4074 873 4138 cap.
901 4055 982 4120 eccl.
1000 4052 1230 4135 Cameracen,
1247 4062 1339 4139 quat.
1356 4054 1465 4119 eidem
1481 4054 1563 4119 eccl.

200 4156 352 4223 desolate
374 4158 549 4244 presertim
565 4165 702 4244 propter
716 4178 860 4242 guerras,
877 4179 942 4242 que
955 4178 1060 4244 nuper
1076 4159 1109 4222 in
1126 4158 1190 4222 illis
1205 4157 1355 4243 partibus
1371 4158 1562 4239 extiterunt,

200 4262 286 4327 sicut
300 4262 333 4327 S.
361 4260 398 4328 V.
425 4264 513 4327 bene
541 4261 647 4343 novit,
674 4270 708 4327 et
727 4264 819 4347 cujus
835 4261 971 4346 quidem
996 4262 1137 4327 ecclesie
1165 4262 1289 4326 fabrice
1316 4260 1463 4325 redditus
1487 4270 1563 4327 sunt

200 4364 287 4431 adeo
310 4375 431 4432 tenues
457 4375 492 4432 et
517 4366 620 4430 exiles
645 4365 736 4449 quod
750 4366 888 4430 minime
912 4366 1083 4431 sufficiunt
1111 4365 1154 4429 ad
1183 4365 1409 4430 retentionem
1440 4364 1564 4431 fabrice

199 4470 341 4535 ecclesie
350 4469 609 4557 supradictepio
619 4470 755 4555 speciali
768 4479 802 4534 et
812 4478 954 4557 patemo
967 4468 1213 4555 compatientes
1221 4468 1355 4550 affectu,
1366 4468 1427 4555 ipsi
1441 4468 1564 4534 fabrice

135 4574 141 4583 ’
200 4582 290 4639 auct.
307 4583 415 4661 apost.
430 4574 612 4659 dignemini
629 4573 814 4640 concedere
827 4574 954 4658 aliquas
964 4572 1126 4660 speciales
1138 4573 1369 4657 indulgentias,
1381 4572 1563 4639 secundum

199 4678 291 4763 quod
315 4680 424 4745 eidem
452 4680 484 4746 S.
501 4679 541 4745 V.
567 4679 734 4745 ridebitur
760 4679 991 4746 ordinandum.
1019 4720 1062 4729 —
1087 4676 1163 4745 Fiat
1188 4678 1230 4743 de
1258 4699 1325 4744 uno
1342 4688 1482 4744 annuet
1499 4698 1564 4743 una

199 4782 425 4868 quadragena.
442 4782 482 4849 R.

235 5008 257 5054 r.
270 5006 416 5065 unauna,
430 5004 522 5055 area.
538 4984 727 5068 u·a.,n.'1149,
746 5008 816 5056 rau.
