3650 5675
692 480 779 553 1350,
802 478 886 542 18-18
905 478 1034 559 janvier.
1475 432 1544 549 ⁴487

180 666 185 675 ·
236 623 380 709 1869.
1191 641 1499 725 1350,13janur'er.

225 743 326 830 Supp.
342 742 515 820 Johannes
530 743 572 809 de
589 744 820 825 Falcomonte,
835 745 928 824 barn,
945 752 1035 829 quat.
1063 742 1229 830 [Waltero
1244 744 1287 809 de
1302 745 1437 831 Thyno,
1453 767 1543 832 pres·

180 846 305 933 bitere]
323 846 895 929 00000100οη.ὥο0,(1010000001.
912 868 942 913 c.
963 869 992 913 c.
1008 848 1063 912 vel
1078 868 1104 913 s.
1120 868 1160 930 c.,
1180 847 1290 935 [cujus
1313 849 1439 915 fructus
1456 853 1496 917 80
1512 872 1541 916 c.

182 970 211 1016 c.
228 951 287 1015 vel
301 970 341 1035 50
357 972 382 1016 s.
398 971 428 1016 0.
444 951 515 1015 libr.
532 951 703 1017 Turonen.
718 949 826 1037 paru]
845 971 913 1016 non
930 950 1108 1031 excedunt,
1125 952 1168 1017 ad
1183 952 1259 1017 coll.
1276 953 1413 1038 capituli
1436 952 1473 1019 B.
1492 952 1541 1020 M.

180 1055 455 1141 Antwerpiensis,
471 1056 561 1121 dicte
576 1054 675 1137 dioc.,
691 1053 873 1139 dignemini
889 1054 1065 1141 prouidere
1080 1078 1089 1135 ;
1113 1076 1182 1120 non
1206 1058 1291 1120 obst.
1308 1076 1381 1121 can.
1399 1064 1433 1121 et
1449 1060 1539 1143 preb.

181 1158 322 1225 ecclesie
336 1158 367 1225 S.
384 1157 542 1225 Rumoldi
557 1157 823 1240 MachliniensiS,
834 1158 926 1225 dicte
937 1159 1035 1240 dioc.,
1051 1178 1150 1244 super
1159 1159 1277 1244 quibus
1292 1160 1326 1223 in
1340 1159 1438 1225 Rom.
1452 1162 1541 1225 curia

179 1262 328 1329 noscitur
342 1263 480 1348 litigare.
491 1303 533 1313 -
550 1263 626 1329 Fiat
643 1262 683 1329 R.

223 1367 302 1433 Dat.
317 1367 418 1433 Avin.
434 1367 478 1433 id.
492 1368 619 1452 januar.
635 1373 668 1432 0ο
686 1369 728 1432 8⁰.
745 1368 817 1451 (18,
839 1368 942 1451 122').

232 1521 1284 1619 1870.1350,
1302 1537 1343 1599 16
1352 1534 1496 1616 januier.

221 1639 324 1725 Supp.
351 1638 513 1724 P(etrus),
539 1638 641 1723 episc.
669 1638 894 1719 Penestrinus,
911 1646 1002 1723 quat.
1028 1637 1111 1704 duas
1126 1647 1308 1725 perpetuas
1324 1640 1537 1725 capellaniae,

178 1761 262 1826 quas
278 1743 396 1809 Petrus
419 1742 461 1809 de
477 1743 509 1808 S.
526 1743 631 1808 Paulo
647 1750 657 1776 ¹
673 1742 707 1806 in
724 1742 873 1809 ecclesiis
897 1740 929 1807 S.
945 1740 964 1819 J
968 1742 1111 1809 ohannis
1138 1751 1173 1807 et
1200 1742 1232 1807 S.
1250 1742 1427 1809 Michaelis
1450 1742 1539 1809 Gau·

178 1846 299 1928 densis,
314 1840 510 1913 Tornacen.
528 1847 626 1927 dioc.,
642 1846 723 1911 dum
744 1846 873 1911 viveret
900 1846 1085 1927 obtinebat,
1112 1846 1155 1912 de
1181 1846 1300 1931 quibus
1324 1846 1473 1912 Amaldo
1497 1846 1538 1911 de

179 1948 212 2016 S.
228 1948 343 2031 Paule,
361 1951 416 2034 qui
433 1971 491 2016 eos
507 1959 625 2036 postea
635 1949 828 2035 resignavit,
844 1958 880 2015 et
895 1949 1017 2015 deinde
1034 1949 1135 2016 Petro
1152 1949 1254 2037 Dray,
1272 1950 1394 2016 clerico
1410 1952 1540 2037 capelle

178 2053 259 2119 dicti
275 2054 434 2140 episcopi,
451 2054 506 2138 qui
523 2054 557 2118 in
575 2054 665 2121 curia
681 2054 774 2135 obiit,
790 2053 963 2140 provisum
990 2054 1113 2136 extitit,
1128 2054 1209 2119 licet
1235 2054 1297 2139 ipsi
1313 2052 1482 2119 Amaldus
1505 2063 1540 2118 et

178 2154 296 2222 Petrus
310 2177 367 2222 eas
382 2177 450 2222 non
466 2156 589 2222 fuerint
605 2156 758 2236 assecuti,
775 2156 925 2221 conferre
941 2154 1125 2240 dignemini
1141 2149 1294 2222 fainiliari
1307 2177 1367 2223 suo
1378 2156 1539 2222 continuo

178 2260 395 2326 commensali
411 2259 542 2337 Jacobo
557 2260 599 2326 de
614 2260 839 2326 Abbatisvilla
856 2272 877 2340 ²,
894 2260 1017 2326 clerico
1031 2259 1249 2327 Tomacensi.
1265 2301 1308 2309 -
1324 2260 1401 2326 Fiat
1418 2262 1459 2326 R.

220 2364 297 2430 Dat.
313 2364 415 2429 Avin.
436 2384 471 2448 15
489 2363 557 2429 kal.
572 2363 654 2429 febr.
669 2370 703 2429 a⁰
719 2366 761 2429 8⁰.
779 2364 851 2445 (18,
872 2364 959 2447 126).

229 2517 364 2601 1871.
1185 2552 1279 2616 1350,
1297 2533 1493 2614 1800100101.

219 2638 365 2703 Rutulus
390 2638 660 2723 resignationmn.

220 2741 321 2807 Pater
333 2742 398 2808 ΒΜ.
414 2724 580 2826 Dignetur¹
595 2740 627 2805 S.
638 2737 678 2806 V.
694 2736 870 2825 providere
882 2737 1100 2824 infrascriptis
1112 2739 1313 2826 personisde
1323 2739 1538 2826 infrascriptis

175 2847 347 2913 beneficiis
362 2867 436 2912 vac.
452 2867 512 2932 per
526 2846 665 2910 liberam
681 2841 941 2927 resignationem
969 2841 1093 2908 factam
1113 2843 1147 2908 in
1162 2845 1318 2910 manibus
1333 2843 1536 2929 G(uillelmi)

175 2949 217 3014 de
234 2949 362 3032 Bordis,
379 2951 410 3015 S.
427 2949 467 3015 V.
483 2949 616 3015 notarii.

219 3051 307 3118 Item
324 3053 474 3119 Roberto
502 3052 636 3117 Punfier
662 3051 704 3116 de
720 3049 882 3130 Liemoir,
910 3049 1033 3116 clerico
1061 3051 1221 3119 Leodien.
1245 3053 1343 3134 dioc.,
1371 3053 1414 3119 de
1443 3074 1537 3140 perp.

174 3160 341 3243 capellan.
357 3159 470 3223 altaris
487 3156 524 3222 B.
542 3156 592 3222 M.
619 3157 672 3222 siti
690 3156 723 3220 in
739 3156 881 3222 ecclesia
898 3156 930 3221 S.
947 3154 1090 3221 Dionisii
1107 3154 1279 3238 Leodien.,
1294 3177 1369 3222 000.
1385 3178 1445 3243 per
1460 3158 1537 3222 resi·

173 3262 368 3346 gnatlonem
384 3262 508 3327 factam
534 3282 594 3347 per
621 3259 807 3325 Walterum
834 3259 876 3327 de
905 3261 1078 3327 Hemtinis
1093 3273 1114 3342 ³,
1130 3270 1211 3327 tunc
1235 3261 1325 3327 dicte
1350 3262 1536 3348 capellanie

174 3366 350 3451 capellani,
367 3367 401 3431 in
418 3365 572 3430 manibus
586 3362 728 3450 predicti
743 3363 871 3430 domini
888 3365 929 3432 G.
946 3375 981 3431 et
997 3364 1184 3446 admissam,
1201 3374 1266 3431 etc.

219 3469 296 3534 Dat.
313 3469 412 3534 Avin.
433 3489 469 3553 15
487 3469 555 3533 kal.
571 3468 652 3534 febr.
669 3475 701 3533 a⁰
718 3471 761 3534 8⁰.
778 3470 849 3554 (18,
871 3471 958 3554 127).

227 3622 526 3711 1872-1873.
1181 3659 1276 3723 1350,
1294 3641 1337 3703 18
1345 3638 1490 3720 Junvur.

216 3741 361 3806 Rutulus
379 3747 674 3830 perauctationum.

217 3844 271 3908 S¹¹¹⁰
299 3843 409 3912 Pater.
435 3846 601 3931 Dignetur
626 3848 659 3912 S.
688 3847 728 3913 V.
756 3849 931 3934 providere
959 3847 1176 3935 infrascriptis
1204 3847 1355 3932 personis
1384 3846 1427 3912 de
1457 3849 1533 3912 ben.

173 3947 306 4014 inferius
321 3950 503 4016 nominatis
517 3972 591 4017 vac.
607 3973 666 4037 per
693 3952 937 4038 resignationes
963 3953 1071 4018 factas
1096 3969 1194 4018 causa
1221 3950 1476 4035 permutationis
1499 3951 1532 4015 in

172 4052 326 4117 manibus
341 4053 432 4118 dom.
448 4052 489 4118 G.
505 4053 548 4119 de
564 4052 692 4134 Bordis,
709 4055 858 4140 ejusdem
874 4055 907 4121 S.
923 4056 1087 4120 notarii...

217 4152 305 4220 Item
321 4176 398 4221 cum
413 4156 563 4223 Thomas
579 4159 752 4226 Eustachii
769 4159 811 4224 de
827 4159 1002 4226 Sarbonno
1022 4179 1116 4245 perp.
1138 4157 1360 4243 capellaniam
1376 4159 1409 4223 in
1426 4161 1533 4224 eccle-

172 4259 220 4325 sia
244 4259 286 4325 de
302 4259 448 4341 Siclinio,
464 4259 654 4329 Tomacen.
679 4263 778 4345 dioc.,
794 4272 829 4328 et
855 4263 1054 4328 Guillelmus
1074 4261 1264 4328 Lucratoris
1288 4283 1361 4328 can.
1378 4270 1413 4327 et
1439 4266 1531 4349 preb.

172 4363 312 4428 ecclesie
329 4362 360 4427 S.
378 4361 530 4429 Marcelli
546 4385 651 4451 prope
667 4364 810 4432 Parisius
825 4385 866 4432 ac
892 4385 987 4452 perp.
1001 4366 1165 4452 capellan.
1181 4367 1224 4433 de
1239 4368 1259 4446 J
1262 4372 1372 4451 onval,
1391 4370 1531 4438 Remen.

172 4464 270 4547 dioc.,
285 4487 344 4552 per
359 4487 395 4532 se
412 4467 500 4552 ipsos
516 4467 607 4535 dieta
623 4491 683 4536 sua
709 4469 875 4541 beneficia
900 4469 1108 4554 resignarint,
1125 4471 1279 4557 dignetur
1295 4473 1325 4538 S.
1343 4474 1383 4540 V.
1399 4474 1441 4540 de
1457 4495 1531 4540 can.

172 4577 207 4634 et
221 4573 313 4656 preb.
330 4591 370 4636 ac
386 4572 550 4657 capellan.
567 4573 608 4638 de
633 4573 653 4651 J
656 4575 758 4640 onval
774 4573 906 4639 Thome
923 4581 957 4638 et
973 4575 1137 4659 capellan.
1165 4595 1257 4662 perp.
1273 4577 1307 4641 in
1324 4579 1465 4644 ecclesia
1488 4579 1530 4645 de

171 4672 307 4740 Siclinio
323 4673 505 4741 Guillelmo
519 4677 677 4762 predictis
691 4678 878 4765 providere.
1275 4689 1278 4694 '

173 4823 428 4835 ῃ*-

207 4909 228 4957 l.
238 4907 301 4957 Voir
311 4923 337 4959 n.
351 4911 421 4960 1168.
434 4939 466 4946 -
477 4913 498 4960 2.
511 4911 573 4958 Voir
583 4927 608 4961 n.
622 4913 733 4962 1010-
745 4913 767 4960 3.
779 4911 842 4960 Voir
853 4926 878 4959 n.
889 4913 959 4971 1451,
973 4911 1045 4960 1861.
