3650 5675
715 493 803 566 1349,
826 492 867 556 26
889 510 978 558 mars.
1472 497 1529 561 413

169 644 252 710 eccl.
267 643 309 710 de
324 642 493 723 Vinn'ac0,
509 642 700 710 Ruthenen.
717 643 815 724 dioc,
831 664 871 709 ac
887 664 962 710 can.
989 652 1025 711 et
1039 648 1130 731 preb.
1148 645 1179 712 S.
1197 646 1352 732 Dyonisii
1369 647 1528 714 Leodien.

168 757 204 814 et
216 768 289 815 can.
305 749 366 813 sub
382 767 458 832 exp.
474 749 567 832 preb.
583 747 665 814 eccl.
681 748 874 814 Turonen...
889 747 1039 815 noscitur
1055 749 1240 816 obtinere...
1255 791 1299 801 -
1315 750 1392 817 Fiat
1408 752 1449 818 R.

213 852 294 919 Dat.
309 850 410 916 Avin.
428 868 446 934 7
462 850 530 916 kal.
546 851 640 936 april.
656 858 690 917 a⁰
706 859 749 936 7⁰.
767 852 835 936 (17,
854 853 960 937 210⁰).

223 992 363 1078 1533·
1209 1025 1305 1089 1349,
1323 1005 1365 1069 26
1382 1027 1485 1071 mars,

213 1112 314 1198 Supp.
332 1108 544 1191 Bertrandus,
561 1108 663 1195 episc.
680 1108 836 1190 Sabinen,
853 1115 946 1192 quat.
965 1107 1165 1195 [Ludovico,
1191 1106 1291 1194 nato]
1320 1108 1443 1174 nobilis
1468 1107 1529 1174 viri

170 1215 340 1281 Guillelmi
356 1214 397 1280 de
413 1212 657 1298 Aqueria,civis
672 1210 885 1293 Avinionen,
901 1210 944 1276 de
960 1232 1033 1278 can.
1050 1220 1085 1277 et
1097 1215 1190 1298 preb.
1203 1211 1344 1276 ecclesie
1356 1212 1433 1277 coll.
1450 1210 1530 1278 For-

171 1318 337 1403 calquerii,
348 1317 538 1383 Sistaricen.
553 1316 630 1382 dioc
632 1365 716 1397 ........
729 1314 915 1400 dignemini
930 1314 1116 1401 providere,
1132 1335 1201 1380 non
1217 1316 1303 1381 obst.
1319 1314 1410 1399 quod
1437 1314 1526 1380 idem

172 1420 362 1487 Ludovicus
377 1441 451 1487 can.
467 1422 527 1486 sub
544 1439 620 1505 exp.
644 1421 737 1505 preb.
762 1418 796 1483 in
824 1418 967 1484 ecclesia
992 1416 1152 1484 Leodien.
1173 1416 1322 1483 noscitur
1348 1417 1529 1484 obtinere...

172 1523 251 1590 Fiat
266 1524 307 1590 R.

216 1627 294 1693 Dat.
310 1626 410 1693 Asin.
427 1645 445 1710 7
461 1624 529 1692 kal.
545 1626 639 1713 april.
655 1631 688 1691 a⁰
706 1632 747 1710 7⁰.
765 1626 834 1711 (17,
853 1625 944 1709 211).

226 1761 363 1849 1534·
1211 1793 1307 1857 1349,
1324 1773 1366 1837 26
1383 1795 1486 1840 mars.

216 1881 317 1968 Supp.
333 1876 505 1946 familiaris
518 1888 631 1945 vester
645 1878 665 1957 J
668 1880 820 1946 ohannes
846 1877 981 1944 Punfier
1002 1877 1045 1943 de
1072 1876 1224 1942 Liemoir
1240 1887 1259 1958 ¹,
1276 1884 1366 1962 quat.
1384 1876 1422 1965 [J
1425 1881 1531 1944 acobo

174 1984 317 2066 Punfier,
333 2004 494 2070 germano
519 2003 590 2063 sun,
617 1983 740 2049 clerico
755 1981 917 2048 Leodien.
932 1981 1031 2063 dioc,
1055 1982 1184 2047 nullum
1199 1981 1310 2048 adhuc
1329 1981 1531 2048 beneficium

173 2089 437 2155 ecclesiasticum
452 2087 636 2174 assecuto],
664 2087 706 2153 de
731 2086 844 2152 officio
868 2086 1020 2153 custodie
1045 2086 1186 2152 ecclesie
1211 2085 1414 2171 Dyonensis,
1441 2087 1531 2156 dicte

173 2192 270 2275 dioc,
287 2213 351 2278 que
367 2213 392 2258 s.
409 2212 438 2256 c.
454 2190 577 2271 existit,
593 2190 688 2275 cujus
701 2190 930 2270 fructus,..sec.
940 2189 1152 2255 taxationem
1166 2187 1308 2271 decime,
1325 2209 1361 2274 15
1378 2189 1531 2256 marcha·

172 2315 246 2360 rum
261 2294 389 2379 argenti
404 2295 553 2359 valorem
568 2313 717 2359 annuum
731 2313 801 2360 non
817 2293 994 2374 excedunt,
1010 2313 1083 2358 vac.
1101 2292 1144 2358 ad
1159 2312 1296 2379 presens
1310 2313 1370 2379 per
1385 2301 1530 2360 mortem

173 2399 343 2483 quondam
359 2395 379 2474 J
382 2396 525 2462 ohannis
537 2395 734 2479 Hanezanc,
740 2397 895 2463 canonici
911 2394 1083 2476 Leodien.,
1099 2397 1208 2461 ultimi
1220 2396 1368 2482 ejusdem
1380 2397 1530 2464 custodie

172 2502 320 2569 custodis
333 2513 356 2582 ²,
372 2501 428 2585 qui
443 2521 550 2586 nuper
565 2507 660 2566 extra
684 2500 784 2566 Rom.
800 2501 934 2578 curiam¹
948 2499 1038 2564 diem
1054 2500 1172 2565 clausit
1195 2508 1394 2581 extremum,
1411 2508 1446 2565 et
1462 2501 1532 2585 ejus

171 2606 335 2673 beneficia
350 2626 391 2672 ac
406 2603 518 2671 officia
534 2612 614 2670 ante
637 2604 740 2691 ipsius
757 2606 811 2670 ob.
833 2603 968 2669 fuerant
988 2603 1077 2688 apud
1093 2602 1207 2668 sedern
1222 2612 1330 2688 apost.
1353 2613 1530 2686 reservata,

172 2730 231 2774 seu
246 2728 447 2795 quocunque
463 2708 530 2773 alio
545 2707 648 2774 modo
664 2715 773 2788 vacet,
790 2727 868 2773 cum
884 2706 1039 2772 omnibus
1051 2706 1179 2791 juribus
1195 2714 1230 2771 et
1241 2707 1452 2792 pertinentiis
1464 2709 1531 2772 suis

173 2813 283 2880 eidem
297 2812 317 2892 J
320 2816 428 2881 acobo
443 2810 626 2898 dignemini
642 2810 851 2899 providere...
867 2850 908 2860 -
926 2808 1003 2876 Fiat
1019 2809 1060 2877 R.

216 2918 297 2984 Dat.
312 2919 412 2983 Arin.
430 2935 448 3001 7
463 2915 531 2982 kal.
548 2916 642 3003 april.
658 2923 691 2981 a⁰
708 2923 750 3001 7⁰.
769 2916 837 3001 (17,
856 2916 961 2999 212⁰).

226 3020 527 3141 15351539.
1211 3088 1306 3152 1349,
1324 3069 1366 3132 2⁶
1383 3091 1485 3135 ...aa

216 3172 318 3259 Supp.
334 3170 490 3249 Johanna
505 3173 547 3239 de
575 3172 757 3238 Brabantia
772 3182 793 3253 ³,
817 3171 988 3238 comitissa
1016 3169 1210 3252 Hannonie,
1235 3179 1283 3253 ut,
1310 3193 1386 3237 curn
1412 3172 1529 3257 ipsam,
1643 3176 1647 3185 '

173 3297 238 3360 que
253 3276 296 3341 ad
310 3276 551 3341 monasterium
578 3277 610 3342 S.
627 3276 725 3341 Clare
752 3274 967 3341 Bruxellense
995 3274 1194 3359 singularem
1210 3275 1312 3340 habet
1339 3274 1531 3341 devotionis

171 3378 340 3460 affectum,
357 3378 458 3464 ipsius
468 3380 654 3446 clausuram
666 3388 700 3445 et
709 3379 850 3445 aliorum
858 3378 1138 3443 monasteriorum
1148 3378 1296 3461 eJ'usdem
1306 3378 1440 3459 ordinis
1454 3399 1531 3445 cnm

172 3483 320 3569 quinque
349 3484 500 3550 honestis
527 3484 677 3570 personis
703 3483 865 3563 femineis,
893 3482 960 3548 suis
986 3481 1212 3564 familiaribus,
1237 3490 1391 3567 tempore
1418 3479 1533 3545 debito

99 3670 102 3673 ἦ
172 3587 350 3672 contigerit
380 3586 558 3670 declinare,
589 3588 700 3653 eidem
736 3585 882 3654 intrandi
916 3586 1097 3672 specialem
1129 3584 1314 3651 concedere
1349 3583 1531 3668 dignemini

174 3690 380 3757 facultatem.
395 3731 440 3742 -
455 3690 533 3757 Fiat
550 3691 590 3758 R.

221 3829 321 3893 1536.
338 3824 426 3891 Item
443 3848 538 3914 supp.
555 3835 648 3912 quat.
670 3834 709 3893 ut
735 3826 896 3893 Katen‘na
923 3828 966 3893 de
990 3825 1164 3907 Dilebeke,
1181 3834 1217 3891 et
1239 3824 1397 3903 Johanna
1423 3822 1532 3905 Muse,

175 3930 325 4015 ejusdem
360 3930 437 4012 filia,
465 3930 635 3997 comitisse
659 3931 838 3997 familiares
864 3939 900 3996 et
926 3931 1120 4010 domestice,
1147 3931 1315 3995 clausuras
1338 3929 1532 3994 monasterii

174 4033 206 4099 S.
235 4032 334 4099 Clare
367 4055 472 4121 prope
508 4034 710 4116 Bruxellam,
733 4035 768 4099 in
794 4055 860 4119 quo
887 4033 1047 4099 Katerina
1071 4033 1175 4098 filiam
1200 4030 1357 4109 Jolranne
1385 4050 1532 4096 sororem

173 4138 278 4203 habet
292 4138 486 4220 monialem,
503 4139 711 4224 singulariter
722 4146 757 4205 et
772 4138 980 4225 conjunctim
995 4137 1110 4203 debito
1134 4144 1287 4221 tempore
1309 4135 1433 4199 intrare
1456 4155 1532 4220 pos-

173 4240 244 4306 sint
256 4247 280 4323 ⁸,
296 4242 442 4326 quandiu
457 4242 548 4309 dicta
563 4244 721 4309 monialis
735 4244 843 4309 vitam
863 4242 945 4307 inibi
960 4240 1091 4307 duxerit
1115 4240 1149 4305 in
1165 4238 1328 4320 humanm,
1355 4238 1397 4304 de
1423 4246 1534 4304 vestra

171 4344 272 4411 solita
286 4345 466 4411 clementia
483 4347 668 4413 concedere
683 4345 866 4433 dignemini
882 4346 1088 4412 facultatem.
1104 4342 1237 4408 -Fiat
1252 4342 1293 4407 R.

221 4485 319 4551 1537.
336 4482 425 4550 Item
449 4504 544 4571 supp.
570 4491 661 4570 quat.
686 4484 775 4550 fideli
799 4503 860 4549 suo
884 4482 1006 4549 clerico
1033 4488 1067 4547 et
1092 4480 1293 4562 consiliario,
1319 4478 1465 4547 Nicolao
1489 4479 1531 4545 de

207 4670 237 4732 a)
252 4670 308 4721 cod.
321 4673 461 4736 potuerint.

209 4857 232 4904 l.
243 4855 305 4904 Voir
315 4870 343 4907 n.
354 4856 424 4916 1306,
443 4858 513 4906 1509.
529 4882 563 4897 -
582 4858 605 4905 2.
616 4856 716 4906 Voirm.
727 4856 796 4915 1531,
809 4856 880 4904 1532.
894 4880 929 4891 -
947 4855 971 4904 3.
992 4852 1082 4913 Eubel,
1103 4851 1210 4905 Bullar.
1229 4851 1369 4912 Frentana,
1382 4850 1531 4912 17111493,

171 4944 200 4995 p.
211 4932 267 4980 225.
1372 4960 1375 4969 .
