3650 5675
745 435 832 508 1350,
855 436 873 501 2
893 433 972 517 juin.
1482 440 1540 503 519

179 584 319 651 ecclesie
335 584 366 650 S.
383 584 541 671 Supplicii
559 608 635 653 curn
658 586 700 651 de
726 584 936 669 Montejove,
953 584 1254 652 renuntiationibus
1269 585 1415 671 ipsarum
1432 588 1539 653 eccle-

179 688 301 753 siarum
317 688 350 752 in
367 689 521 755 manibus
537 710 671 756 suorum
695 689 936 756 ordinariorum
959 689 1067 770 sactis,
1083 689 1218 756 easdem
1234 690 1392 755 ecclesias
1407 711 1538 776 pennu·

178 800 346 857 taverunt.
362 792 463 879 Supp.
479 802 570 877 quat.
586 793 765 860 decernere
780 792 963 876 dignemini
978 792 1103 857 dictam
1118 792 1400 877 permutationem
1416 796 1537 876 valere,

179 917 247 961 non
264 900 349 961 obst.
365 896 456 979 quod
471 918 544 963 can.
557 905 592 963 et
603 900 694 984 preb.
711 896 744 961 in
761 895 944 980 Legionen.
957 905 991 962 et
1007 917 1080 961 can.
1092 899 1152 960 sub
1168 917 1244 982 exp.
1256 900 1347 982 preb.
1361 897 1394 961 in
1405 898 1537 964 Albien.

179 999 337 1081 ecclesiis,
353 1019 394 1064 ac
407 1000 551 1084 gratiam
566 1001 633 1067 aS.
650 1000 689 1066 V.
710 1000 801 1085 quod
816 1020 890 1065 can.
907 1008 943 1064 et
957 1003 1049 1087 preb.
1066 999 1097 1063 S.
1113 1000 1295 1067 Andomari
1319 1001 1360 1065 de
1377 1001 1408 1066 S.
1424 1003 1538 1068 Audo-

179 1122 282 1182 maro,
306 1121 390 1185 quos
411 1110 506 1169 tenet
529 1103 726 1171 Guillelmus
748 1105 790 1170 de
814 1104 1016 1173 Connihano
1028 1115 1047 1185 ¹,
1062 1103 1124 1169 sibi
1148 1104 1368 1172 conferendos
1390 1108 1538 1172 noscitur

179 1207 340 1271 obtinere.
356 1244 399 1255 -
416 1205 493 1273 Fiat
511 1206 551 1273 R.

221 1309 299 1375 Dat.
315 1309 416 1374 Avin.
433 1332 451 1395 4
468 1331 547 1377 non.
560 1312 643 1397 junii
660 1321 693 1377 a⁰
710 1319 752 1393 9⁰.
770 1314 847 1396 (20,
870 1313 950 1395 r4t').

232 1447 373 1534 1998.
1266 1483 1360 1547 1350,
1377 1487 1396 1528 2
1407 1462 1494 1545 juin.

222 1565 323 1654 Supp.
349 1568 547 1635 Guillelmus
572 1568 615 1633 de
643 1566 784 1647 Rosetis,
802 1566 1053 1632 cordibanarius
1079 1575 1113 1631 et
1139 1566 1309 1631 familiaris
1332 1568 1363 1633 S.
1379 1567 1430 1648 V,
1447 1578 1537 1651 quat.

183 1668 339 1755 [Herveo
355 1675 397 1739 de
412 1672 545 1751 Bediez,
562 1670 700 1757 clerico]
721 1670 870 1737 Leonen.
895 1669 993 1751 dioc,
1009 1670 1051 1735 de
1067 1670 1221 1756 parroch.
1237 1671 1319 1735 eccl.
1341 1672 1383 1736 de
1405 1670 1538 1736 Zomer-

180 1775 291 1857 glrem,
321 1777 508 1843 Tomacen.
542 1774 639 1855 dioc,
670 1796 744 1841 vac.
779 1775 867 1860 apud
898 1774 1013 1839 sedem
1050 1781 1158 1859 apost.
1195 1794 1254 1859 per
1289 1776 1342 1839 ob.
1375 1774 1464 1839 Petri
1497 1774 1539 1839 de

181 1876 346 1945 Gaudavo
356 1894 377 1962 ²,
390 1880 501 1945 ultimi
517 1879 620 1964 ipsius
636 1877 776 1943 ecclesie
792 1878 941 1957 rectoris,
958 1878 1014 1961 qui
1040 1898 1156 1963 nuper,
1172 1877 1330 1942 videlicet
1354 1897 1445 1944 anno
1467 1897 1540 1963 pre-

180 1982 266 2047 senti
284 1983 317 2047 in
343 1984 459 2049 itinere
471 1982 631 2049 Romano
643 1982 796 2064 decessit,
808 1992 842 2047 et
857 1991 937 2047 ante
953 1982 1054 2068 ipsius
1064 1985 1118 2047 ob.
1127 1980 1328 2065 generaliter
1343 1982 1397 2046 vel
1413 1982 1541 2069 specia-

181 2084 256 2149 liter
285 2095 465 2167 reservata,
497 2106 555 2151 seu
580 2086 699 2170 quovis
726 2086 793 2151 alio
823 2084 959 2172 [modo]
994 2084 1083 2171 apud
1113 2085 1256 2153 eandem
1286 2084 1401 2150 sedem
1432 2095 1540 2165 vacet,

179 2188 361 2272 dignemini
377 2190 553 2276 providere
568 2211 576 2269 ;
590 2210 660 2255 non
676 2191 763 2255 obst.
780 2188 870 2273 quod
885 2189 990 2274 pridie
1013 2189 1055 2254 ad
1078 2189 1158 2254 dicti
1183 2188 1352 2255 Guillelmi
1375 2189 1540 2275 supplica·

180 2290 308 2356 tionem
334 2293 464 2379 prelato
492 2291 630 2357 Herveo
657 2292 699 2357 de
726 2292 878 2378 parroch.
903 2293 985 2357 eccl.
1001 2292 1043 2357 de
1061 2291 1219 2377 Ulnreya,
1243 2292 1422 2358 Camoten.
1443 2292 1541 2371 dioc,

180 2395 211 2459 S.
227 2394 267 2461 V.
283 2396 363 2462 tecit
386 2396 541 2481 gratiam,
567 2404 603 2461 ut
630 2405 768 2481 apparet
794 2396 828 2459 in
856 2395 1101 2480 supplicatione
1122 2396 1326 2481 precedenti,
1351 2417 1449 2480 super
1476 2416 1542 2479 qua

180 2498 290 2563 littere
317 2520 386 2565 non
413 2508 490 2565 sunt
513 2500 611 2579 facte,
627 2519 691 2563 nec
716 2520 757 2563 ex
780 2519 821 2563 ea
844 2506 956 2583 sperat
981 2498 1119 2581 aliquod
1143 2499 1324 2563 comodum
1347 2500 1482 2578 habere,
1499 2520 1541 2565 eo

180 2602 269 2685 quod
285 2610 346 2683 est,
363 2612 400 2667 ut
426 2603 556 2683 dicitur,
574 2624 632 2689 per
648 2602 750 2667 alium
774 2604 833 2666 sub
855 2602 956 2687 priori
980 2600 1060 2666 data
1083 2602 1264 2686 impetrata
1281 2626 1289 2681 ;
1307 2622 1407 2685 quam
1427 2612 1541 2668 tamen

182 2713 316 2789 paratus
332 2715 382 2771 est
398 2706 568 2771 dimittere
584 2714 679 2771 etc...
697 2744 740 2753 -
757 2703 834 2769 Fiat
851 2704 890 2769 R.

225 2808 305 2875 Dat.
322 2810 420 2876 Avin.
437 2834 457 2896 4
474 2832 552 2876 non.
566 2810 649 2896 junii
662 2816 695 2876 a⁰
713 2816 754 2891 9⁰.
772 2814 848 2894 (20,
867 2810 934 2892 20).

234 2946 1363 3044 1999.1350,
1381 2983 1399 3025 2
1410 2959 1497 3042 juin.

224 3066 324 3152 Supp.
342 3066 468 3146 Petrus
485 3065 931 3151 Claromonten..episcopus
942 3077 964 3145 ³,
981 3073 1073 3148 quat.
1092 3063 1359 3150 [consanguineo
1368 3085 1428 3130 suo
1440 3064 1540 3130 Helie

180 3169 223 3234 de
250 3171 281 3235 S.
308 3170 486 3256 Exuperio,
514 3170 609 3256 cler]
639 3169 855 3235 Lemovicen.
883 3169 981 3248 dioc,
1006 3168 1048 3231 de
1075 3169 1238 3252 capellan.
1263 3167 1294 3232 S.
1318 3167 1483 3244 Jobannis
1506 3169 1540 3232 in

183 3271 308 3357 BrugiS,
334 3270 521 3339 Tomacen.
547 3272 644 3353 dioc,
665 3293 739 3338 vac.
755 3293 814 3358 per
829 3275 883 3337 ob.
910 3271 929 3349 J
934 3272 1077 3336 ohannis
1092 3270 1134 3335 de
1156 3270 1337 3336 Gravelia⁴
1357 3271 1539 3356 dignemini

181 3376 357 3460 providere
377 3399 385 3456 ;
413 3397 482 3441 non
499 3380 584 3443 obst.
600 3377 791 3463 provisione
814 3375 924 3440 eidem
952 3374 1052 3439 Helie
1076 3365 1164 3440 facte
1178 3395 1238 3460 per
1253 3374 1285 3440 S.
1302 3374 1342 3440 V.
1357 3375 1400 3440 de
1416 3395 1489 3440 can.
1506 3384 1541 3440 et

180 3482 273 3563 preb.
290 3481 429 3546 ecclesie
446 3481 477 3545 S.
495 3479 632 3546 Martini
649 3480 818 3546 Turonen.
833 3514 875 3524 -
893 3478 971 3544 Fiat
988 3478 1027 3544 R.

224 3582 305 3648 Dat.
320 3584 420 3648 Avin.
437 3606 456 3667 4
473 3604 552 3648 non.
565 3583 648 3669 junii
665 3591 697 3648 a⁰
715 3591 757 3664 9⁰.
775 3582 852 3668 (20,
871 3582 940 3665 32).

232 3721 388 3802 2000.
1267 3749 1361 3812 1350,
1382 3751 1401 3792 2
1407 3729 1495 3810 jain.

224 3839 325 3924 Supp.
353 3838 501 3916 Jacobus
517 3837 675 3903 Germani
710 3837 873 3916 Anicien,
907 3835 1086 3900 Durandus
1112 3833 1259 3900 Bastissa
1286 3833 1538 3900 claromonten.

181 3943 395 4009 ecclesiarum
412 3964 517 4029 nuper
532 3941 683 4008 canonici
700 3940 907 4020 prebendati,
921 3950 956 4004 et
971 3938 1159 4024 Stephanus
1176 3937 1307 4017 Rabeti,
1323 3937 1377 4003 cui
1395 3937 1432 4002 E.
1449 3938 1480 4002 S.
1497 3939 1539 4002 de

181 4067 255 4112 can.
272 4055 306 4110 et
321 4050 414 4132 preb.
429 4046 569 4112 ecclesie
585 4044 745 4110 Leodien.
761 4052 842 4108 tunc
859 4063 933 4107 vac.
947 4042 979 4106 in
998 4041 1094 4105 Rom.
1108 4040 1209 4120 curia,
1225 4059 1284 4125 per
1299 4042 1353 4104 ob.
1369 4040 1537 4122 quondam

182 4149 331 4214 Durandi
348 4148 487 4215 Comuti
505 4159 526 4230 ⁵,
542 4148 636 4214 duxit
661 4168 720 4233 per
746 4167 822 4212 suas
837 4147 966 4210 litteras
989 4143 1192 4230 apostolicas
1207 4141 1452 4228 providendum
1472 4166 1480 4221 ;
1497 4143 1539 4207 de

182 4253 300 4336 quibus
315 4253 451 4338 quidem
468 4272 540 4318 can.
557 4260 592 4318 et
606 4253 698 4336 preb.
715 4249 855 4316 ecclesie
880 4247 1040 4313 Leodien.
1066 4247 1156 4311 idem
1184 4245 1374 4331 Stephanus
1387 4243 1538 4310 nondum

181 4356 294 4421 extitit
305 4358 511 4441 corporalem
523 4355 768 4442 possessionem
785 4360 956 4417 assecutus
972 4373 980 4430 ;
1001 4351 1057 4434 qui
1070 4350 1206 4434 quidem
1217 4349 1364 4427 Jacobus
1376 4349 1538 4414 Germani

181 4466 217 4524 et
232 4459 409 4526 Durandus
424 4459 572 4526 Bastissa
587 4479 646 4544 per
661 4479 707 4537 se,
723 4464 758 4521 et
774 4456 965 4541 Stephanus
982 4454 1102 4519 Rabeti
1118 4475 1177 4539 per
1192 4453 1212 4531 J
1215 4454 1388 4520 ohannem
1404 4453 1537 4534 Rabeti,

181 4571 431 4649 procuratorem
458 4584 564 4643 suurn,
580 4563 671 4628 dicta
694 4580 752 4626 sua
775 4559 940 4624 beneficia
955 4558 988 4622 in
1005 4558 1158 4623 manibus
1175 4556 1235 4622 R¹¹¹¹
1250 4558 1283 4621 in
1301 4557 1435 4623 Christo
1452 4556 1488 4622 P.
1504 4565 1539 4622 et

216 4806 236 4852 1.
254 4803 314 4852 Voir
334 4818 359 4852 n.
383 4805 451 4852 1751.
472 4829 503 4838 -
523 4801 889 4858 2.V‹nrn.1.'›4,1231,1528.
910 4827 942 4834 -
962 4800 985 4846 3.
1003 4800 1087 4847 Pierrc
1104 4797 1304 4858 d'Aigrelonille,
1323 4799 1543 4847 voirn.186·2.-

180 4878 204 4924 4.
218 4875 280 4924 Voir
292 4891 316 4926 n.
330 4879 399 4934 1936,
416 4878 484 4924 1961.
498 4903 529 4910 -
540 4879 563 4922 .·›.
577 4875 637 4922 l'oir
649 4889 673 4922 n.
688 4875 749 4922 1473
765 4890 770 4932 ;
791 4873 890 4932 Kirach,
905 4872 980 4932 linit,
999 4873 1054 4922 279.
