3650 5675
683 505 772 580 1847,
794 505 883 572 arar
901 506 1028 588 januar.
1471 507 1533 572 ros

173 653 368 740 Marquesii,
384 653 548 722 Biterren.
563 654 661 736 dioc,
685 655 728 720 de
749 651 902 722 cantoria
926 657 1008 722 eccl.
1034 655 1068 721 S.
1097 654 1235 722 Martini
1260 654 1432 738 Leodien,
1459 675 1532 724 vae.

170 780 230 846 per
244 762 300 825 ob.
314 758 454 823 Gerardi
470 759 513 824 de
529 759 643 825 Cornu
659 769 679 840 ¹,
695 759 751 845 qui
767 767 862 825 extra
886 759 985 826 Rom.
1006 780 1074 826 cur.
1090 759 1180 825 diem
1196 759 1319 825 elausit
1334 765 1532 842 extremum,

170 863 353 948 dignemini
367 862 545 948 providere
561 886 569 943 ;
585 884 656 929 uon
672 865 758 929 obst.
781 863 807 928 si
834 863 878 928 sit
901 863 1113 930 consuetudo
1139 865 1194 928 vel
1220 870 1385 928 statutum
1402 863 1435 927 iu
1463 863 1534 949 ipsa

170 967 253 1033 eccl.
276 966 367 1050 quod
377 966 470 1031 dicta
486 967 638 1032 cantoria
652 987 722 1032 non
746 967 854 1053 possit
868 966 932 1032 nisi
957 987 1017 1052 per
1032 987 1107 1033 can.
1123 969 1215 1053 preb.
1232 966 1322 1032 dicte
1348 967 1431 1033 eccl.
1447 967 1534 1032 obti-

171 1070 253 1152 neri,
268 1078 304 1135 et
318 1077 356 1135 ut
371 1069 481 1136 dictus
490 1068 641 1136 ⁴Poncius
652 1071 778 1136 dietam
801 1069 987 1136 cantoriam
1002 1070 1108 1155 magis
1133 1069 1274 1156 pacifice
1290 1070 1441 1135 obtinere
1456 1091 1533 1155 pos·

172 1175 225 1257 sit,
239 1177 374 1261 placeat
384 1174 416 1240 S.
432 1173 473 1240 V.
488 1173 531 1240 de
547 1195 621 1242 can.
636 1183 672 1240 et
699 1178 791 1261 preb.
807 1196 880 1241 vac.
895 1175 951 1241 vel
978 1182 1088 1242 vacat.
1105 1171 1215 1239 eidem
1237 1175 1413 1259 providere
1426 1198 1436 1256 ;
1463 1195 1531 1241 non

172 1281 257 1345 obst.
274 1279 364 1364 quod
390 1279 569 1364 quamdam
585 1280 704 1364 capell.
717 1279 751 1344 in
767 1281 849 1345 eccl.
866 1279 897 1345 S.
913 1279 1072 1345 Afrodisii
1090 1277 1270 1343 Bituricen.
1287 1269 1439 1345 obtinere
1455 1299 1531 1344 nos

172 1390 275 1464 catur,
291 1403 393 1468 quam
408 1403 451 1448 ex
470 1382 613 1447 uberiori
630 1383 662 1449 S.
678 1383 718 1449 V.
733 1403 782 1468 gr.
797 1383 945 1469 possit...
962 1383 1055 1449 licite
1070 1382 1224 1449 retinere.
1240 1421 1284 1432 -
1300 1380 1377 1447 Fiat
1391 1381 1434 1448 de
1457 1403 1531 1448 can.

172 1489 231 1552 sub
246 1507 322 1572 exp.
339 1488 431 1573 preb.
448 1493 483 1552 et
505 1486 655 1553 dedicta
669 1487 823 1553 cantoria
839 1485 879 1553 R.

216 1589 295 1656 Dat.
310 1589 410 1654 Avin.
431 1610 468 1674 14
484 1587 551 1655 kal.
567 1589 648 1656 febr.
663 1597 697 1655 a⁰
714 1597 756 1675 5⁰.
774 1591 846 1675 (10,
863 1590 930 1675 17).

224 1726 362 1810 1136.
1181 1755 1277 1822 1347,
1294 1757 1334 1803 21
1344 1736 1489 1820 janvier.

217 1845 318 1931 Supp.
343 1844 462 1910 Petrus
485 1845 528 1910 de
554 1842 650 1910 Viers
669 1854 690 1926 ²,
714 1845 805 1930 prior
828 1843 870 1910 de
895 1839 1150 1923 Montelucano,
1177 1841 1263 1908 dioc.
1289 1837 1531 1909 Montisalban.

175 1949 243 2016 ord.
260 1948 456 2028 Cluniacen,
472 1948 563 2034 quod
578 1967 656 2013 cum
671 1948 703 2014 S.
719 1948 759 2014 V.
774 1945 911 2014 Sicardo
927 1946 969 2013 de
992 1945 1212 2028 Cardalhaco,
1232 1945 1332 2032 priori
1353 1945 1385 2013 S.
1404 1945 1535 2032 Marga-

174 2061 254 2134 rete,
270 2051 411 2119 Trecen.
427 2052 525 2132 dioc,
544 2049 626 2117 dicti
651 2052 732 2134 ord,
759 2051 944 2138 providerit
959 2049 1001 2117 de
1018 2051 1155 2117 abbacia
1171 2050 1213 2116 de
1229 2049 1361 2131 Lissies,
1378 2049 1419 2116 Ο.
1436 2050 1467 2115 S.
1484 2048 1534 2129 Β,

176 2155 393 2221 Cameracen.
408 2155 506 2236 dioc,
519 2155 589 2240 jam
615 2162 692 2221 sunt
717 2164 861 2240 quatuor
877 2175 1011 2220 menses
1026 2156 1081 2219 vel
1097 2154 1184 2219 circa
1196 2162 1216 2234 ³,
1233 2173 1274 2219 ac
1289 2152 1410 2219 deinde
1434 2149 1536 2218 Petro

174 2259 302 2346 prefato
317 2260 360 2326 de
376 2260 468 2326 dicto
483 2260 633 2346 prioratu
649 2260 860 2326 mandaverit
872 2259 1039 2346 provideri
1056 2277 1156 2344 quam
1173 2258 1270 2324 citius
1285 2257 1394 2324 dictus
1419 2257 1536 2344 Sycar-

174 2364 235 2430 dus
246 2364 492 2451 possessionem
507 2365 599 2430 dicte
615 2365 753 2430 abbacie
769 2364 867 2430 fuerit
893 2364 1034 2450 pacifice
1059 2371 1231 2428 assecutus
1246 2360 1402 2446 idemque
1418 2361 1536 2448 Sycar-

174 2467 234 2533 dus
249 2467 382 2534 differat
397 2467 522 2534 dictam
536 2469 712 2534 abbaciam
728 2476 905 2553 acceptare
921 2476 955 2532 et
972 2467 1109 2553 adipisci
1125 2467 1227 2551 ipsius
1242 2465 1487 2552 possessionem
1504 2465 1536 2530 in

175 2569 358 2655 dampnum
373 2590 442 2636 non
454 2571 632 2637 modicum
650 2579 684 2636 et
706 2571 927 2657 prejudicium
943 2570 1111 2656 prioratus
1126 2589 1165 2636 ac
1184 2568 1274 2634 Petri
1290 2569 1420 2656 prefati.
1437 2569 1538 2656 Supp.

175 2672 274 2758 igitur
287 2672 397 2739 dictus
412 2673 531 2740 Petrus
546 2683 638 2759 quat.
657 2675 844 2759 dignemini
870 2673 964 2740 dicto
987 2673 1077 2740 dom.
1095 2671 1243 2758 Sycardo
1265 2672 1446 2737 terminum
1462 2670 1539 2737 assi-

175 2797 276 2863 gnare
291 2777 377 2843 infra
404 2798 504 2863 quem
531 2778 858 2846 dictamabbaciam
886 2777 1010 2844 debeat
1034 2784 1211 2863 acceptare
1238 2784 1272 2843 et
1295 2776 1539 2863 possessionem

174 2883 277 2969 ipsius
292 2884 442 2969 adipisci.
467 2922 509 2933 -
526 2881 628 2948 Fiant
651 2883 742 2949 bulle
756 2900 819 2969 pro
834 2883 983 2969 prioratu
999 2880 1030 2947 S.
1043 2880 1234 2967 Margarete
1250 2889 1285 2947 et
1300 2880 1482 2946 reddantur
1494 2880 1540 2945 illi

177 2986 229 3051 cui
240 2985 458 3072 providimus,
475 2986 529 3051 vel
546 2985 632 3052 infra
647 3006 801 3053 mensem
817 2986 982 3053 certificet
1005 3002 1068 3051 nos
1087 2986 1144 3050 ille
1158 2988 1261 3052 abbas
1276 2984 1367 3070 quod
1380 3004 1450 3051 non
1466 2984 1540 3050 vult

175 3097 353 3177 acceptare
367 3090 554 3156 abbaciam.
567 3089 608 3157 R.

220 3193 300 3260 Dat.
315 3195 416 3260 Avin.
437 3214 474 3260 12
491 3194 558 3260 kal.
575 3194 656 3263 febr.
671 3204 705 3263 a⁰
721 3202 763 3281 5⁰.
780 3196 852 3281 (10,
873 3197 939 3281 12).

230 3334 363 3421 1137.
1185 3368 1281 3433 1347,
1299 3370 1338 3414 22
1349 3347 1494 3431 sanarer.

220 3451 322 3537 Supp.
339 3451 476 3538 Egidius
490 3452 533 3517 de
549 3452 668 3534 Vinea,
684 3454 762 3519 cler.
774 3451 962 3534 Tomacen.
975 3452 1072 3534 dioc,
1085 3452 1186 3518 famil.
1196 3453 1287 3519 dom.
1297 3454 1537 3519 Aldebrandini

176 3554 219 3620 de
235 3552 358 3621 Baskio
373 3567 394 3637 ⁴,
411 3575 484 3621 can.
507 3557 732 3638 Attrebaten,
755 3557 963 3623 devotissimi
980 3556 1120 3623 oratoris
1134 3558 1247 3637 vestri,
1264 3564 1353 3641 quat.
1370 3558 1431 3622 sibi
1448 3577 1538 3643 spec.

176 3678 224 3743 gr.
247 3658 409 3725 facientes
432 3659 475 3724 de
499 3659 612 3743 aliquo
635 3662 712 3726 ben.
737 3662 819 3726 eccl.
844 3682 873 3727 c.
900 3682 929 3726 c.
945 3662 1001 3725 vel
1021 3682 1046 3725 s.
1067 3680 1107 3741 c.,
1128 3667 1233 3745 spect.
1249 3660 1291 3726 ad
1307 3660 1382 3725 coll.
1410 3662 1487 3724 abb.
1503 3668 1538 3725 et

177 3780 276 3829 conv.
299 3762 497 3828 monasterii
523 3762 555 3827 S.
583 3761 673 3827 Petri
699 3763 883 3844 Lobiensis,
907 3764 951 3829 Ο.
977 3762 1008 3829 S.
1033 3761 1083 3843 Β,
1100 3762 1315 3829 Cameracen.
1331 3762 1428 3843 dioc,
1446 3764 1538 3847 cujus

176 3864 312 3947 fructus,
328 3866 355 3931 si
371 3886 401 3931 c.
417 3885 446 3930 c.
464 3867 515 3945 80,
528 3866 554 3930 si
570 3886 687 3932 veros
700 3886 729 3932 c.
741 3866 838 3933 fuerit
847 3872 892 3933 bo
905 3867 961 3932 lib.
974 3866 1098 3932 Turon.
1111 3885 1205 3950 parv.
1218 3866 1367 3930 valorem
1378 3882 1537 3947 annuum,

177 3987 244 4034 sec.
273 3975 341 4035 tax.
371 3967 512 4050 decime,
543 3990 612 4035 non
642 3970 818 4053 excedant,
851 3970 941 4058 [vac.
968 3970 1022 4034 vel
1048 3967 1189 4054 vacat.],
1214 3967 1323 4034 eidem
1354 3967 1537 4053 dignemini

178 4071 373 4158 providere3
398 4092 468 4137 non
495 4076 582 4139 obst.
603 4074 693 4157 quod
717 4075 835 4160 capell.
851 4075 951 4139 sitam
976 4073 1009 4137 in
1037 4072 1119 4138 eccl.
1144 4071 1297 4157 parroclr.
1327 4072 1360 4138 S.
1386 4071 1537 4137 Mauritii

179 4174 370 4258 insulensis,
387 4176 429 4241 de
444 4195 510 4260 qua
521 4195 637 4242 coram
653 4176 788 4244 officiali
804 4177 991 4243 Tomacen.
1007 4176 1157 4241 noscitur
1171 4174 1311 4259 litigare,
1326 4174 1433 4256 fuerit,
1448 4185 1536 4242 auct.

178 4278 268 4345 dom.
284 4278 372 4345 card.
388 4277 579 4360 Tusculani,
595 4280 682 4346 sedis
696 4288 804 4365 apost.
819 4280 933 4345 nuncii
948 4286 969 4360 ⁵,
985 4287 1191 4365 assequutus.
1206 4318 1250 4327 -
1266 4278 1342 4344 Fiat
1358 4279 1398 4345 R.

222 4380 301 4448 Dat.
316 4382 418 4447 Avin.
438 4400 472 4447 11
492 4382 558 4449 kal.
574 4382 655 4450 febr.
672 4391 706 4449 a⁰
723 4390 765 4468 5⁰.
782 4384 854 4468 (10,
875 4384 949 4469 16).-

227 4516 363 4605 1138.
962 4604 964 4610 ,
1187 4552 1283 4617 1347,
1300 4550 1341 4613 25
1350 4530 1495 4615 janvz'er.

223 4637 324 4725 Supp.
351 4636 534 4721 lohannes,
561 4639 802 4725 primogenitus
825 4637 911 4725 regis
937 4636 1090 4719 Francia,
1117 4636 1184 4703 dux
1210 4634 1429 4719 Normannie,
1447 4644 1539 4721 quat.

180 4787 433 4799 m

213 4874 235 4922 l.
246 4871 309 4920 Voir
319 4886 345 4920 n.
359 4873 429 4922 1122.
440 4900 473 4910 -
485 4874 507 4920 2.
519 4870 583 4919 Voir
593 4885 619 4921 n.
632 4871 702 4919 1093.
714 4899 746 4906 —
757 4872 780 4921 3.
792 4870 854 4919 Voir
866 4885 891 4920 n.
904 4870 960 4919 838,
971 4898 1004 4905 -
1014 4870 1037 4919 4.
1050 4868 1112 4916 Voir
1122 4882 1148 4917 n.
1160 4868 1214 4927 696,
1229 4869 1284 4917 715,
1297 4894 1329 4903 -
1346 4870 1368 4917 5.
1380 4864 1493 4914 Anibold
1510 4864 1543 4911 de

179 4946 295 4995 Cecoano
307 4962 313 5003 ;
325 4961 369 4993 sur
380 4961 408 4994 sa
419 4948 572 4995 nonciature
583 4959 615 4998 eu
629 4946 697 5005 1342,
710 4948 765 4993 voir
775 4944 883 4994 Gillesli
896 4944 987 4993 Muisis
995 4944 1048 5005 (De
1058 4944 1135 5001 fimet,
1151 4941 1240 4992 Cliton.
1252 4940 1283 4989 de
1294 4938 1418 5001 Fleadre,
1429 4949 1461 4999 11,
1475 4938 1544 4999 233).
