3650 5675
233 636 236 643 .
310 549 372 611 484
798 544 904 619 1349,
927 542 1011 607 11-12
1032 541 1198 607 decembre.

312 698 498 783 contigerit,
515 718 573 785 per
588 698 779 764 sacerdotes
793 697 947 782 ydoneos
971 694 1101 780 possint
1127 694 1237 759 facere
1258 694 1429 775 celebrari,
1445 694 1673 761 favorabiliter

313 810 348 867 et
363 802 619 868 misericorditer
633 802 816 887 dignemini
832 801 1014 885 indulgere,
1030 807 1068 864 ut
1084 798 1117 862 in
1134 798 1252 864 sonna.
1268 838 1312 847 -
1327 797 1405 864 Fiat
1420 799 1462 866 R.

356 906 435 970 Dat.
450 906 550 971 Avin.
575 930 594 989 4
611 906 653 971 id.
670 906 742 972 dec.
755 914 787 971 a⁰
805 908 847 971 8⁰.
864 904 936 989 (18,
956 905 1045 988 108).

366 1061 510 1145 1859·
1221 1090 1316 1155 1349,
1334 1090 1432 1135 rr-ra
1450 1073 1629 1137 decembre.

356 1178 554 1245 Beatissime
570 1186 675 1264 pater.
693 1176 881 1242 Clementie
896 1184 1007 1240 vestre
1022 1194 1084 1260 pro
1098 1182 1194 1259 parte
1217 1172 1424 1239 devotissimi
1439 1182 1476 1239 et
1491 1174 1672 1241 fidelissimi

314 1283 372 1347 filii
398 1284 499 1349 vestri
526 1280 699 1361 Johannis,
725 1281 818 1346 ducis
844 1278 1035 1358 Brabantie,
1051 1284 1242 1342 reverenter
1265 1277 1453 1363 exponitur,
1477 1279 1569 1363 quod
1594 1300 1672 1345 cum

194 1428 197 1433 ι
313 1386 384 1473 ipse
399 1394 492 1453 certa
507 1406 567 1451 sua
582 1384 755 1472 privilegia
770 1382 956 1469 imperialia
970 1389 1006 1447 et
1021 1379 1144 1465 regalia
1159 1380 1367 1451 diversorum
1383 1380 1622 1466 imperatorum
1637 1391 1674 1448 et

312 1511 428 1576 regum
452 1490 680 1556 Romanorum
696 1489 751 1574 pie
766 1486 938 1567 memorie,
954 1505 1054 1571 super
1073 1484 1189 1549 multis
1205 1484 1374 1550 contentis
1388 1493 1425 1550 et
1439 1484 1615 1572 descriptis
1638 1487 1672 1551 in

313 1594 372 1675 eis,
394 1594 661 1681 progenitoribus
681 1592 757 1673 suis,
780 1612 897 1657 eorum
919 1589 1097 1656 heredibus
1111 1597 1147 1653 et
1158 1588 1403 1654 successoribus
1424 1588 1672 1676 imperpetuum

314 1718 483 1779 concessa,
493 1698 595 1763 etiam
606 1718 666 1784 per
677 1696 851 1762 dominum
865 1695 1038 1776 Karolum,
1049 1714 1140 1759 nunc
1150 1694 1184 1757 in
1192 1693 1432 1779 imperatorem
1442 1693 1673 1761 Romanorum

313 1804 459 1869 electum
474 1803 683 1883 continuata,
697 1822 737 1867 ac
754 1801 866 1885 aliqua
877 1800 921 1865 de
936 1820 1027 1865 novo
1042 1797 1169 1864 eisdem
1184 1797 1324 1878 indulta,
1339 1818 1359 1861 a
1374 1798 1483 1882 longis
1497 1799 1673 1865 retroactis

313 1908 519 1992 temporibus
534 1905 732 1971 habueritret
748 1904 880 1984 habeat,
890 1904 1013 1987 illaque
1028 1903 1096 1967 dux
1105 1902 1186 1987 ipse,
1197 1901 1240 1967 ad
1248 1902 1411 1986 majorem
1421 1909 1456 1966 et
1464 1902 1672 1987 pinguiorem

313 2011 481 2075 cautelam
497 2009 634 2075 affectet
650 2016 684 2074 et
700 2008 815 2094 cupiat
830 2028 889 2093 per
904 2006 1128 2072 Sanctitatem
1151 2014 1298 2070 vestram
1314 2012 1349 2069 et
1364 2026 1407 2069 ex
1422 2013 1516 2070 certa
1531 2006 1672 2071 scientia

314 2115 514 2179 auctoritate
529 2113 714 2199 apostolica
731 2112 929 2177 confirmare
947 2135 957 2191 ;
973 2111 1051 2176 inde
1065 2110 1157 2175 dicte
1180 2110 1369 2190 clementie,
1384 2109 1523 2175 nomine
1538 2130 1597 2175 seu
1610 2130 1673 2195 pro

313 2225 407 2302 parte
424 2237 489 2302 qua
516 2236 625 2303 supra,
649 2217 819 2282 humiliter
840 2215 1048 2301 supplicatur
1063 2222 1098 2279 et
1112 2214 1248 2299 petitur,
1264 2222 1430 2298 quatenus
1444 2213 1564 2298 prefati
1580 2213 1674 2278 ducis

314 2320 446 2385 devotis
472 2320 745 2407 suplicationibus
768 2340 807 2385 ac
823 2319 977 2405 precibus
999 2326 1196 2398 annuentes,
1221 2315 1393 2404 privilegia
1418 2317 1490 2404 ipsa
1506 2325 1541 2388 et
1557 2338 1672 2383 eorum

314 2423 497 2507 quodlibet,
514 2423 625 2509 quoad
641 2424 754 2489 omnia
769 2432 804 2488 et
820 2422 949 2508 singula
973 2429 1135 2488 contenta
1150 2421 1184 2485 in
1200 2422 1257 2502 eis,
1274 2420 1456 2505 dignemini
1472 2421 1673 2487 auctoritate

314 2526 464 2612 predicta
486 2536 521 2592 et
547 2550 588 2593 ex
614 2538 704 2594 certa
729 2527 869 2594 scientia
897 2527 1105 2608 confirmare,
1129 2526 1332 2612 supplentes,
1348 2526 1374 2591 si
1390 2527 1513 2611 placet,
1537 2546 1674 2591 omnem

313 2629 492 2713 defectum,
508 2630 534 2695 si
551 2651 651 2715 quem
677 2631 711 2695 in
728 2631 775 2695 eis
793 2638 852 2695 aut
876 2650 992 2695 eorum
1015 2629 1128 2714 aliquo
1154 2630 1298 2714 reperire
1321 2628 1407 2693 forte
1430 2628 1609 2713 contigerit
1631 2627 1675 2693 de

314 2734 498 2818 apostolice
521 2734 608 2801 sedis
630 2734 839 2822 plenitudine
866 2732 1056 2819 potestatis,
1081 2740 1117 2797 et
1143 2753 1219 2798 cum
1242 2733 1475 2798 executoribus
1490 2741 1525 2797 et
1540 2752 1674 2798 conser-

312 2839 483 2906 vatoribus
498 2841 554 2925 qui
571 2848 606 2904 et
620 2849 721 2926 prout
740 2838 918 2904 necessarii
940 2836 1062 2902 firerint
1076 2839 1132 2902 vel
1154 2847 1262 2920 erunt,
1279 2847 1407 2904 etcum
1423 2839 1577 2903 omnibus
1601 2839 1672 2902 ndn

313 2942 522 3008 obstantibus
534 2952 568 3007 et
578 2943 731 3008 clausulis
744 2941 927 3028 oportunis,
939 2949 975 3005 et
983 2941 1067 3007 alias
1082 2942 1196 3023 etiam,
1217 2950 1255 3006 ut
1277 2942 1311 3006 in
1328 2941 1437 3006 forma
1453 2949 1518 3006 etc.
1533 2981 1577 2990 -
1593 2940 1673 3005 Exi-

311 3046 431 3109 beatur
446 3045 668 3111 cardinalibus
685 3045 893 3112 Montisolivi
909 3051 932 3126 ¹¹,
948 3052 984 3108 et
998 3055 1115 3110 sancte
1129 3045 1306 3110 Anastasio
1319 3057 1340 3125 ¹,
1353 3053 1387 3109 et
1401 3043 1546 3109 referant
1563 3042 1628 3109 Rb.

367 3197 512 3280 1860.
1274 3235 1370 3298 1349,
1387 3235 1427 3280 ra
1448 3215 1629 3280 decembre.

356 3313 457 3381 Motu
472 3316 607 3402 proprio
621 3317 836 3403 providemus
850 3317 870 3395 J
873 3317 998 3383 ohanni
1014 3317 1057 3383 de
1071 3317 1201 3398 Athies,
1213 3320 1388 3404 capellano
1403 3318 1532 3404 capelle
1546 3324 1672 3396 nostre,

313 3419 356 3484 de
382 3439 457 3485 can.
484 3427 518 3484 et
542 3423 634 3506 preb.
659 3421 799 3486 ecclesie
828 3419 1006 3502 Morinen,
1022 3441 1097 3487 vac.
1123 3442 1184 3507 per
1207 3424 1262 3488 ob.
1277 3421 1442 3499 Johannis
1456 3421 1500 3486 de
1516 3420 1672 3502 Hestrus,

314 3530 393 3587 ante
408 3523 557 3608 ejusdem
573 3521 738 3601 Johannis
755 3527 808 3590 ob.
824 3525 1031 3591 reservatis...
1052 3559 1080 3571 -
1106 3523 1182 3590 Fiat
1193 3532 1290 3590 motu
1303 3526 1440 3612 proprio
1457 3524 1499 3591 R.

356 3625 434 3690 Dat.
450 3625 550 3691 Avin.
569 3647 585 3691 2
604 3627 647 3692 id.
663 3627 735 3693 dec.
751 3635 785 3693 a⁰
801 3630 843 3693 8⁰.
861 3630 933 3713 (18,
953 3628 1041 3712 109).

365 3780 501 3864 1861.
1279 3816 1375 3880 1349,
1392 3817 1432 3861 12
1448 3798 1628 3861 decembre.

355 3899 455 3986 Supp.
473 3897 679 3983 N(icolaus),
696 3899 727 3963 S.
746 3896 795 3964 M.
810 3899 844 3963 in
860 3899 916 3964 via
931 3901 1001 3965 lata
1016 3900 1177 3966 diaconus
1192 3900 1469 3984 cardinalis,quat.
1484 3921 1545 3966 suo
1560 3901 1673 3985 capel-

311 4002 390 4068 lano
405 4003 621 4068 commensali
635 4002 784 4068 Waltero
799 4003 841 4069 de
859 4001 1060 4070 Hemetines
1071 4021 1093 4086 ²,
1105 4005 1148 4070 de
1158 4025 1231 4071 can.
1243 4012 1278 4068 et
1287 4007 1379 4090 preb.
1391 4006 1473 4070 eccl.
1484 4004 1516 4069 S.
1529 4004 1673 4070 Dionisii

311 4103 472 4172 Leodien.
496 4127 568 4172 vac.
584 4127 644 4192 per
660 4109 713 4172 ob.
737 4105 907 4190 quondam
933 4106 1099 4184 Johannis
1125 4106 1289 4173 Manhani
1305 4108 1348 4174 de
1364 4105 1511 4173 Bossaco
1530 4121 1553 4188 ³,
1569 4107 1673 4193 ipsius

309 4209 450 4274 ecclesie
465 4209 617 4275 canonici
633 4210 863 4295 capellamque
879 4211 1028 4296 ejusdem
1044 4210 1229 4292 cardinalis,
1244 4211 1300 4296 qui
1316 4220 1411 4276 extra
1432 4211 1559 4276 curiam
1580 4211 1674 4277 diem

310 4313 430 4378 clausit
455 4321 653 4394 extremum,
680 4314 707 4378 si
734 4334 802 4380 non
827 4313 870 4378 sit
895 4314 991 4379 alteri
1019 4315 1073 4399 J'us
1102 4315 1279 4397 quesitum,
1310 4334 1387 4379 cum
1418 4315 1572 4380 omnibus
1601 4334 1673 4380 non

310 4417 519 4482 obstantibus
544 4425 579 4482 et
606 4417 759 4483 clausulis
785 4418 959 4504 oportunis
973 4439 1015 4484 ac
1026 4418 1258 4484 executoribus
1272 4418 1454 4503 dignemini
1469 4419 1647 4504 providere
1663 4441 1672 4501 ;

312 4540 381 4586 non
406 4524 491 4588 obst.
517 4521 607 4605 quod
632 4522 664 4586 in
692 4523 810 4608 majori
835 4523 927 4587 etin
952 4523 983 4589 S.
1000 4523 1095 4588 Pauli
1122 4543 1163 4589 ac
1188 4521 1373 4588 Nivellensi
1401 4530 1435 4587 et
1462 4522 1672 4588 Cennacensi

343 4709 372 4771 n)
384 4707 424 4755 En
437 4723 522 4769 margo
538 4707 656 4757 :attende
667 4707 733 4771 911111
746 4713 857 4758 renuerat
868 4709 931 4758 data
943 4712 970 4758 ia
986 4710 1116 4774 originali.
1129 4711 1204 4759 Cette
1215 4710 1352 4774 supplique
1372 4715 1410 4760 est
1430 4710 1516 4773 platee
1535 4716 1609 4759 entre
1626 4711 1674 4760 des

313 4787 382 4832 actm
392 4781 427 4829 du
441 4785 467 4830 11
482 4787 508 4830 et
519 4783 556 4830 ‹lu
569 4784 598 4830 12
610 4781 752 4832 decembre.
764 4811 795 4822 -
807 4784 837 4846 b)
850 4783 889 4831 On
902 4782 992 4832 abiffe
1007 4800 1013 4830 ι
1026 4784 1061 4830 El
1072 4801 1096 4846 q.
1107 4784 1128 4842 f.
1139 4800 1159 4832 1.
1170 4783 1206 4832 al.
1219 4783 1235 4832 l.
1248 4783 1356 4832 111111.

345 4977 366 5024 1.
379 4975 525 5025 Guilleume
536 4975 631 5024 d'Aura
642 4980 668 5025 et
680 4975 792 5024 Auernas
803 4975 951 5026 11111111.-
962 4978 986 5024 2.
997 4975 1060 5023 Voir
1076 4989 1102 5025 n.
1122 4978 1194 5026 1451.
1207 5003 1239 5012 -—
1250 4978 1274 5026 ἃ
1292 4977 1354 5026 Voir
1370 4991 1396 5026 n.
1412 4979 1467 5038 907,
1487 4979 1556 5038 1264,
1576 4979 1650 5028 15³2.
