3650 5675
293 504 353 571 aaa
832 501 918 574 isla,
942 501 1011 566 9-12
1030 501 1106 584 jun.

294 658 348 724 vel
363 657 458 744 quasi
473 658 634 738 valorem,
647 655 739 722 dicto
750 655 885 722 defectu
895 676 966 722 non
979 659 1064 724 obst.
1077 657 1218 739 obtinet,
1232 666 1344 742 quat...
1357 666 1394 724 ut
1406 679 1483 724 cum
1495 658 1653 744 predictis

293 763 361 830 duo
371 763 436 828 alia
451 761 613 828 beneficia
629 762 710 827 eccl.
727 759 1015 846 compassibilia...
1028 761 1090 826 etsi
1102 781 1218 826 eorum
1235 762 1375 827 alterum
1392 762 1481 847 dign.
1497 763 1551 827 vel
1567 782 1651 848 pers

294 875 352 933 aut
368 865 423 933 off.
440 866 603 947 existat...
619 865 777 951 recipere,
793 865 969 931 retinere...
985 873 1020 930 et
1043 874 1263 951 permutare...
1279 867 1401 932 valeat.
1417 905 1460 916 -—
1476 865 1552 933 Fiat
1569 866 1608 932 R.

338 970 416 1036 Dat
431 970 529 1035 Avin.
547 987 565 1054 7
581 968 625 1036 id.
638 969 722 1055 junii
739 972 776 1035 a⁰'
789 977 832 1053 7⁰.
849 971 924 1054 (30,
941 968 978 1036 Ρ.
996 968 1040 1051 II,
1059 971 1141 1055 29').

348 1107 652 1194 1359-1360.
1379 1121 1608 1208 1348,9jmn.

338 1225 502 1310 Dignetur
517 1225 548 1292 S.
566 1225 605 1293 V.
622 1225 803 1293 Guillelmo
815 1224 858 1290 de
882 1223 1039 1291 Flandria
1056 1239 1076 1306 ¹,
1104 1225 1256 1291 familiari
1280 1234 1403 1307 vestro,
1419 1225 1595 1312 providere
1610 1226 1652 1292 de

295 1350 368 1395 can.
385 1338 419 1395 et
434 1332 526 1416 preb.
543 1331 625 1396 eccl.
642 1330 673 1396 S.
689 1328 876 1414 Walburgis
893 1327 1082 1410 Fumensis,
1101 1327 1269 1395 Morinen.
1285 1329 1383 1411 dioc,
1400 1351 1474 1396 vac.
1496 1349 1557 1417 per
1572 1331 1653 1396 libe-

294 1454 364 1499 ram
379 1434 641 1519 resignacionem
665 1434 790 1500 factam
811 1434 844 1498 in
871 1434 1058 1500 manibus..
1082 1434 1213 1499 abbatis
1229 1433 1260 1500 S.
1276 1433 1413 1500 Taurini
1442 1434 1653 1502 Ebroicensis

294 1559 353 1624 per
378 1537 569 1616 Johannem
597 1539 760 1605 Guibrant
798 1538 880 1604 alias
904 1537 981 1624 Gay
1000 1549 1020 1620 ²,
1045 1537 1232 1624 Trajecten.
1265 1538 1362 1621 dioc,
1396 1539 1450 1605 cui
1481 1540 1652 1625 provisum

295 1641 403 1707 luerat
417 1663 477 1729 per
493 1644 523 1709 S.
540 1642 580 1710 V.
596 1643 638 1710 de
665 1663 737 1710 can.
754 1651 788 1708 et
813 1645 907 1729 preb.
932 1642 1092 1728 predictis
1115 1663 1188 1708 vac.
1213 1663 1273 1728 per
1287 1652 1431 1710 mortem
1454 1642 1595 1711 Luclrini
1610 1642 1653 1710 de

296 1744 449 1811 Galvano
464 1746 507 1812 de
519 1746 630 1825 Janua
647 1747 680 1812 in
697 1746 796 1813 Rom.
823 1747 913 1812 curia
940 1745 1144 1827 decedentis,
1168 1746 1270 1832 ipsius
1294 1747 1387 1829 eccl,
1410 1747 1489 1814 dum
1514 1747 1653 1829 viveret,

295 1851 448 1916 canonici
475 1851 685 1938 prebendati,
704 1852 784 1918 licet
810 1850 962 1918 nondum
989 1849 1159 1937 predictus
1182 1849 1355 1928 Johannes
1380 1851 1512 1918 fecisset
1527 1852 1655 1918 litteras

296 1952 462 2040 expedire.
479 1995 521 2005 —
538 1955 612 2022 Fiat
630 1955 670 2022 R.

341 2098 442 2160 1360.
460 2091 580 2160 Item...
595 2093 778 2179 dignemini
793 2094 969 2180 providere
992 2092 1011 2171 J
1015 2093 1142 2158 ohanni
1158 2093 1199 2158 de
1216 2093 1382 2178 Spanden,
1399 2095 1477 2160 cler.
1495 2092 1653 2160 Leodien.

296 2195 393 2278 dioc,
409 2196 452 2261 de
467 2198 653 2284 capellania
677 2220 736 2265 seu
761 2199 886 2264 vicaria
913 2197 945 2263 S.
963 2195 1095 2263 Nicolai
1113 2197 1177 2263 sita
1205 2197 1236 2261 in
1265 2198 1347 2263 eccl.
1364 2197 1395 2265 S.
1414 2196 1462 2264 M.
1478 2199 1653 2283 Aquensis,

296 2298 386 2365 dicte
401 2299 499 2382 dioc,
515 2322 587 2369 vac.
603 2322 663 2388 per
677 2302 815 2368 liberam
840 2301 1137 2386 resignacionem...
1164 2321 1224 2387 per
1248 2311 1497 2386 procuratorem
1515 2299 1654 2366 Henrici

297 2402 525 2489 Guldennagel
541 2405 676 2485 ³,ultimi
692 2405 854 2493 capellani
871 2405 994 2471 vicarie
1010 2405 1191 2491 predicte...
1208 2439 1238 2452 -
1261 2401 1337 2469 Fiat
1355 2402 1394 2470 R.

341 2507 419 2572 Dat.
442 2508 541 2574 Avin.
567 2529 583 2594 5
609 2509 653 2575 id.
673 2509 757 2595 junii
784 2515 817 2574 a⁰
841 2515 883 2591 7⁰.
911 2509 982 2592 (15,
1001 2509 1067 2592 61).

349 2645 484 2731 1361.
1362 2663 1457 2745 1348,
1474 2633 1525 2725 10.
1525 2659 1611 2743 juin.

339 2764 461 2851 Supp...
478 2764 675 2830 Guillelmus
700 2763 849 2846 Boesart,
877 2765 955 2830 cler.
986 2762 1143 2829 Parisieu.
1170 2763 1267 2847 dioc,
1294 2763 1462 2849 quondam
1486 2762 1656 2851 Radulphi

299 2868 490 2956 [Richardi]
521 2868 795 2954 consanguineus,
812 2876 902 2955 quat.
930 2868 1024 2935 sibi...
1048 2869 1090 2935 de
1115 2889 1187 2935 oan
1204 2877 1238 2935 et
1262 2872 1354 2955 preb.
1370 2870 1451 2937 eccl.
1467 2868 1510 2936 de
1534 2867 1654 2949 Fossis,

286 2971 454 3040 'Leodien.
481 2973 578 3053 dioc,
605 2993 697 3039 vac...
724 2994 784 3059 per
808 2976 862 3040 ob.
878 2973 959 3040 dicti
976 2972 995 3051 J
999 2973 1140 3039 ohannis
1156 2972 1324 3055 Richardi,
1341 2972 1578 3059 consanguinei
1595 2973 1654 3053 sui,

296 3076 479 3163 dignemini
494 3077 701 3164 providere...
717 3077 850 3143 -Fiat
867 3076 907 3144 R.

340 3180 419 3248 Dat.
434 3182 535 3247 Avin.
552 3205 571 3267 4
588 3182 631 3248 id.
644 3180 728 3266 junii
744 3189 777 3247 a⁰
794 3189 835 3266 7⁰.
853 3183 923 3265 (15,
942 3182 1009 3265 69).
1038 3232 1044 3243 .

350 3318 490 3405 1362.
1358 3336 1452 3417 1348,
1475 3353 1515 3398 12
1525 3332 1612 3414 juin.

342 3437 467 3525 Supp...
483 3439 683 3526 Stephanus,
700 3440 802 3524 episc.
818 3437 849 3504 S.
867 3437 983 3504 Poncii
1000 3436 1264 3519 Thomeriarum,
1282 3437 1440 3523 Ejusdem
1464 3437 1658 3503 Sanctitatis

299 3545 509 3627 camerarius,
526 3546 559 3609 in
575 3565 660 3631 pers.
679 3543 792 3610 dilecti
809 3543 1006 3629 pronepotis
1021 3543 1069 3607 sui
1088 3540 1225 3608 Roberti
1241 3544 1352 3629 Ayme
1364 3558 1383 3623 ⁴,
1409 3540 1519 3607 clerici
1544 3539 1657 3607 Claro-

298 3657 447 3714 monten.
464 3648 562 3729 dioc,
578 3656 669 3732 quat.
685 3648 727 3713 de
744 3667 818 3714 can.
834 3656 869 3713 et
892 3649 984 3733 preb.
1001 3646 1083 3713 eccl.
1110 3645 1331 3732 Trajectensis
1357 3646 1399 3712 ad
1424 3666 1559 3732 presens
1583 3664 1656 3711 vac.

298 3772 357 3838 per
387 3754 441 3818 ob.
470 3751 603 3819 Nicolai
633 3751 715 3818 dicti
746 3750 994 3833 Vanderborch,
1018 3751 1074 3836 qui
1102 3752 1308 3838 inpartibus
1335 3750 1398 3815 illis
1424 3750 1513 3816 diem
1538 3749 1657 3815 clausit

298 3864 528 3937 extremum...
540 3856 632 3922 dicto
646 3854 826 3922 Roberto...
841 3856 1024 3940 dignemini
1039 3855 1259 3941 providere...;
1276 3875 1344 3920 non
1361 3857 1446 3921 obst.
1463 3853 1553 3939 quod
1569 3853 1657 3920 idem

300 3953 468 4026 Robertus
479 3980 552 4025 can.
568 3968 603 4025 et
619 3961 711 4047 preb.
728 3960 761 4024 in
778 3962 860 4025 eccl.
877 3959 908 4025 S.
926 3957 1015 4025 Petri
1032 3957 1075 4024 de
1091 3962 1194 4044 Ayra,
1213 3958 1380 4024 Morinen.
1397 3960 1494 4038 dioc,
1511 3957 1658 4023 noscitur

300 4065 460 4131 obtinere.
480 4104 524 4115 -
540 4063 616 4131 Fiat
633 4062 673 4131 R.
831 4128 834 4133 .

344 4168 423 4235 Dat.
446 4169 545 4235 Avin.
570 4190 587 4233 2
613 4168 656 4236 id.
681 4168 763 4254 junii
791 4176 823 4235 a⁰
837 4176 878 4253 7⁰.
902 4168 975 4253 (15,
999 4170 1082 4253 41').

354 4307 495 4394 1363-
1364 4319 1458 4399 1348,
1477 4336 1516 4381 ιε
1527 4313 1615 4396 juin.

346 4426 447 4493 Motu
458 4427 593 4514 proprio
604 4426 818 4513 providemus
827 4422 846 4503 J
850 4424 975 4491 ohanni
988 4424 1052 4490 ‘de
1065 4423 1295 4505 Buxo,clerico
1305 4417 1660 4497 Claromontendioc,

331 4618 360 4678 a)
373 4617 412 4665 On
424 4618 496 4666 avait
507 4616 614 4665 ‹l'abord
626 4616 688 4665 ecrit
705 4632 711 4664 :
728 4613 846 4672 (ieraldo,
858 4614 936 4675 qu'on
948 4629 964 4663 a
975 4612 1102 4677 remplacd
1115 4626 1161 4676 pur
1173 4628 1179 4661 ε
1193 4612 1315 4661 Johanni.
1340 4611 1380 4659 En
1392 4624 1479 4671 merge
1491 4624 1496 4656 :
1516 4608 1658 4657 &nmen

298 4692 412 4739 Jolrunni
421 4706 471 4755 pro
491 4689 607 4739 Gerurdo
622 4689 654 4739 de
667 4693 785 4752 pret-epla
802 4688 896 4736 dornini
916 4689 1000 4736 illiniri.

337 4894 357 4939 l.
371 4892 503 4954 Scripteur
514 4892 546 4938 de
562 4891 588 4940 la
604 4891 772 4940 chanoellerie
790 4890 943 4954 pontificale,
962 4890 1018 4938 voir
1036 4904 1062 4941 n.
1076 4892 1128 4951 162,
1141 4892 1194 4949 747,
1208 4892 1262 4950 748,
1281 4892 1335 4941 sno.
1353 4918 1385 4925 -
1402 4892 1424 4943 2,
1437 4889 1499 4936 Volr
1510 4902 1534 4939 n.
1548 4888 1618 4935 1305.
1630 4914 1662 4921 -

302 4968 325 5015 3.
338 4964 400 5013 Voir
411 4979 436 5014 n.
449 4967 503 5025 529,
516 4966 615 5017 697.-
632 4965 655 5017 4.
668 4964 729 5013 Voir
739 4979 765 5015 n.
778 4966 848 5016 1238.
