3650 5675
279 498 339 564 282
807 491 893 563 1310,
918 491 958 554 25
980 491 1107 555 octobre.

321 649 421 711 1087.
440 644 528 710 Item
543 643 664 709 eodem
680 640 784 706 modo
800 660 895 725 supp.
910 638 1053 725 predicti
1075 638 1269 720 cardinales,
1298 619 1388 725 quat.
1414 641 1587 709 Therrico'
1598 644 1641 709 de

277 749 440 832 Autrey0,
456 747 613 827 subdiac,
629 745 711 812 dicti
727 744 818 810 card.
835 744 869 809 in
886 743 943 809 off.
960 744 1089 828 capelle
1105 743 1259 808 familiari
1275 744 1465 812 domestico
1487 756 1522 811 et
1537 748 1638 813 servi-

277 852 342 918 tori
358 853 508 936 antiquo,
525 851 558 917 in
574 850 668 915 nullo
683 856 909 928 remunerato
926 867 988 933 pro
1004 868 1071 931 quo
1087 847 1192 912 etiam
1207 847 1318 914 dictus
1347 849 1436 914 card.
1467 851 1640 917 conscien-

277 955 360 1022 tiam
386 955 565 1040 specialem
591 953 746 1018 faciendo
771 950 948 1017 mandavit
973 951 1151 1036 supplicari
1178 949 1221 1016 de
1255 951 1370 1036 aliquo
1401 954 1640 1020 beneficiorum

278 1079 412 1126 suorum
425 1083 434 1140 ;
451 1059 507 1143 qui
523 1059 658 1143 quidem
673 1056 815 1122 servitor
830 1055 872 1121 de
887 1055 998 1122 rotulo
1022 1055 1102 1121 olim
1118 1076 1138 1120 a
1153 1054 1247 1122 dicto
1271 1058 1372 1139 card,
1397 1057 1431 1122 in
1458 1059 1641 1144 primordio

277 1170 387 1229 vestre
403 1163 589 1243 creationis,
608 1182 671 1247 pro
686 1161 753 1226 suis
768 1159 988 1226 familiaribus
1003 1161 1119 1226 oblato
1134 1161 1262 1225 nullam
1290 1161 1474 1246 reportavit
1489 1182 1547 1248 gr,
1564 1183 1640 1228 cum

277 1268 320 1334 de
334 1271 411 1334 ben.
427 1289 500 1334 vac.
516 1288 579 1354 pro
594 1267 668 1352 ipso
683 1265 793 1351 petito
808 1264 926 1330 fuisset
952 1283 1011 1349 per
1039 1262 1079 1329 E.
1095 1263 1127 1329 S.
1154 1264 1249 1330 alteri
1273 1271 1356 1329 tunc
1382 1265 1575 1350 provisum;
1598 1266 1641 1332 de

278 1393 352 1437 can.
369 1380 404 1437 et
418 1375 511 1458 preb.
534 1372 616 1436 eccl.
642 1369 674 1435 S.
700 1368 876 1454 Gaugerici
901 1367 1132 1448 Cameracen,
1159 1388 1219 1454 per
1245 1368 1347 1454 ipsius
1374 1371 1462 1436 card.
1490 1373 1544 1436 ob.
1568 1391 1640 1437 vac.

278 1476 460 1562 dignemini
486 1475 685 1563 providere;
713 1494 782 1539 non
808 1476 894 1540 obst.
927 1471 1018 1558 quod
1043 1473 1114 1558 ipse
1139 1473 1293 1558 parroch.
1319 1474 1401 1539 eccl.
1425 1473 1467 1539 de
1495 1473 1639 1554 Pronna,

280 1572 420 1642 Remen.
437 1576 535 1658 dioc,
559 1578 652 1662 cujus
675 1585 860 1663 proventus
886 1577 989 1643 annui
1015 1596 1183 1642 summam
1211 1597 1249 1661 14
1274 1577 1331 1642 lib.
1360 1576 1472 1658 Paris,
1489 1598 1555 1643 sec.
1571 1586 1640 1644 tax.

281 1679 421 1759 decime,
437 1701 506 1746 non
522 1681 700 1761 excedunt,
715 1681 867 1747 noscitur
883 1680 1048 1746 obtinere.

324 1781 387 1848 Vel
402 1783 444 1849 de
459 1786 536 1850 ben.
552 1786 635 1851 eccl.
651 1807 680 1850 c.
697 1805 725 1850 c.
742 1782 907 1868 usquead
924 1785 975 1866 80,
1001 1784 1055 1848 vel
1071 1805 1096 1848 0.
1113 1804 1143 1848 0.
1160 1803 1263 1867 usque
1280 1782 1324 1849 ad
1344 1803 1384 1868 50
1408 1784 1476 1866 lib.',
1493 1805 1558 1852 sec.
1574 1793 1642 1851 tax.

281 1887 421 1969 decime,
449 1897 555 1974 spect.
583 1888 627 1954 ad
653 1890 762 1954 coll...
787 1887 900 1973 episc,
924 1888 997 1953 dec.
1013 1895 1048 1952 et
1068 1907 1141 1972 cap.
1167 1886 1439 1972 singulorumque
1466 1889 1643 1954 canonico-

281 2013 364 2073 rum,
381 1993 482 2057 etiam
498 1993 524 2058 si
540 1993 575 2057 in
591 1994 673 2059 eccl.
690 1991 838 2059 cathedr.
854 1992 989 2073 existat,
1005 1991 1087 2057 eccl.
1115 1990 1360 2056 Cathalaunen.
1377 2031 1421 2040 -
1437 1985 1514 2056 Fiat
1539 1991 1641 2056 etiam

282 2097 308 2160 si
325 2096 359 2161 in
376 2098 458 2163 eccl.
475 2097 624 2162 cathedr.
643 2095 683 2161 R.

327 2199 406 2263 Dat.
422 2200 522 2265 Avin.
543 2221 580 2283 14
596 2198 662 2265 kal.
677 2220 756 2265 nov.
773 2207 805 2264 a⁰
823 2207 864 2284 5⁰.
882 2200 953 2284 (12,
975 2199 1059 2284 121).

337 2335 636 2420 ross-1090
1293 2350 1600 2436 13005000.

327 2454 428 2542 Supp.
453 2455 623 2520 comitissa
646 2454 804 2522 Hanonie
816 2455 928 2540 junior
946 2469 964 2535 ¹,
981 2463 1015 2520 et
1031 2454 1209 2523 domicella
1227 2459 1389 2538 Elizabet,
1405 2475 1498 2521 soror
1513 2455 1645 2521 comitis

284 2558 444 2626 Hanonie
473 2581 579 2646 nuper
608 2559 757 2627 defuncti
782 2570 802 2641 ²,
827 2558 928 2643 quod,
955 2579 1032 2624 cum
1062 2561 1193 2626 ratione
1222 2562 1312 2630 dotis
1339 2571 1373 2626 et
1397 2559 1643 2646 temporalium,

282 2671 429 2729 tractare
438 2684 479 2729 00
491 2665 680 2731 conversari
692 2665 842 2731 habeant
857 2684 935 2730 cum
951 2661 1127 2729 Bavarissa
1137 2674 1157 2746 ³,
1170 2687 1235 2750 que
1247 2686 1283 2732 se
1295 2669 1379 2751 gerit
1390 2685 1451 2751 pro
1464 2663 1643 2742 comitissa,

283 2767 419 2832 nomine
443 2766 475 2833 S.
491 2766 531 2834 V.
556 2770 692 2856 placeat
716 2769 750 2833 in
777 2768 850 2834 foro
873 2767 1079 2833 conscientie
1095 2776 1132 2833 ut
1148 2789 1224 2834 cum
1240 2768 1391 2857 predicta
1408 2767 1590 2849 Bavarissa,
1606 2775 1643 2830 ut

281 2872 495 2957 premittitur,
520 2874 709 2938 conversari
726 2872 873 2952 valeant,
891 2892 968 2937 cum
984 2872 1109 2937 eisdenr
1125 2873 1327 2960 dispensare,
1343 2884 1378 2939 et
1394 2872 1492 2959 quod,
1508 2879 1643 2957 propter

283 2976 471 3060 hujusmodi
497 2978 797 3057 conversationem,
822 2976 981 3062 predictis
1004 2976 1047 3041 ad
1069 2997 1205 3062 presens
1220 3000 1283 3044 000
1299 2979 1331 3043 10
1349 2978 1492 3042 futurum
1509 2972 1644 3059 aliquod

282 3078 499 3164 prejudicium
516 3080 649 3145 existat.
661 3120 705 3130 —
720 3077 821 3145 Fiant
833 3080 943 3144 littere
960 3080 993 3144 in
1010 3082 1216 3164 cancellaria,
1230 3083 1315 3149 sicut
1327 3082 1389 3147 fuit
1400 3082 1434 3146 in
1448 3078 1645 3145 consistorio

283 3182 485 3248 ordinatum.
502 3182 542 3249 R.

329 3329 432 3391 1089.
458 3321 546 3388 Item
562 3324 681 3389 eedem
697 3309 792 3411 sup‘p.
808 3332 901 3409 quat.
917 3324 1159 3391 domiceilabus
1175 3325 1240 3390 suis
1262 3324 1428 3404 Eustacie,
1446 3322 1644 3408 Margarete,

283 3424 447 3509 Elizabet,
464 3448 503 3492 ac
521 3427 627 3494 Marie
643 3428 796 3494 Loenis¹²
815 3428 898 3516 [ind.
914 3429 948 3493 10
965 3437 1025 3494 art.
1042 3428 1157 3515 mort]
1178 3428 1362 3496 concedere
1385 3428 1568 3513 dignemini
1586 3428 1645 3491 sub

283 3530 390 3615 sigillo
404 3531 495 3597 dom.
511 3534 701 3618 patriarche
716 3532 978 3612 Jerosolimitani
994 3545 1014 3615 ⁴,
1031 3535 1085 3597 vel
1101 3533 1192 3599 dom.
1209 3534 1309 3619 episc.
1326 3532 1504 3612 Grassen.⁵,
1518 3530 1645 3597 confes·

284 3634 365 3698 son's
381 3634 412 3700 S.
429 3633 469 3700 V.
490 3674 522 3683 -
544 3634 621 3702 Fiat
637 3637 671 3702 in
688 3637 802 3702 sonna.
824 3636 863 3702 R.

329 3779 430 3839 1090.
448 3771 536 3837 Item
552 3795 648 3860 supp.
664 3783 755 3858 quat.
773 3775 907 3839 fratrem
924 3773 1116 3852 Johannem
1132 3773 1174 3838 de
1191 3774 1221 3839 S.
1240 3772 1389 3840 Martino
1398 3772 1418 3854 ⁶,
1435 3774 1595 3837 lectorem
1612 3768 1645 3833 iu

282 3876 396 3957 theol,
419 3876 489 3943 ord.
516 3876 781 3958 Carmelitarum,
809 3878 985 3961 antiquum
1010 3877 1233 3942 confessorem
1259 3898 1382 3958 earum,
1406 3875 1449 3941 ad
1467 3871 1645 3959 legendum

281 3980 419 4044 bibliam
436 3990 471 4045 et
495 3982 679 4046 sententias
704 3980 845 4046 Parisius
867 3981 1035 4065 assignare
1058 4002 1097 4046 ac
1118 4002 1317 4067 promovere
1333 3981 1452 4061 0011110,
1477 3979 1531 4043 vel
1554 3998 1645 4043 com-

282 4082 416 4147 mittere
432 4084 465 4147 in
481 4083 544 4148 hiis
559 4084 796 4150 auctoritatem
812 4084 843 4149 S.
861 4083 900 4149 V.
917 4083 1007 4150 dom.
1023 4084 1212 4169 patriarche
1224 4082 1244 4162 J
1248 4084 1506 4163 erosolimitanO,
1517 4082 1570 4147 vel
1586 4080 1646 4147 do-

284 4188 376 4251 mino
387 4188 488 4274 episc.
501 4187 668 4269 Grassen,
679 4188 859 4254 confessori
872 4189 904 4254 S.
918 4188 1216 4269 V.,ve1a1nuobus,
1230 4188 1255 4252 si
1268 4188 1436 4254 sufficiens
1447 4185 1646 4250 inveniatur.

289 4328 321 4338 —
342 4290 451 4357 Possit
466 4292 537 4357 fieri
552 4313 612 4378 per
626 4293 862 4378 patriarcham,
878 4293 905 4357 si
922 4292 964 4357 sit
981 4292 1159 4357 sufficiens.
1174 4292 1213 4357 R.

316 4496 345 4557 a)
362 4494 418 4544 eod.
431 4492 532 4543 Im‘erris.

318 4722 560 4781 1110000010.-
578 4726 601 4773 2.
622 4724 769 4771 Guillaume
790 4724 824 4782 ll,
844 4724 921 4773 10011
942 4725 967 4772 10
989 4725 1093 4773 10101110
1112 4724 1143 4772 dc
1162 4726 1282 4771 staverun
1296 4723 1362 4771 1026
1375 4722 1517 4784 septembre
1532 4722 1599 4768 1315.
1628 4748 1649 4753 --

285 4796 308 4842 3.
321 4795 476 4855 Margucrite
495 4797 528 4845 dc
547 4798 670 4856 Huinaut,
692 4798 730 4860 (p.
743 4798 775 4845 de
788 4798 865 4845 Louis
877 4799 909 4846 ‹lc
923 4797 1035 4846 Baricrc.
1053 4799 1092 4846 Cf.
1106 4798 1210 4848 Riczlcr.
1224 4810 1248 4844 0.
1262 4798 1333 4845 2301.
1347 4826 1358 4830 -
1367 4798 1412 4843 -1,
1426 4797 1510 4843 Picrre
1522 4794 1553 4842 du
1567 4794 1648 4846 Besso,

286 4868 315 4989 (Ill.
328 4868 412 4989 ἓῧὲω.
424 4870 528 4932 (Eubcl,
542 4872 561 4929 1,
575 4873 643 4932 271).
654 4900 686 4906 -
697 4875 719 4918 5.
729 4872 812 4918 l'iorrc
823 4872 855 4919 dc
869 4875 940 4931 t'asa,
954 4872 983 4920 0.
997 4876 1080 4921 (brun.
1094 4871 1198 4933 (liubcl,
1213 4870 1232 4929 I,
1244 4870 1312 4931 287).
1321 4899 1353 4904 -
1365 4875 1388 4918 0.
1403 4868 1508 4929 11001110,
1525 4866 1648 4925 (hm-ful,

316 4977 322 5001 ,
385 4981 390 4992 .
