3650 5675
720 932 989 1042 srxrbune
1027 945 1238 1040 nuntia

553 1222 612 1305 19
650 1223 751 1304 mai
789 1221 919 1308 1347
957 1268 998 1278 -
1043 1221 1099 1304 18
1137 1223 1237 1304 mai
1277 1222 1407 1306 1348

353 1579 487 1690 1214.
1387 1639 1482 1706 1347,
1500 1639 1520 1706 7
1529 1621 1615 1704 jum.

343 1726 475 1814 Supp...
495 1724 693 1805 Galhardus,
711 1724 742 1790 S.
759 1722 863 1789 Lucie
873 1723 909 1789 in
926 1723 1024 1789 Silice
1039 1723 1127 1792 diac.
1143 1724 1244 1806 card,
1261 1724 1354 1810 quat.
1371 1727 1549 1811 capellano
1564 1726 1659 1793 fami-

299 1831 370 1897 liari
380 1841 416 1896 et
426 1829 642 1897 commensali
654 1849 715 1894 suo
728 1826 873 1894 Matheo
887 1829 931 1894 de
946 1828 1088 1912 Sanctis,
1098 1832 1217 1916 presb,
1230 1839 1240 1865 ¹
1252 1829 1295 1894 de
1310 1849 1403 1916 perp.
1416 1830 1602 1916 capellania
1617 1828 1660 1895 de

301 1934 517 2020 Houvigniel,
534 1932 701 1999 Morinen.
717 1932 815 2016 dioc,
828 1933 922 2017 cujus
937 1932 1103 2000 fructus...
1123 1954 1165 1999 20
1193 1934 1250 1999 lib.
1267 1932 1370 2000 Par...
1403 1953 1472 2000 non
1493 1933 1660 1999 excedunt

300 2046 335 2105 et
361 2060 463 2124 quam
488 2037 660 2123 quondam
684 2036 858 2114 Johannes
882 2036 1056 2119 CardoniS,
1083 2037 1233 2124 ejusdem
1258 2036 1437 2103 cardinalis
1460 2037 1603 2102 famulus
1626 2044 1660 2102 et

300 2141 544 2221 commensalis,
551 2140 607 2225 qui
619 2161 725 2227 nuper
740 2140 830 2226 apud
845 2148 954 2226 apost.
970 2140 1083 2207 sedem
1099 2141 1294 2222 decessit...
1313 2141 1530 2222 obtinebat...,
1545 2141 1660 2226 digne-

298 2245 381 2312 mini
396 2244 571 2331 providere
587 2266 596 2325 3
612 2265 680 2311 non
697 2247 783 2310 obst.
799 2243 890 2329 quod
906 2244 995 2310 idem
1012 2243 1171 2312 Mathcus
1186 2246 1340 2332 parroch.
1356 2246 1438 2311 eccl.
1458 2244 1501 2309 de
1520 2244 1659 2328 Quarta,

300 2348 518 2414 Cameracen.
534 2349 633 2430 dioc,
648 2348 798 2415 noscitur
812 2348 974 2416 obtinere.
990 2389 1034 2400 -
1049 2348 1126 2416 Fiat
1142 2349 1183 2416 R.

344 2452 425 2519 Dat.
441 2452 541 2518 Avin.
559 2470 576 2536 7
601 2451 646 2518 id.
658 2453 742 2538 junii
758 2459 793 2518 a⁰
810 2457 843 2517 6⁰
860 2455 953 2536 .(13,
971 2456 1037 2538 31).

354 2590 487 2674 1215.
1365 2619 1462 2688 1347,
1478 2623 1519 2687 19
1529 2599 1617 2683 juin.

342 2709 431 2795 Sign.
447 2707 466 2786 J
469 2707 622 2775 ohannes
636 2706 787 2787 Artaudi,
804 2705 890 2791 regis
913 2704 1056 2772 Francie
1073 2707 1252 2792 equitator,
1269 2706 1359 2792 quod
1374 2709 1479 2772 abbas
1499 2705 1555 2790 qui
1571 2725 1661 2771 nunc

298 2821 350 2879 est
365 2812 557 2879 monasterii
574 2810 605 2879 S.
624 2809 789 2890 Jobannis
808 2810 842 2876 in
867 2817 985 2876 monte
998 2810 1094 2896 juxta
1120 2809 1301 2893 Morinum,
1326 2809 1368 2877 O.
1385 2810 1416 2879 S.
1433 2808 1482 2893 B„
1509 2809 1661 2876 Waltero

298 2917 341 2982 de
366 2915 612 3001 Masiugehem,
639 2914 786 2999 ejusdem
809 2913 1005 2979 monasterii
1028 2916 1206 2995 monacho,
1233 2916 1275 2981 de
1305 2915 1454 3000 prioratu
1484 2913 1527 2979 de
1557 2912 1660 2993 Sains,

300 3018 468 3084 Morinen.
495 3018 594 3099 dioc,
616 3016 678 3103 ipsi
702 3017 908 3082 monasterio
936 3016 1128 3083 immediate
1155 3018 1307 3102 subjecto
1331 3024 1366 3083 et
1390 3038 1450 3104 per
1475 3015 1660 3082 monachos

299 3120 401 3207 ipsius
437 3120 632 3187 monasterii
667 3120 767 3186 solito
796 3120 981 3205 gubernari,
1019 3120 1114 3186 duxit
1141 3121 1305 3187 canonice
1342 3118 1597 3208 providendum,
1624 3126 1660 3185 et

298 3224 423 3291 virtute
434 3225 531 3310 hujus
546 3223 745 3311 provisionis
760 3224 930 3310 predictus
945 3224 1113 3291 Walterus
1136 3225 1320 3311 prioratum
1341 3226 1450 3312 ipsum
1465 3223 1613 3311 possedit
1625 3232 1660 3289 et

298 3327 448 3415 possidet
464 3328 605 3415 pacifice
617 3335 652 3394 et
667 3328 791 3412 quiete.
804 3327 892 3412 Quia
917 3336 1032 3393 tamen
1059 3337 1196 3415 propter
1219 3329 1472 3411 reservationes,
1489 3349 1554 3413 que
1570 3326 1660 3413 apud

297 3430 413 3498 sedem
439 3441 547 3519 apost.
572 3432 615 3498 de
641 3432 813 3498 beneficiis
837 3432 1072 3499 ecclesiasticis
1095 3432 1324 3499 indifferenter
1338 3434 1409 3498 fieri
1435 3432 1611 3499 consuevit
1626 3440 1661 3497 et

295 3536 435 3618 fraudes
449 3558 515 3620 que
529 3536 617 3602 inter
631 3557 791 3623 personas
799 3538 1044 3603 ecclesiasticas
1053 3538 1234 3624 aliquando
1250 3538 1517 3619 committuntur,
1530 3536 1662 3604 dubitet

295 3640 385 3705 idem
400 3640 567 3706 Walterus
581 3662 680 3728 posse
695 3641 730 3707 in
742 3642 815 3727 jure
831 3662 891 3707 suo
907 3642 1055 3707 indebite
1071 3643 1255 3724 molestari,
1278 3664 1373 3731 supp.
1390 3652 1483 3728 quat.
1500 3640 1661 3729 provisio·

294 3763 374 3808 nem
389 3744 574 3829 predictam
587 3753 697 3810 ratam
712 3752 747 3810 et
762 3753 892 3829 gratam
904 3745 1079 3827 habentes,
1097 3766 1173 3811 eam
1185 3746 1367 3831 dignemini
1387 3754 1475 3812 auct.
1492 3754 1660 3812 vestraex

296 3854 387 3912 certa
401 3848 541 3914 scientia
556 3849 766 3929 continuare,
791 3844 986 3935 supplentes
1011 3870 1147 3915 omnem
1165 3848 1357 3931 deffectum,
1373 3850 1400 3915 si
1423 3850 1497 3935 quis
1520 3849 1659 3915 forsitan

296 3950 513 4018 intervenerit
527 3952 561 4017 in
578 3950 707 4033 eadem,
724 3960 782 4017 aut
798 3952 983 4039 prioratum
999 3953 1186 4039 predictum
1204 3953 1313 4019 eidem
1336 3950 1487 4019 Waltero
1502 3953 1545 4019 de
1567 3974 1659 4020 novo

296 4054 456 4135 consenc,
472 4055 752 4120 reservationibus
766 4055 966 4141 specialibus
981 4064 1016 4121 et
1031 4056 1241 4143 generalibus
1254 4056 1518 4142 quibuscumque
1533 4064 1568 4121 et
1584 4057 1659 4122 aliis

295 4177 365 4227 non
392 4160 479 4225 obst.
501 4197 543 4209 -
568 4158 795 4242 Providemus,
826 4158 931 4225 etiam
961 4159 987 4225 si
1018 4159 1116 4225 suerit
1145 4161 1348 4245 generaliter
1384 4161 1439 4226 vel
1471 4158 1659 4247 specialiter

295 4269 492 4328 reservatus.
509 4261 550 4329 R.
568 4306 572 4313 -

338 4363 417 4431 Dat.
433 4366 534 4433 Avin.
555 4388 591 4453 13
607 4367 673 4433 kal.
686 4367 758 4454 julii
775 4374 809 4433 a⁰
826 4372 868 4433 6⁰.
885 4368 934 4452 (6,
960 4368 1044 4453 381).

351 4502 484 4585 1216.
1359 4516 1615 4603 1347,197'ur'n.

326 4620 533 4706 .Supplicant
555 4620 657 4688 vestri
672 4620 845 4699 Johannes
860 4620 1044 4704 Guittardi,
1069 4632 1081 4659 ²
1106 4622 1246 4689 clericus
1262 4622 1441 4704 Tutellen.,
1461 4620 1661 4688 bacallarius

294 4722 328 4788 in
343 4722 497 4805 decretis,
525 4744 599 4791 can.
624 4725 781 4793 secularis
807 4726 890 4792 eccl.
920 4724 952 4795 S.
979 4725 1155 4792 Gertrudis
1179 4724 1392 4808 Nivellensis,
1410 4734 1445 4791 et
1470 4724 1660 4797 Bernardus

328 4928 352 4977 1.
363 4928 425 4977 Voir
436 4943 461 4978 n.
473 4930 528 4978 936.
539 4958 571 4967 -
583 4932 605 4979 2.
617 4931 680 4981 Voir
691 4947 716 4982 n.
729 4933 791 4982 1145
804 4948 810 4989 ;
823 4934 922 4993 Kimcb,
936 4933 1010 4993 Koll,
1023 4936 1079 4987 281.
