3650 5675
673 525 760 599 134&
783 523 973 588 26-8011121.
1449 523 1504 590 251

158 772 162 780 ‚
196 677 314 760 988.
1216 691 1310 774 1346,
1328 693 1368 755 66
1386 693 1462 756 mai.

187 795 292 880 Supp.
308 795 487 860 Durandus
511 793 652 874 Girardi‚
678 794 732 860 lic.
760 794 794 858 in
818 795 893 878 leg„
921 815 994 880 cap.
1004 803 1045 859 -et
1072 792 1175 858 samii.
1198 794 1401 860 domesticus
1417 793 1507 858 dom.

145 896 319 978 GnidoniS‚
336 896 387 962 tit.
404 897 436 962 S.
452 896 577 963 Cecilie
591 901 700 983 presb.
713 897 814 977 card„
828 896 999 979 Leodien.‚
1015 905 1050 962 et
1066 895 1184 962 Petrus
1195 896 1237 961 de
1248 897 1507 976 Wanlaincmia,

144 1001 177 1066 S.
192 1000 377 1066 Andomari
393 1001 427 1064 in
444 1000 476 1066 S.
487 1001 691 1082 Andomam,
706 1000 874 1066 Morinen.
891 1000 989 1082 dioc„
1006 1001 1222 1067 ecclesiarum
1238 1007 1339 1065 antea
1355 999 1507 1064 canonici

146 1103 356 1189 prebendati,
373 1104 464 1188 quod
480 1126 557 1170 cum
573 1104 646 1190 ipsi,
662 1104 820 1170 videlicet
837 1103 1015 1170 Durandus
1038 1125 1110 1169 can.
1124 1113 1158 1168 et
1170 1108 1261 1188 preb.
1285 1103 1457 1184 Leodien.‚
1473 1113 1508 1168 et

147 1206 266 1271 Petrus
281 1227 355 1271 can.
382 1214 417 1271 et
443 1211 535 1292 preb.
563 1207 595 1272 S.
610 1208 805 1288 Andomari,
831 1207 864 1272 in
891 1208 1045 1272 manibus
1060 1207 1141 1272 dicti
1157 1206 1246 1272 dom.
1264 1207 1353 1273 card.
1369 1228 1450 1294 pure
1473 1215 1508 1272 et

145 1311 249 1375 iibere
280 1310 370 1395 apud
392 1311 461 1376 sed.
489 1321 597 1396 apost.
622 1311 828 1396 resignarint,
858 1311 1014 1396 idemque
1039 1311 1129 1375 dom.
1155 1310 1243 1376 card.
1268 1311 1508 1395 resignationes

147 1413 346 1498 hujusmodi,
362 1413 583 1481 demandato
610 1414 641 1481 S.
658 1414 697 1480 V.
722 1423 823 1480 antea
838 1416 913 1480 vive
929 1415 1022 1480 vocis
1038 1414 1173 1480 oraculo
1188 1413 1248 1480 sibi
1263 1413 1362 1496 facto,
1378 1415 1508 1480 duxerit

146 1516 385 1598 admittendas,
402 1525 492 1602 quat.
509 1518 635 1584 eisdem
653 1517 814 1583 Durando
835 1519 968 1583 decan.
994 1525 1028 1582 et
1043 1520 1135 1603 preb.
1152 1519 1183 1582 S.
1200 1518 1395 1598 Audomari,
1420 1518 1509 1583 dicte

146 1620 245 1700 (1100,
257 1627 293 1684 et
306 1620 407 1687 Petro
416 1621 459 1686 de
474 1643 548 1688 een.
564 1630 598 1687 et
610 1625 702 1707 preb.
719 1621 879 1687 Leodien.
890 1620 1117 1708 ecclesiarum,
1131 1621 1299 1706 predictis
1312 1622 1358 1687 sic
1374 1623 1427 1686 vei
1444 1622 1510 1686 alio

147 1725 267 1808 quovis
286 1725 359 1808 jure
388 1746 473 1807 vac„
489 1727 590 1790 etiam
616 1727 675 1793 si...
700 1725 871 1807 reservati,
898 1725 1082 1810 dignemini
1106 1725 1303 1811 providere;
1328 1746 1396 1791 non
1424 1728 1509 1791 obst.

147 1828 237 1912 quod
252 1828 342 1893 idem
358 1828 537 1922 Durandus
553 1851 628 1896 can.
639 1833 699 1896 sub
715 1852 790 1916 exp.
806 1833 899 1916 preb.
911 1831 946 1894 in
963 1829 1151 1910 Catlialan„
1164 1830 1376 1914 decanatum,
1390 1849 1462 1896 can.
1475 1837 1510 1894 et

147 1933 239 2017 preb.
254 1931 290 1995 in
304 1931 347 1997 de
364 1932 543 2014 Enaziaco‚
560 1933 812 1999 Claromonten.
828 1933 926 2014 dioc„
940 1954 980 1998 ac
1005 1934 1191 1999 chorariam
1208 1933 1241 1998 in
1258 1933 1509 1998 Claromonten.

147 2035 307 2116 ecclesiis,
323 2037 472 2103 noscitur
488 2037 651 2103 obtinere.
666 2079 710 2086 —
727 2036 804 2102 Fiat
819 2058 881 2124 pro
904 2045 1046 2122 utroque
1063 2036 1103 2102 R.

192 2137 273 2203 Dat.
288 2139 387 2204 Avin.
406 2159 424 2224 7
440 2141 507 2206 kal.
520 2142 604 2226 junii
620 2149 654 2206 a⁰
671 2150 713 2225 5⁰.
731 2142 796 2225 (ll,
818 2149 876 2215 1⁸'›.

199 2276 315 2360 989.
934 2358 936 2362 ,
1216 2291 1311 2375 1346,
1329 2291 1370 2353 66
1387 2291 1464 2356 mai.

190 2395 292 2481 Supp.
310 2393 418 2460 Maria
433 2395 466 2459 la
483 2393 639 2475 Comere,
666 2395 778 2480 puella
803 2395 953 2459 litterata
979 2392 1147 2459 Morinen.
1164 2395 1261 2474 dioc„
1278 2403 1392 2478 quat...
1415 2415 1510 2458 man-

146 2497 226 2562 dare
240 2497 423 2582 dignemini
439 2507 477 2563 ut
493 2498 600 2583 ipsam
615 2499 649 2561 in
674 2498 915 2563 monasterium
932 2497 963 2561 S.
981 2497 1070 2562 Petri
1087 2498 1128 2563 de
1145 2496 1331 2578 Merkeem,
1348 2497 1396 2567 0..
1407 2497 1439 2562 S.
1460 2496 1510 2578 B„

146 2601 235 2666 dicte
250 2602 348 2682 dioc„
365 2601 399 2664 in
413 2601 598 2667 monialem
615 2601 717 2686 recipi
733 2601 922 2666 1601616.-
939 2598 1016 2665 Fiat
1034 2599 1073 2665 R.

190 2705 386 2793 Dat.Avin.
404 2726 422 2789 7
439 2704 507 2770 kal.
519 2705 605 2790 junii
622 2713 656 2769 a⁰
673 2713 714 2789 5⁰.
732 2705 800 2788 (11,
818 2709 880 2789 3').

199 2844 317 2926 990.
1216 2857 1311 2939 1346,
1329 2874 1369 2939 27
1387 2858 1465 2921 inni.

191 2962 292 3047 Supp.
315 2960 464 3038 Jacobus
479 2961 522 3025 de
539 2960 719 3041 Dixmuda,
745 2961 822 3025 cler.
849 2958 1017 3025 Mon'nen.
1033 2959 1131 3039 dioo,
1148 2959 1201 3023 iic.
1219 2958 1360 3025 Parisius
1386 2959 1419 3023 in
1436 2967 1508 3039 art„

148 3074 238 3149 quat.
254 3065 374 3143 eidem,
391 3066 462 3148 ejus
476 3064 562 3150 patri
579 3072 613 3128 et
629 3063 736 3144 Clare,
753 3064 901 3149 ejusdem
918 3064 1020 3150 patris
1044 3064 1148 3144 uxori,
1168 3063 1252 3149 [ind.
1270 3063 1301 3127 in
1313 3072 1376 3128 art.
1393 3062 1508 3149 mort.]

149 3168 333 3234 concedere
348 3168 542 3252 dignemini.
558 3210 601 3217 -
618 3167 694 3233 Fiat
711 3167 751 3234 R.

192 3271 270 3337 Dat.
286 3271 387 3336 Avin.
405 3276 423 3335 6
440 3271 507 3337 kal.
520 3272 603 3357 junii
620 3280 654 3337 a⁰
671 3280 713 3355 5⁰.
731 3273 797 3356 (11,
819 3273 884 3354 19).

200 3409 309 3491 991.
778 3410 782 3415 Α
1220 3423 1315 3506 1346,
1329 3442 1374 3505 30
1391 3422 1469 3486 inni.

192 3527 294 3612 Supp.
310 3525 431 3606 Guido,
460 3525 511 3590 tit.
528 3524 559 3590 S.
577 3524 702 3590 Cecilie
718 3527 826 3609 presb.
843 3524 941 3605 card„
959 3534 1051 3608 quat.
1080 3524 1225 3591 Nicolao
1251 3526 1293 3591 de
1321 3525 1510 3603 Boionesio,

150 3632 228 3697 cler.
244 3629 345 3695 famil.
362 3649 433 3709 suo,
449 3628 650 3693 Ambianen.
666 3628 763 3708 dioc„
780 3627 822 3693 de
838 3649 911 3694 can.
928 3636 963 3693 et
977 3631 1069 3713 preb.
1086 3631 1167 3694 eccl.
1185 3629 1409 3714 Aycuriensis
1427 3628 1511 3691 Leo-

150 3734 238 3799 dien.
249 3733 347 3813 dioc„
357 3752 432 3797 vac.
444 3752 504 3817 per
516 3734 569 3796 ob.
580 3730 600 3808 J
603 3732 746 3797 ohannis
758 3732 929 3815 quondam
946 3752 974 3797 <
989 3730 1154 3809 Jobannis
1166 3739 1179 3766 ¹²
1196 3752 1224 3795 >
1239 3732 1281 3797 de
1291 3732 1481 3817 Crescyaco
1493 3741 1511 3810 ¹,

153 3836 208 3920 qui
224 3836 257 3900 in
274 3834 373 3902 Rom.
391 3856 458 3901 cur.
474 3835 563 3900 diem
580 3835 698 3900 clausit
714 3842 911 3915 extremum,
924 3836 1027 3921 ipsius
1039 3836 1128 3902 card.
1138 3835 1303 3921 capellani
1317 3855 1510 3912 commem,

152 3940 333 4025 dignemini
349 3939 535 4026 providere.
551 3979 595 3988 —
611 3937 687 4003 Fiat
705 3938 745 4004 R.
1096 3928 1104 3943 “

197 4043 274 4109 Dat.
290 4043 390 4107 Avin.
408 4063 425 4127 3
443 4042 509 4109 kal.
521 4043 605 4127 junii
622 4050 656 4107 a⁰
673 4050 714 4125 5⁰.
732 4044 799 4127 (11,
821 4045 901 4126 13').

205 4179 317 4263 992.
1215 4192 1309 4273 1346,
1324 4212 1368 4276 50
1393 4193 1470 4257 mai.

194 4298 295 4383 Supp.
311 4296 510 4382 Stephanus
534 4297 635 4382 episc.
652 4297 683 4361 S.
700 4295 813 4360 Pontii
829 4296 1082 4360 Thomeriarum
1095 4304 1114 4377 ²,
1132 4304 1221 4381 quat.
1242 4294 1436 4381 [pronepoti
1453 4316 1514 4361 suo

152 4400 252 4466 Petro
267 4404 390 4486 Ayme,
407 4402 484 4466 cler.
512 4399 764 4465 Claromonten.
781 4398 877 4477 dioe,
901 4399 1062 4465 Aurasice
1086 4398 1261 4486 studenti]
1287 4399 1329 4464 de
1353 4399 1512 4474 cantoria,

152 4514 276 4570 canet
297 4506 390 4590 preb.
413 4507 494 4570 ecci.
519 4505 550 4570 S.
567 4503 743 4589 Gaugerici
768 4502 993 4583 Cameracen,
1015 4524 1089 4571 vac.
1102 4506 1172 4589 ‘per
1194 4512 1338 4570 mortem
1363 4503 1512 4569 Durandi

153 4608 285 4673 Goneili
302 4609 344 4674 al.
361 4607 521 4689 Corderii,
538 4609 593 4692 qui
611 4617 705 4673 extra
732 4606 830 4673 Rom.
855 4628 921 4672 eur.
938 4607 1028 4672 diem
1052 4609 1170 4673 clausit
1186 4617 1383 4690 extremum,
1399 4608 1514 4692 digne-

184 4796 214 4857 6)
229 4794 286 4844 (bd.
299 4796 334 4844 Ce
346 4801 399 4843 mot
411 4812 428 4845 a
438 4796 480 4844 616
490 4796 553 4845 biiie
565 4796 629 4845 (lons
640 4797 665 4845 le
673 4801 751 4844 texte.

188 4973 209 5019 l.
222 4970 321 5029 Kimeli,
331 4970 405 5031 mill„
418 4972 472 5031 278,
485 4972 539 5032 279,
552 4972 607 5020 28⁸.
620 4998 651 5009 -
663 4974 686 5019 2.
699 4972 760 5018 Voir
771 4986 796 5020 n.
809 4974 863 5021 878.
