3650 5675
702 528 798 606 1350.
813 530 884 596 5-12
904 532 1023 597 fe'vrier.
1483 537 1547 601 493

186 682 247 749 sibi
263 682 305 749 de
319 684 396 747 ben.
409 682 491 749 eccl.
504 682 548 747 ad
560 684 636 749 coll.
647 684 794 770 episcopi
811 692 846 749 et
862 684 999 770 capituli
1023 684 1184 751 Leodien.
1200 707 1304 772 usque
1320 688 1365 753 ad
1380 708 1547 754 summam

188 808 239 872 30,
255 788 379 853 sivero
401 808 426 852 s.
444 807 473 853 c.
499 807 537 871 25
554 788 681 853 march.
709 788 836 873 argenti
852 790 948 873 juxta
972 790 1188 856 taracionem
1215 793 1391 875 antiquam
1417 792 1547 859 decime

187 890 377 977 [providere
392 888 606 977 dignemini].
622 930 665 943 --
682 890 758 957 Fiat
775 891 815 956 R

232 994 310 1059 Dat.
326 992 426 1057 Avin.
442 991 509 1060 kal.
524 994 607 1061 febr.
623 1002 657 1060 αο
674 997 716 1060 8⁰.
734 996 805 1079 (18,
826 998 913 1081 156).

240 1128 384 1211 1890·
1224 1167 1320 1231 1350,
1334 1167 1356 1229 5
1364 1150 1505 1236 sevrier.

230 1246 332 1332 Supp.
349 1243 548 1325 Ludovicus,
561 1242 746 1322 Jerusalem
763 1253 798 1310 et
810 1245 920 1312 Sicilie
931 1266 999 1327 rex,
1016 1257 1107 1331 quat.
1124 1248 1315 1315 consiliario
1331 1271 1391 1317 suo
1407 1250 1549 1317 Bartho-

189 1352 302 1416 lomeo
317 1348 409 1414 Petri
426 1348 467 1415 de
483 1347 599 1414 Lucha
615 1349 657 1413 de
674 1356 793 1414 canet
809 1352 900 1435 preb.
918 1358 953 1415 et
964 1349 1128 1435 dignitate
1144 1353 1285 1419 ecclesie
1298 1352 1459 1421 Leodien.
1475 1376 1548 1420 vac.

187 1455 242 1518 vel
257 1461 368 1519 vacat.
385 1451 566 1537 dignemini
582 1451 767 1537 providere.
785 1492 826 1502 -
850 1450 928 1518 Fiat
943 1452 985 1519 R.
1100 1466 1105 1475 ·

233 1556 311 1621 Dat.
328 1556 427 1621 Avin.
444 1575 522 1620 non.
539 1554 620 1619 febr.
637 1562 671 1619 a⁰
687 1558 729 1621 8⁰.
747 1556 818 1637 (18,
839 1559 942 1642 150⁰).
1396 1653 1399 1659 Ι

242 1692 380 1775 1891.
1024 1690 1027 1696 ’
1224 1730 1319 1794 1350,
1336 1712 1506 1799 dsmrr'er.

233 1811 333 1896 Supp.
350 1808 522 1876 Conradus
538 1808 725 1893 Ranspont,
742 1808 819 1896 cler.
835 1810 1010 1893 Aquensis,
1027 1811 1189 1878 Leodien.
1204 1812 1303 1895 dioc,
1315 1824 1407 1899 quat.
1418 1814 1460 1882 de
1476 1836 1549 1882 can.

188 1914 329 1979 ecclesie
344 1913 377 1979 S.
394 1911 445 1979 M.
460 1912 635 1997 Aquensis,
651 1910 740 1977 dicte
753 1910 851 1993 dioc,
867 1911 1051 1996 dignemini
1074 1916 1262 2001 providere,
1285 1921 1377 2003 preb.
1399 1940 1472 1985 vac.
1496 1920 1550 1983 vel

189 2025 299 2084 vacat.
315 2016 425 2082 eidem
444 2022 653 2081 reservantes
665 2036 674 2094 ς
697 2034 767 2079 non
794 2017 880 2081 obst.
897 2017 987 2100 quod
1010 2017 1101 2083 idem
1122 2019 1294 2087 Conradus
1317 2042 1389 2087 can.
1409 2030 1443 2086 et
1459 2023 1550 2108 preb.

190 2122 223 2187 in
240 2121 381 2188 ecclesia
396 2120 534 2187 seculari
552 2118 800 2199 Munsteriensi,
812 2119 902 2185 dicte
918 2121 1017 2203 dioc,
1028 2124 1177 2189 noscitur
1192 2126 1352 2190 obtinere.
1369 2123 1494 2190 -Fiat
1510 2124 1550 2189 R.

234 2226 314 2291 Dat.
329 2224 430 2291 Avin.
448 2227 466 2289 8
483 2224 526 2289 id.
543 2223 623 2289 febr.
640 2230 674 2288 a⁰
690 2225 732 2288 8⁰.
746 2224 764 2305 ·(
770 2227 821 2303 18,
844 2224 936 2309 155).

242 2361 382 2445 1892.
803 2454 805 2459 Ι
1203 2398 1298 2462 1350,
1315 2400 1355 2443 rr
1363 2380 1506 2466 sevrier.

232 2478 333 2565 Supp.
357 2478 508 2544 Andreas
535 2476 703 2561 Peregrini
714 2487 733 2557 ¹,
749 2476 974 2542 thesaurarius
994 2479 1236 2568 archiepiscopi
1264 2484 1434 2564 Auxitani,
1457 2492 1549 2568 quat.

189 2584 438 2668 consanguineo
454 2602 514 2647 suo
533 2578 568 2667 [J
572 2579 695 2645 ohanni
711 2578 864 2645 Cristiani
882 2580 964 2644 alias
991 2579 1100 2646 Malet
1116 2594 1136 2665 ²,
1152 2584 1353 2672 presbitero]
1381 2584 1549 2651 Morinen.

188 2688 285 2768 dioc„
312 2686 354 2752 de
378 2689 455 2751 ben.
479 2686 561 2750 eccl.
578 2705 606 2750 c.
624 2704 652 2749 c.
668 2685 722 2748 vel
738 2706 763 2749 s
780 2705 808 2749 c.
828 2683 886 2769 [70
902 2704 932 2749 c.
949 2704 977 2750 c.
992 2686 1048 2749 vel
1065 2706 1106 2771 50
1118 2708 1143 2754 s.
1161 2710 1189 2754 c.
1204 2689 1258 2754 lib.
1273 2688 1353 2755 Tur.
1374 2711 1466 2776 parv.
1482 2711 1550 2755 non

189 2790 321 2878 exced]
342 2789 386 2856 ad
401 2789 476 2856 coll.
493 2788 640 2876 episcopi
657 2796 691 2854 et
707 2788 844 2874 capituli
870 2786 1063 2870 Morinen.;
1090 2810 1158 2857 non
1186 2795 1271 2858 obst.
1299 2792 1388 2878 quod
1413 2794 1549 2880 paroch.

189 2896 271 2962 eccl.
287 2896 329 2961 de
347 2894 547 2974 Escellrano,
562 2895 722 2958 Auritan.
737 2893 836 2973 dioc.
852 2901 1012 2958 noscatur
1027 2896 1189 2961 obtinere.
1211 2934 1243 2945 -
1264 2895 1341 2963 Fiat
1356 2897 1399 2964 R.

234 2998 322 3064 Item
337 3005 427 3082 quat.
440 2997 688 3080 consanguineo
704 3016 764 3061 suo
782 2995 963 3061 Guillelmo
979 2995 1111 3079 Maran,
1128 3000 1250 3066 clerico
1266 3000 1435 3067 Morinen.
1452 3002 1548 3085 dioc,

190 3103 232 3169 de
246 3104 323 3167 ben.
340 3100 420 3166 eccl.
436 3121 465 3166 c.
484 3121 513 3166 c.
529 3101 583 3164 vel
599 3121 624 3166 s.
641 3120 669 3165 c.
686 3099 729 3166 ad
744 3100 820 3166 coll.
836 3101 1031 3167 monasterii
1047 3102 1079 3168 S.
1096 3101 1223 3169 Bertini
1240 3106 1282 3171 de
1298 3104 1329 3172 S.
1344 3106 1547 3188 Audomaro,

191 3206 233 3273 O.
249 3206 281 3272 S.
297 3204 348 3287 B..
365 3204 535 3271 Morinen.
558 3203 644 3270 dioc.
659 3245 703 3254 —
720 3203 797 3270 Fiat
813 3204 875 3271 R...
1390 3203 1394 3208 ’

234 3307 313 3375 Dat.
329 3309 428 3374 Avin.
446 3329 464 3393 3
481 3308 524 3374 id.
544 3306 624 3373 febr.
640 3315 673 3372 a⁰
689 3310 731 3373 8⁰.
749 3309 818 3392 (18,
840 3307 927 3392 172).

242 3445 386 3531 1893.
1203 3483 1298 3546 1350,
1316 3483 1356 3527 12
1365 3465 1506 3550 χθονίαν.

232 3564 333 3650 Supp.
360 3561 379 3641 J
383 3564 543 3645 ohannes,
568 3563 744 3649 episcopus
771 3562 971 3648 Spoletanus
987 3583 1008 3644 ³,
1032 3573 1123 3648 quat.
1149 3563 1345 3632 Frastrardo
1371 3567 1414 3632 de
1441 3566 1550 3632 Fonte

189 3668 221 3734 S.
246 3666 428 3747 Lamberti,
457 3665 579 3731 clerico
602 3664 761 3732 Leodien.
786 3667 882 3748 dioc,
914 3668 1061 3734 decan.
1092 3672 1152 3734 sub
1182 3691 1257 3755 exp.
1288 3673 1380 3756 preb.
1410 3671 1551 3736 ecclesie

191 3771 223 3836 S.
241 3770 379 3836 Martini
404 3770 564 3837 Leodien.
581 3770 763 3856 dignemini
778 3772 966 3856 providere.
982 3813 1024 3823 —
1041 3771 1119 3838 Fiat
1136 3773 1176 3838 R.

237 3873 324 3940 Item
339 3894 433 3960 supp.
446 3874 588 3938 similem
604 3874 745 3958 gratiam
761 3873 830 3937 lieri
847 3870 1069 3956 Theodorico‚
1087 3876 1156 3941 filio
1168 3875 1368 3943 Theodorici
1383 3876 1549 3957 Postiche,

192 3978 313 4044 clerico
339 3977 528 4058 Leodiensi,
545 3976 587 4042 de
604 3998 676 4043 can.
692 3980 751 4042 sub
768 3996 843 4062 exp.
870 3979 960 4066 preb.
988 3979 1129 4044 ecclesie
1155 3979 1269 4046 Crucis
1294 3977 1453 4046 Leodien.
1469 3985 1493 4046 ⁰.
1508 4021 1551 4029 -

193 4079 268 4147 Fiat
289 4079 330 4146 R.

232 4184 322 4254 Item
334 4207 428 4272 supp.
441 4186 584 4252 similem
595 4185 737 4271 gratiam
750 4185 819 4249 fieri
841 4182 989 4262 Jobanni
1007 4184 1167 4270 Raynerii
1183 4187 1274 4251 dicto
1298 4187 1434 4253 Sclralet
1446 4205 1467 4269 ⁴,
1484 4190 1549 4253 cle-

188 4290 258 4354 rico
268 4289 455 4368 Leodiensi,
465 4290 508 4356 de
518 4309 591 4356 can.
601 4293 662 4355 sub
671 4310 747 4376 exp.
757 4289 997 4375 prebecclcsie
1007 4291 1039 4354 S.
1050 4290 1191 4356 Dionisii
1203 4289 1499 4358 Leodien.-Fiat
1509 4292 1549 4360 R.

235 4395 315 4459 Dat.
330 4394 428 4460 Asin.
447 4415 463 4459 2
480 4395 524 4460 id.
540 4394 620 4460 febr.
636 4403 669 4459 a⁰
693 4398 735 4459 8⁰.
749 4395 819 4478 (18,
840 4398 926 4478 171).

225 4589 253 4650 a)
269 4589 326 4638 cod.
347 4589 452 4638 ecclesio
465 4589 554 4636 Crucis
566 4588 700 4637 Locodien.

228 4811 248 4856 l.
266 4809 328 4856 Voir
339 4821 364 4857 n.
378 4809 432 4857 723.
442 4835 475 4846 -
485 4809 508 4857 2.
522 4810 544 4856 Α
556 4809 700 4870 distinguer
711 4807 747 4855 du
758 4822 916 4870 personnagc
927 4806 978 4856 cite
988 4823 1023 4857 nu
1033 4824 1059 4858 n.
1073 4810 1143 4857 1748.
1156 4837 1184 4846 -
1197 4810 1220 4858 ³.
1232 4809 1297 4858 deun
1307 4810 1340 4859 de
1353 4813 1453 4870 Pistoie
1465 4817 1548 4862 trans·

193 4879 253 5000 ῗτῗι
265 4881 302 5002 dp
319 4879 388 4943 siege
403 4881 436 4931 de
456 4882 574 4931 Trenterl
587 4883 653 4932 celui
670 4881 702 4930 dc
720 4879 823 4944 Spolete
839 4881 862 4930 le
879 4884 911 4930 23
927 4882 1032 4932 octobre
1045 4885 1106 4931 1349
1119 4883 1220 4945 (Eubel,
1234 4884 1254 4944 Ι,
1272 4886 1338 4948 485).
1350 4913 1382 4922 -
1398 4889 1422 4934 4.
1440 4887 1546 4948 Klrscb„

212 4953 231 5000 'o
254 4991 267 5012 .‚
296 4957 335 5003 60.
