3650 5675
752 511 838 585 1352,
862 512 881 575 3
903 510 972 577 mai.
1485 514 1542 579 617

187 690 228 735 eo
244 668 333 754 quod
350 668 503 753 Rogero⁰
520 667 650 733 Daens¹
668 665 710 732 de
726 686 799 733 can.
816 674 850 731 et
866 669 961 753 preb.
973 666 1074 754 ipsius
1087 668 1227 735 ecclesie
1243 678 1294 737 est
1309 669 1488 758 provisum.
1504 709 1548 721 -

189 772 265 839 Fiat
280 782 374 839 motu
390 773 524 859 proprio
541 771 581 837 R.

231 878 311 944 Dat.
327 898 381 963 ap.
398 875 646 943 Villamnovam
665 896 680 961 5
698 895 778 943 non.
794 876 874 942 maii
891 882 925 942 a⁰
945 884 1006 943 10⁰.
1023 878 1096 962 (21,
1113 876 1150 945 P.
1168 877 1213 961 Il,
1231 880 1300 965 72).

238 1012 543 1103 2380·2381.
1281 1051 1375 1117 1352,
1389 1054 1410 1117 3
1429 1034 1505 1099 mar.

232 1134 332 1221 Supp.
358 1135 555 1221 Stephanus,
572 1132 736 1199 Ostiensis
757 1142 791 1201 et
807 1132 1021 1199 Velletrensis
1044 1135 1231 1223 episcopus,
1255 1143 1354 1219 quat.
1385 1134 1547 1219 [Johanni

188 1238 280 1306 dicto
306 1240 337 1304 le
364 1238 464 1323 Page,
491 1238 571 1304 alias
597 1238 638 1303 de
666 1237 825 1324 Senogiis,
854 1237 1003 1325 clerico]
1031 1238 1252 1325 capellaniam
1268 1260 1360 1326 perp.
1387 1239 1487 1305 sitam
1514 1239 1547 1304 in

187 1343 337 1429 parroch.
354 1342 494 1408 ecclesia
509 1342 550 1408 de
568 1340 744 1424 Holstade,
758 1342 976 1409 Cameracen.
992 1342 1089 1425 dioc,
1106 1363 1180 1409 vac.
1197 1363 1256 1429 per
1272 1345 1326 1410 ob.
1343 1342 1451 1427 Egidii
1467 1342 1547 1408 dicti

189 1446 329 1529 Portres,
354 1446 468 1533 quiin
496 1446 612 1513 itinere
630 1444 793 1527 Romano,
821 1467 910 1512 anno
931 1446 1067 1532 jubileo,
1092 1447 1181 1512 diem
1206 1446 1325 1512 clausit
1343 1455 1547 1531 extremum,

187 1552 345 1632 consone,
362 1560 395 1617 et
411 1550 453 1618 de
466 1550 521 1616 illa
537 1549 719 1636 dignemini
738 1550 923 1636 providere.
940 1590 981 1600 —
998 1549 1076 1616 Fiat
1092 1549 1132 1617 R.

229 1672 338 1756 2381.Ἠ
351 1688 438 1754 Item
455 1710 561 1777 supp,
578 1695 669 1775 quat.
686 1687 834 1767 Johanni
858 1688 951 1755 dicto
966 1688 1008 1753 de
1025 1689 1144 1771 Ponte,
1168 1689 1352 1775 presbitero
1363 1707 1384 1771 ²,
1402 1690 1547 1775 capella-

187 1794 275 1859 niam
291 1814 383 1879 perp.
400 1812 473 1857 vac.
490 1793 524 1857 in
540 1793 680 1867 ecclesia
693 1792 906 1858 Cameracen.
917 1812 977 1878 per
992 1795 1045 1859 ob.
1061 1792 1081 1871 J
1084 1794 1227 1858 ohannis
1241 1794 1355 1860 Karoli
1372 1793 1413 1860 de
1429 1792 1546 1858 Came-

187 1918 263 1964 raco
275 1909 296 1979 ³,
313 1898 379 1979 oui,
392 1897 521 1983 jamdiu
537 1904 598 1978 est,
616 1897 648 1961 in
666 1896 764 1962 Rom.
781 1898 870 1963 curia
886 1895 975 1962 diem
999 1898 1118 1963 clausit
1134 1906 1330 1979 extremum,
1347 1898 1496 1965 conferre
1513 1906 1547 1963 et

187 2000 229 2065 de
245 2000 301 2065 illa
317 1999 497 2085 dignemini
514 2000 717 2087 providere;
746 2023 815 2066 non
842 2003 928 2067 obst.
956 2002 1059 2067 etiam
1085 2002 1175 2087 quod
1201 2002 1289 2067 idem
1316 2001 1491 2079 Johannes
1513 2002 1547 2067 in

189 2105 392 2190 Senogiensi,
409 2104 636 2181 Cameracen,
653 2113 688 2171 et
704 2106 735 2173 S.
752 2106 940 2190 Walburgis
956 2104 1143 2190 Brugensis,
1159 2105 1307 2171 ecclesiis
1333 2126 1374 2171 ac
1389 2105 1431 2171 de
1447 2104 1548 2170 Lom-

190 2209 310 2289 bardis,
327 2208 514 2276 Tornacen.
530 2209 626 2291 dioc,
644 2210 845 2297 capellanias
860 2229 952 2297 perp.
968 2210 1117 2275 noscitur
1132 2210 1293 2274 obtinere.
1310 2250 1352 2259 —
1369 2208 1445 2277 Fiat
1463 2208 1502 2277 R.

232 2315 309 2382 Dat.
326 2336 378 2401 ap.
396 2314 643 2383 Villamnovam
661 2336 678 2401 5
695 2336 774 2381 non.
790 2314 868 2380 maii
886 2320 919 2379 a⁰
938 2322 999 2381 10⁰.
1017 2314 1089 2398 (21,
1106 2312 1143 2380 P.
1160 2312 1206 2394 ll,
1225 2317 1292 2399 79).

238 2452 382 2539 2382.
1275 2468 1500 2548 orarmar.

229 2572 331 2659 Supp.
347 2572 546 2658 Aymericus
561 2571 603 2636 de
620 2568 743 2649 Dum0,
769 2576 860 2653 quat.
887 2568 1040 2635 familiari
1063 2588 1123 2633 suo
1146 2567 1247 2633 Petro
1263 2566 1405 2650 Bissent,
1422 2571 1543 2635 clerico

186 2675 401 2743 Lernovicen.
429 2675 526 2756 dioc,
553 2673 594 2739 de
611 2711 616 2719 ·
633 2680 813 2760 personatu
844 2672 1004 2757 Eynensi,
1035 2671 1224 2738 Tornacen.
1254 2672 1354 2752 dioc,
1386 2674 1438 2738 cui
1470 2694 1548 2740 cura

185 2780 338 2847 imminet
353 2780 549 2862 animarum,
562 2799 634 2845 vac.
646 2776 689 2844 ad
704 2797 840 2866 presens
856 2796 914 2864 per
930 2776 1067 2843 liberam
1083 2775 1341 2860 resignationem
1355 2798 1413 2863 per
1429 2798 1547 2864 procu-

185 2894 330 2952 ratorem
358 2883 528 2972 Aymerici
555 2880 698 2962 Mathei,
715 2882 767 2947 cui
784 2881 815 2946 S.
833 2879 872 2946 V.
888 2881 997 2968 ipsum
1024 2901 1130 2966 nuper
1157 2881 1309 2962 contulit,
1335 2883 1369 2946 in
1391 2883 1546 2949 manibus

187 2989 226 3056 R.
243 2991 276 3054 in
293 2989 425 3055 Christo
442 2987 479 3054 P.
494 2988 584 3055 dom.
611 2987 764 3052 Elnensis
787 2987 946 3076 episcopi,
962 2986 1004 3052 de
1026 2984 1189 3052 mandato
1206 2986 1245 3052 E.
1261 2987 1303 3069 S,
1321 2988 1411 3074 apud
1433 2989 1547 3054 sedem

187 3101 294 3178 apost.
321 3093 444 3159 laetam
472 3102 506 3158 et
532 3092 721 3172 admissam,
738 3093 792 3157 vel
809 3091 876 3157 alio
899 3091 1138 3176 quoquomodo
1154 3100 1262 3172 vacet,
1280 3112 1356 3157 cum
1368 3093 1495 3179 juribus
1510 3101 1545 3160 et

186 3196 394 3283 pertinentiis
409 3198 476 3262 suis
492 3196 653 3262 universis
679 3195 861 3280 dignemini
887 3194 1089 3280 providere3
1115 3215 1183 3259 non
1210 3197 1295 3262 obst.
1321 3197 1411 3281 quod
1437 3198 1546 3265 dictus

186 3300 383 3386 llymericus
401 3299 530 3365 Mathei
547 3299 792 3387 possessionem
819 3300 968 3386 ejusdem
993 3308 1190 3386 personatus
1214 3300 1365 3366 nondum
1390 3303 1546 3371 habuerit

186 3425 248 3470 nec
264 3404 391 3470 litteras
406 3403 607 3490 apostolicas
635 3404 703 3468 lieri
730 3403 846 3470 iecerit
869 3403 911 3469 de
928 3403 1048 3469 eodem
1068 3426 1076 3483 ;
1094 3412 1128 3469 et
1144 3424 1212 3470 non
1229 3408 1314 3472 obst.
1331 3407 1422 3492 quod
1437 3408 1546 3473 dictus

187 3505 303 3574 Petrus
318 3510 395 3574 ben.
412 3509 493 3574 eccl.
510 3529 538 3574 c.
552 3529 580 3576 c.
595 3509 647 3573 vel
664 3529 688 3574 s.
702 3529 741 3588 c.,
759 3515 914 3594 spectans
930 3508 1152 3574 communiter
1167 3510 1221 3573 vel
1237 3508 1368 3575 divisim
1385 3509 1428 3576 ad
1444 3513 1546 3576 colla-

188 3610 316 3678 tionem
326 3621 401 3692 etc,
417 3612 576 3698 episcopi,
600 3611 718 3678 decani
746 3620 780 3676 et
797 3612 933 3698 capituli
961 3612 1229 3697 singulorumque
1257 3613 1495 3680 canonicorum
1512 3622 1547 3679 et

189 3736 404 3801 personarum
421 3717 561 3782 ecclesie
586 3715 802 3782 Lenrovicen.
831 3715 863 3780 in
881 3715 1016 3803 speciali
1043 3715 1148 3801 gratia
1174 3718 1322 3782 noscitur
1338 3729 1517 3806 expectare
1536 3741 1545 3799 3

188 3839 264 3886 cum
281 3821 352 3886 aliis
367 3840 434 3884 non
452 3822 537 3887 obst.
549 3861 592 3870 -
608 3819 685 3885 Fiat
703 3817 743 3886 R.

232 3923 308 3988 Dat.
325 3944 377 4009 ap.
395 3921 423 3986 V
426 3923 643 3990 illamnouam
662 3943 678 4009 5
696 3944 774 3990 non.
791 3923 868 3990 maii
885 3933 918 3988 a⁰
937 3933 998 3991 10⁰.
1015 3925 1086 4008 (21,
1104 3924 1140 3990 P.
1158 3923 1203 4005 II,
1222 3927 1291 4008 81).

239 4060 387 4148 2383·
1274 4095 1368 4158 1352,
1383 4097 1404 4159 3
1422 4079 1499 4142 mai.

231 4178 394 4263 Dignetur
409 4177 441 4242 S.
457 4175 497 4242 V.
512 4175 687 4262 providere
703 4175 723 4254 J
726 4175 848 4243 ohanni
864 4176 1031 4258 Dehbten,
1048 4177 1169 4243 clerico
1196 4177 1354 4244 Leodien.
1380 4179 1477 4260 dioc,
1502 4179 1544 4246 de

188 4303 260 4347 can.
277 4291 311 4348 et
326 4283 418 4371 preb.
435 4281 575 4346 ecclesie
592 4279 623 4346 S.
640 4281 754 4346 Crucis
770 4280 941 4363 Leodien.,
957 4303 1029 4348 vac.
1046 4303 1104 4368 per
1120 4284 1173 4348 ob.
1190 4282 1390 4348 Theodorici
1406 4284 1447 4349 de
1465 4283 1545 4349 Bas-

188 4387 280 4451 tonia
296 4401 318 4466 ⁴,
334 4384 425 4451 etde
442 4386 522 4450 eccl.
539 4385 674 4471 paroch.
691 4384 732 4449 de
757 4383 927 4466 Bastonia,
954 4407 1027 4451 vac.
1051 4406 1111 4472 per
1136 4385 1237 4472 ipsius
1261 4385 1463 4453 Theodorici
1492 4390 1545 4453 ob.

187 4511 247 4576 per
262 4489 375 4556 sedem
392 4498 499 4576 apost.
514 4497 713 4555 reservata...
730 4531 772 4538 —
790 4489 864 4556 Fiat
879 4490 921 4555 de
937 4498 1078 4574 utroque
1097 4489 1137 4556 R.

231 4595 312 4661 Dat.
329 4615 382 4680 ap.
399 4592 648 4659 villamnovam
666 4613 682 4678 5
701 4613 779 4659 non.
796 4595 873 4660 maii
890 4601 923 4660 a⁰
944 4603 1004 4662 10⁰.
1022 4596 1093 4680 (21,
1112 4595 1147 4661 P.
1166 4593 1211 4676 ll,
1233 4595 1320 4682 119),

220 4737 248 4796 a)
265 4735 321 4784 (bd.
340 4736 459 4796 Rogatus

193 4838 440 4847 m*—

222 4888 243 4934 1.
256 4887 317 4934 Voir
329 4901 353 4934 n.
371 4887 442 4934 23711.
454 4913 486 4922 -
498 4889 520 4934 2.
533 4886 593 4933 l'oir
605 4899 629 4935 n.
643 4887 681 4946 711,
694 4888 756 4944 611ος
770 4885 929 4945 Domeuldro,
944 4885 1070 4950 (liupila-e,
1084 4888 1139 4936 218.
1152 4916 1183 4925 -
1196 4890 1217 4937 3.
1230 4889 1291 4936 Voir
1303 4903 1327 4937 n.
1341 4889 1409 4949 1222,
1429 4890 1500 4938 1761.
1513 4917 1544 4924 -

189 4961 211 5008 4.
226 4960 292 5010 Mun.
310 4961 365 5009 l'ut.
378 4959 450 5020 Boin,
465 4961 537 5018 121.
