3650 5675
297 471 359 535 520
857 465 949 541 itanu,
965 466 991 529 '2
1010 464 1087 547 juin.

294 622 385 687 dom.
411 622 516 702 Petri,
544 620 609 685 Dei
635 621 743 704 gratia
777 620 816 685 ·S.
842 617 894 683 lu.
910 637 1010 682 nove
1041 617 1174 683 diaconi
1208 617 1393 699 cardinalis,
1421 618 1464 685 de
1496 622 1659 687 mandato

294 735 419 807 vestm,
436 726 570 791 oraculo
585 724 662 789 vive
677 726 771 790 vocis
782 723 845 789 sibi
854 723 961 803 ¹iacto,
985 721 1167 808 recipiendi
1182 724 1225 787 ab
1241 722 1320 808 ipsis
1334 723 1574 808 resignationes
1588 726 1657 792 dic-

294 836 406 893 torum
422 828 672 902 beneficiorum,
686 848 797 894 causa
816 823 1089 912 permutationis,
1105 824 1324 910 resignarunt,
1341 827 1463 911 quique
1479 827 1521 893 de
1537 829 1657 895 eodem

294 931 457 997 mandato
482 932 591 998 dictas
616 932 859 1017 resignationes
884 930 987 995 libere
1010 929 1139 1014 recepit
1162 937 1198 994 et
1222 929 1356 995 admisit
1375 952 1384 1010 ;
1411 940 1502 1015 quat.
1525 931 1545 1008 J
1549 936 1658 999 acobo

296 1035 454 1100 Germani
469 1035 512 1100 de
528 1035 790 1115 Claromonten.,
815 1033 982 1099 *Durando
1004 1034 1047 1098 de
1062 1032 1234 1114 Leodien,
1251 1043 1286 1098 et
1301 1034 1474 1120 Stephano
1498 1038 1657 1122 predictis

294 1138 336 1203 de
352 1140 505 1205 Anicien.
518 1138 1002 1205 ecelesiarumcanonicatibus
1018 1145 1054 1201 et
1067 1137 1246 1222 prebendis
1260 1138 1441 1223 dignemini
1457 1141 1631 1226 providere
1647 1165 1656 1219 ;

293 1263 363 1308 non
379 1246 465 1308 obst.
482 1243 573 1327 quod
599 1243 664 1307 alia
689 1241 853 1307 beneficia
878 1241 1055 1306 obtineant
1069 1242 1124 1305 vel
1141 1249 1331 1327 expectent,
1347 1262 1412 1326 que
1427 1242 1469 1308 ·V.
1485 1244 1516 1309 S.
1532 1246 1658 1310 habere

292 1346 448 1430 dignetur
464 1368 525 1432 pro
541 1347 714 1432 expressis,
731 1354 766 1409 et
782 1366 859 1410 cum
875 1344 996 1411 ceteris
1010 1364 1079 1411 non
1096 1346 1212 1411 obst...
1229 1382 1261 1395 -
1278 1344 1356 1411 Fiat
1370 1367 1433 1432 pro
1448 1348 1603 1413 omnibus
1617 1347 1658 1415 R.

337 1450 415 1517 Dat.
431 1451 531 1517 Ariu.
548 1475 567 1536 4
590 1472 670 1516 non.
683 1450 766 1535 junii
784 1458 818 1515 a⁰
835 1457 877 1530 9⁰.
894 1450 971 1532 (20,
989 1450 1073 1533 32').

345 1604 492 1685 2001.
1382 1640 1478 1703 1350,
1495 1643 1514 1685 a
1524 1621 1612 1702 juin.

331 1721 435 1787 'Pater
463 1721 528 1787 8⁰¹⁰.
557 1720 643 1786 Cum
665 1720 867 1806 {Raynaldus
884 1721 1006 1807 ‘Gayte
1023 1736 1043 1802 ¹,
1067 1722 1330 1804 Claromonten.,
1358 1732 1393 1789 et
1420 1723 1587 1791 Gerardus
1613 1726 1657 1791 de

290 1825 453 1891 Pomeriis
464 1840 485 1906 ²,
505 1823 719 1891 Cameracen.
744 1826 963 1891 ecclesiarum
990 1826 1156 1907 canonici,
1172 1827 1390 1892 canonicatus
1404 1835 1441 1892 et
1455 1829 1654 1913 prebendas,

291 1949 375 2013 quos
399 1928 434 1992 in
460 1927 588 1993 eisdem
615 1928 764 1993 ecclesiis
791 1930 957 2008 obtinent,
984 1930 1019 1994 in
1045 1930 1200 1996 manibus
1234 1930 1325 1997 dom.
1349 1933 1521 1997 camerarii
1552 1936 1654 1999 vestri

290 2032 392 2097 libere
422 2031 630 2116 resignarint,
656 2030 811 2115 idemque
837 2034 1038 2099 camerarius
1053 2034 1129 2099 vice
1152 2043 1262 2100 vestra
1289 2035 1478 2119 hujusmodi
1508 2038 1656 2121 resigna-

289 2136 401 2201 tiones
415 2135 595 2215 admiserit,
612 2134 768 2219 dignetur
782 2136 814 2199 S.
826 2135 870 2201 ‘V.
884 2136 1027 2221 *Hugoui
1052 2136 1163 2224 Gayte
1175 2152 1197 2219 ³,
1220 2138 1301 2203 dicti
1330 2138 1501 2224 Raynardi
1527 2141 1656 2226 nepoti,

290 2239 332 2304 de
349 2238 578 2319 Cameracen,
595 2246 630 2303 et
645 2238 738 2304 dicto
754 2238 936 2324 G(erardo)
953 2240 995 2305 de
1012 2240 1173 2328 Pomeriis
1189 2242 1231 2307 de
1248 2241 1500 2309 Claromonten.
1517 2245 1654 2310 canoni-

289 2343 420 2409 catibus
435 2351 470 2407 et
485 2342 664 2428 prebendis
675 2342 847 2428 predictis,
863 2364 929 2429 per
955 2344 1146 2429 hujusmodi
1173 2346 1435 2431 resignationem
1455 2369 1529 2414 vac.
1544 2348 1656 2433 provi-

288 2447 366 2513 dere
380 2468 388 2527 ;
406 2466 475 2512 non
492 2448 579 2511 obst.
590 2446 762 2513 beneficiis
774 2468 838 2532 que
852 2448 1006 2513 obtinent
1018 2450 1073 2512 vel
1095 2457 1280 2534 expectant
1289 2450 1322 2514 in
1335 2460 1446 2517 vestra
1458 2452 1656 2517 cancellaria

288 2550 524 2636 exprimendis.
540 2548 664 2615 Verum
680 2571 766 2631 cum,
779 2552 876 2636 juxta
892 2560 1021 2618 statuta
1043 2552 1145 2638 ipsius
1169 2553 1384 2621 Cameracen.
1408 2556 1559 2635 ecclesie,
1580 2575 1655 2640 pre-

287 2654 398 2720 benda
414 2654 539 2719 ibidem
554 2653 657 2719 libera
674 2654 813 2719 minime
828 2655 975 2721 existens
990 2654 1134 2721 efficitur
1149 2658 1375 2740 sacerdotalis
1389 2659 1416 2725 si
1431 2660 1537 2744 ipsam
1552 2659 1656 2724 tertio

289 2760 365 2824 loco
381 2778 500 2824 vacare
527 2758 714 2844 contingat,
741 2759 795 2823 vel
821 2759 924 2823 etiam
940 2780 959 2823 e
976 2780 1150 2842 converso,
1174 2769 1208 2826 et
1235 2769 1374 2848 propter
1400 2762 1590 2847 frequentes
1613 2782 1655 2827 ac

288 2863 489 2947 longinquas
504 2861 701 2927 vacationes
716 2861 942 2946 ignoreturad
958 2885 1094 2950 presens
1114 2886 1182 2950 quo
1193 2867 1270 2933 loco
1285 2887 1375 2932 nunc
1390 2867 1526 2933 vacabit
1535 2868 1654 2933 eadem

290 2965 474 3052 prebenda,
497 2965 699 3049 dispensare,
727 2966 753 3030 si
781 2967 903 3052 placet,
933 2988 1011 3033 cum
1037 2969 1110 3054 ipso
1138 2967 1295 3053 Hugone,
1312 2970 1346 3034 in
1362 2991 1454 3035 nono
1482 2971 1581 3038 etatis
1596 2991 1656 3034 sue

290 3091 382 3138 anno
396 3069 697 3152 constituamini
710 3070 898 3155 hujusmodi
912 3070 1129 3167 cameracen.
1141 3074 1358 3158 prebendam,
1371 3073 1475 3140 etiam
1490 3074 1517 3139 si
1531 3095 1658 3140 vacans

290 3174 392 3240 tertio
406 3174 484 3239 loco
499 3171 664 3240 efficiatur
689 3174 914 3257 sacerdotalis,
941 3177 1053 3246 valeat
1077 3177 1299 3246 obtinere.--
1315 3177 1393 3245 Fiat
1418 3198 1481 3263 pro
1502 3186 1657 3261 utroque,

290 3286 326 3344 et
341 3279 570 3363 dispensamus
586 3297 663 3344 cum
678 3278 785 3347 altero
802 3277 842 3345 R.

336 3383 416 3447 Dat.
432 3381 531 3447 Avin.
547 3402 568 3464 4
582 3400 664 3447 non.
674 3381 762 3466 iunii
773 3390 813 3452 a⁰
831 3390 873 3462 9⁰.
890 3385 967 3468 (20,
985 3384 1066 3467 34').

342 3535 665 3621 2002-2003.
1366 3572 1462 3635 1350,
1486 3575 1505 3619 a
1522 3551 1612 3633 juin.

336 3657 438 3741 Supp.
454 3653 665 3734 Bertrandus,
694 3652 870 3739 episcopus
897 3653 1063 3734 Sabinen,
1091 3662 1182 3737 quat.
1209 3654 1376 3741 [familiari
1392 3677 1453 3722 suo
1468 3655 1655 3723 domestico

293 3758 510 3826 commensali
536 3757 666 3836 Jacobo
690 3757 783 3822 dicto
798 3755 840 3821 de
856 3757 887 3820 le
905 3755 1072 3837 Cambier,
1100 3758 1221 3824 clerico
1247 3757 1461 3846 Tornacen.,]
1486 3763 1563 3826 beu.
1579 3781 1609 3826 c.
1625 3782 1655 3826 c.

291 3863 347 3928 vel
363 3883 388 3928 s.
405 3883 446 3942 c.,
461 3859 859 3947 spectanscommuniter
874 3861 936 3924 ·vel
959 3859 1093 3928 divisim
1116 3862 1392 3929 adeollationem
1414 3871 1479 3930 etc.
1495 3864 1655 3950 episcopi,

293 3966 413 4033 decani
439 3974 474 4031 et
496 3965 645 4052 capituli,
668 3964 944 4048 angulorumque
962 3964 1258 4034 >canonicorumet
1273 3987 1493 4052 personarum
1515 3968 1657 4033 ecclesie

291 4069 490 4148 Tomacen,
506 4067 611 4135 etiam
624 4066 653 4132 si
668 4067 800 4136 ineocl.
814 4067 1148 4149 cathedraliexistat,
1159 4090 1200 4135 ac
1216 4068 1365 4140 officium
1378 4091 1439 4136 seu
1453 4071 1654 4138 beneficium

288 4174 415 4240 ¹vicarie
430 4172 565 4258 majoris
581 4171 695 4242 altaris
710 4171 859 4256 ejusdem
876 4172 1027 4252 ecclesie,
1045 4173 1149 4257 eujus
1163 4174 1318 4239 beneficii
1334 4195 1393 4241 seu
1409 4174 1510 4240 officii
1526 4175 1653 4242 fructus

288 4279 319 4343 si
336 4299 365 4344 c.
382 4298 411 4344 c.
428 4279 479 4358 80,
495 4277 523 4342 si
537 4296 619 4341 vero
632 4296 660 4342 s.
675 4295 705 4342 c.
729 4274 828 4342 suerit
845 4279 885 4340 60
908 4276 981 4340 libr.
992 4275 1072 4344 dur.
1087 4296 1228 4361 parvor,
1243 4278 1651 4346 secundumtarrationem

291 4381 433 4462 decime,
448 4382 598 4446 valorem
622 4399 772 4446 annuum
790 4399 866 4446 non
892 4379 1067 4460 excedant,
1099 4379 1188 4465 [vac.
1211 4381 1257 4447 ad
1282 4402 1418 4467 presens
1443 4384 1498 4448 vel
1520 4381 1649 4468 vacat]

292 4485 541 4567 eonferendum,
557 4483 733 4552 donationi
748 4489 857 4570 apost.
869 4483 1051 4568 dignemini
1066 4504 1275 4552 reservare...
1292 4526 1335 4536 -
1351 4484 1508 4552 Fiatetc.
1525 4485 1566 4552 R.

327 4755 524 4814 brionniae,
544 4757 612 4817 186³,
624 4783 656 4792 -
676 4759 699 4804 2.
722 4755 785 4805 Voir
805 4771 829 4805 n.
849 4759 919 4806 1813.
930 4784 963 4791 -
980 4760 1002 4806 3.
1020 4756 1077 4807 cite
1094 4772 1192 4806 comme
1210 4758 1335 4806 chauoino
1350 4758 1383 4807 de
1401 4757 1522 4806 (lambrai
1540 4772 1572 4806 en
1594 4759 1656 4806 laos

292 4829 439 4892 (lievillers
456 4829 561 4878 Clarus
575 4828 608 4878 de
618 4830 656 4879 ‚8⁴⁶
672 4829 795 4890 ilbodum,
810 4829 843 4889 ll,
861 4830 929 4892 llll),
941 4846 1041 4880 comme
1051 4830 1144 4894 prdrbt-
1155 4831 1187 4880 ‹le
1197 4833 1231 4878 8¹⁰
1242 4831 1357 4880 Waudru
1369 4834 1385 4880 a
1397 4832 1473 4880 lions
1482 4845 1514 4880 en
1528 4833 1593 4880 1372
1601 4830 1654 4894 (ibu

294 4904 365 4966 sas).
