3650 5675
301 545 358 609 412
825 542 912 618 tata,
936 541 1027 607 13-26
1049 558 1137 607 mars.

354 691 494 778 1529-
946 751 947 754 =
1343 727 1438 791 1349,
1456 728 1497 791 13
1513 730 1617 776 mors.

345 811 468 898 Supp...
483 809 503 888 J
507 811 659 876 ohannes
673 809 716 875 de
731 806 916 888 Oratorio¹,
933 806 967 871 in
984 806 1015 872 S.
1032 806 1151 874 Theol.
1167 808 1296 891 doctor,
1309 817 1402 894 quat.
1416 811 1515 877 sibi...
1528 812 1571 877 de
1587 833 1661 879 can.

305 923 340 981 et
355 917 447 1001 preb.
464 913 605 982 ecclesie
620 911 838 983 Cameracen.
855 931 930 976 vac.
946 910 990 976 ad
1005 931 1172 997 presens...
1188 933 1247 999 per
1263 913 1554 980 consecracionem
1571 916 1661 982 dom.

302 1016 467 1095 Johannis
482 1017 524 1083 de
548 1016 692 1082 Pistorio
717 1015 761 1082 ad
786 1014 1019 1100 episcopatum
1034 1014 1267 1081 Tridentinum
1283 1030 1326 1083 ²...
1353 1018 1536 1103 dignemini
1551 1021 1661 1106 prori-

302 1122 381 1187 dere
396 1144 439 1202 3...
455 1141 525 1187 non
540 1122 626 1186 obst.
643 1118 733 1204 quod
748 1137 822 1184 can.
838 1125 873 1182 et
895 1120 997 1204 preb„
1023 1118 1332 1185 archidiaconatum
1361 1130 1395 1186 et
1419 1123 1661 1208 preposituram

303 1224 341 1292 B.
359 1224 409 1291 M.
425 1225 614 1312 Trajecten.
631 1232 665 1288 et
682 1244 755 1289 can.
771 1229 806 1287 et
821 1224 913 1308 preb.
930 1222 1012 1288 eccl.
1029 1221 1061 1287 S.
1072 1221 1234 1306 Quintini,
1253 1222 1457 1292 Noviomen.
1473 1227 1569 1308 dioc„
1586 1248 1662 1294 nos-

303 1330 388 1394 citur
414 1329 577 1410 obtinere,
602 1336 678 1394 et...
696 1348 770 1395 can.
793 1329 854 1393 sub
878 1347 955 1412 exp.
982 1330 1073 1413 preb.
1094 1327 1235 1394 ecclesie
1260 1327 1465 1396 Noviomen.
1481 1351 1521 1398 ac
1543 1352 1663 1419 expec-

302 1434 467 1500 tationem
482 1433 525 1499 de
555 1434 633 1499 ben.
657 1454 683 1499 s,
710 1453 738 1498 c.
765 1431 956 1518 pertinente
983 1431 1027 1497 ad
1051 1433 1128 1498 coll.
1152 1431 1281 1512 decani,
1297 1434 1457 1518 prepositi
1474 1443 1509 1500 et
1525 1436 1663 1522 capituli

303 1538 335 1604 S.
352 1537 535 1603 Donatiani
551 1544 564 1571 ⁸
578 1537 621 1605 de
638 1535 788 1621 Brugis...
810 1572 842 1584 —
863 1525 942 1601 Fiat
959 1533 999 1600 R.
1106 1527 1109 1530 ’

347 1641 428 1707 Dat.
444 1641 544 1709 Avin.
563 1661 580 1725 3
597 1641 641 1707 id.
657 1648 757 1729 mart.
774 1647 808 1705 α0
825 1644 867 1722 7⁰.
885 1639 954 1724 (17,
976 1638 1079 1722 198').

359 1779 499 1866 1530.
1343 1811 1438 1875 1349,
1459 1813 1499 1856 aa
1517 1813 1620 1858 mars.

347 1897 471 1983 Supp...
486 1905 598 1963 vester
613 1895 764 1961 medicus
779 1894 889 1979 Guigo
915 1894 957 1960 de
974 1892 1179 1974 Chaulhaco,
1204 1902 1296 1978 quat.
1315 1893 1580 1980 [consanguineo
1604 1917 1664 1962 suo

304 2000 482 2088 germano]
508 2000 694 2066 Bertrando
722 2000 765 2066 de
791 1998 1057 2084 Chaulhaguet0,
1079 1998 1263 2084 presbitero
1289 1998 1376 2066 dioc.
1402 1999 1433 2065 S.
1462 1998 1595 2082 Flori,...
1621 2001 1664 2066 de

303 2105 441 2190 paroch.
457 2106 540 2171 eccl.
556 2103 595 2170 B.
609 2101 659 2170 M.
669 2104 711 2170 de
725 2103 920 2183 Combrosa,
933 2102 1020 2169 dioc.
1033 2102 1268 2184 Ruthenen.,...
1280 2103 1463 2188 dignemini
1474 2104 1648 2191 providere
1653 2127 1662 2186 ;

303 2229 372 2274 non
389 2210 476 2276 obst.
492 2208 583 2293 quod
597 2210 679 2274 eccl.
695 2209 830 2294 paroch.
846 2208 889 2274 de
905 2205 1297 2292 Onnaing,Cameracen.
1310 2207 1407 2289 dioc,
1420 2209 1568 2277 noscitur
1579 2210 1665 2276 obti-

306 2330 396 2391 nere,
413 2330 514 2395 quam
529 2318 664 2396 paratus
679 2319 731 2378 est
742 2309 944 2376 dimittere...
966 2347 998 2358 -
1019 2308 1096 2375 Fiat
1113 2308 1153 2376 R.

351 2414 430 2482 Dat.
445 2416 546 2481 Avin.
566 2435 601 2480 11
619 2413 688 2481 kal.
704 2415 797 2501 april.
812 2421 846 2480 a⁰
862 2421 904 2498 7⁰.
922 2414 991 2498 (17,
1011 2413 1101 2497 206).

360 2550 495 2638 1531.
1347 2587 1442 2651 1349,
1459 2567 1500 2632 26
1517 2589 1620 2634 mart.

350 2669 473 2756 Supp...
484 2668 656 2753 Nicotaus,
673 2671 704 2736 S.
722 2669 772 2737 M.
788 2671 822 2736 in
839 2671 980 2737 vialata
996 2670 1080 2736 diac.
1097 2670 1196 2752 card,
1213 2680 1305 2755 quat.
1322 2671 1446 2737 dilecto
1462 2692 1522 2738 suo
1537 2673 1665 2739 vicario

306 2774 340 2840 in
356 2795 417 2841 suo
432 2773 705 2841 archidiaconatu
721 2773 892 2857 Leodien.,
908 2795 996 2861 mag.
1014 2772 1181 2841 Franconi
1203 2773 1246 2841 de
1262 2772 1448 2842 Gemblaco
1463 2785 1483 2858 ³,
1500 2776 1667 2844 canonico

306 2879 447 2945 ecclesie
463 2879 495 2945 S.
512 2878 666 2964 Dyonisii
683 2877 843 2945 Leodien.
855 2879 938 2965 juris
952 2879 1072 2965 perito,
1089 2877 1131 2943 de
1147 2900 1219 2947 can.
1236 2888 1271 2944 et
1285 2882 1377 2966 preb.
1391 2880 1531 2947 ecclesie
1547 2880 1668 2947 SCru-

308 2983 356 3048 cis
372 2980 532 3048 Leodien.
548 3002 623 3047 vac.
647 3002 706 3067 per
727 2990 872 3048 mortem
895 2982 1067 3068 quondam
1093 2981 1113 3060 J
1116 2983 1259 3049 ohannis
1276 2982 1440 3049 Hanzanc
1455 2995 1476 3066 ⁴,
1492 2985 1549 3069 qui
1574 2992 1669 3051 extra

308 3105 376 3151 cur.
393 3084 492 3151 Rom.
508 3083 598 3150 diem
615 3086 734 3152 clausit
750 3099 980 3167 extremum...
992 3085 1175 3171 dignemini
1187 3086 1362 3173 providere
1376 3110 1385 3167 ;
1401 3108 1470 3153 non
1486 3089 1669 3174 obstquod

310 3188 419 3254 dictos
434 3209 507 3254 can.
524 3197 559 3254 et
574 3193 666 3275 preb.
682 3189 772 3256 dicte
788 3191 870 3255 eccl.
887 3189 918 3256 S.
935 3189 1091 3275 Dyonisii
1107 3191 1256 3257 noscitur
1270 3190 1455 3257 obtinere...
1484 3228 1516 3240 —
1534 3190 1610 3257 Fiat
1627 3191 1668 3257 R.

355 3291 433 3378 Dat.
448 3292 550 3360 Avin.
567 3312 586 3378 7
601 3294 669 3360 kal.
685 3294 781 3381 april.
796 3302 829 3361 αο
845 3302 888 3379 7⁰.
905 3296 974 3380 (17,
993 3296 1097 3380 209').
1606 3314 1608 3319 ’

364 3429 502 3517 1532.
1351 3463 1446 3528 1349,
1464 3444 1504 3508 26
1522 3465 1626 3510 mars.

353 3547 477 3635 Supp...
495 3547 687 3633 N(icolaus)
703 3548 735 3615 S.
752 3547 851 3615 Min
868 3548 924 3615 via
940 3548 1010 3613 lata
1025 3547 1110 3616 diac.
1133 3546 1232 3629 card„
1256 3555 1370 3632 quat...
1398 3546 1593 3634 [capellano
1608 3568 1670 3614 suo

309 3652 471 3719 continuo
487 3653 704 3719 commensali
720 3650 740 3729 J
743 3652 867 3719 ohanni
887 3652 930 3718 de
946 3652 1125 3733 Bossaco⁵;
1140 3649 1341 3738 presbitero]
1356 3650 1522 3718 Tutellen.
1536 3652 1669 3733 dioc.,...

308 3756 441 3824 decan.
457 3764 492 3825 et
514 3759 606 3844 preb.
631 3757 772 3822 ecclesie
788 3756 949 3824 Leodien.
976 3777 1049 3823 vae.
1071 3756 1105 3822 in
1132 3755 1223 3823 curia
1247 3776 1307 3842 per
1330 3756 1599 3823 reservacionem
1625 3756 1669 3823 de

308 3860 434 3927 eisdem
449 3860 576 3927 iactam
591 3868 627 3926 et
642 3881 702 3947 per
716 3869 863 3927 mortem
877 3881 967 3947 mag.
983 3859 1002 3938 J
1006 3860 1148 3927 ohannis
1165 3858 1331 3926 Hansank
1346 3858 1367 3941 ⁶,
1384 3860 1492 3925 ultimi
1513 3859 1668 3926 canonici

308 3964 547 4050 prebendati...
562 3963 655 4030 dicto
670 3961 690 4040 J
693 3963 818 4029 ohanni
834 3962 1018 4048 dignemini
1033 3962 1208 4048 providere
1222 3984 1231 4042 ;
1247 3982 1316 4028 non
1327 3966 1413 4029 obst.
1424 3962 1515 4047 quod
1528 3964 1668 4050 paroch.

341 4174 366 4233 a)
383 4168 440 4219 cbd.
455 4169 567 4219 Donatii.

343 4390 365 4438 1.
377 4388 439 4437 Voir
450 4404 476 4438 n.
488 4391 603 4449 230232,
616 4392 672 4438 251.
685 4416 716 4427 -
734 4389 756 4436 2.
768 4386 831 4435 Voir
842 4400 867 4436 n.
887 4388 957 4437 1521.
969 4414 1002 4423 -
1021 4387 1044 4435 3,
1054 4386 1117 4433 Voir
1135 4400 1161 4435 n.
1174 4385 1244 4445 1015,
1258 4386 1328 4434 1023.
1349 4384 1371 4432 il
1388 4386 1426 4431 est
1437 4379 1489 4430 cite
1500 4394 1598 4429 comme
1609 4381 1671 4429 cha·

309 4462 386 4510 noine
396 4462 429 4510 de
441 4463 466 4512 S.
480 4464 558 4512 Derris
569 4468 595 4511 et
606 4463 639 4511 de
651 4463 676 4511 Β.
689 4461 760 4520 Paul,
772 4460 797 4509 le
808 4462 839 4508 23
856 4459 951 4509 rsvrrer
969 4461 1031 4509 1353
1043 4458 1159 4523 (carrad
1171 4458 1202 4507 de
1215 4458 1239 4507 S.
1251 4457 1378 4515 Lastheni,
1391 4456 1435 4515 IV,
1449 4455 1515 4517 110).
1529 4454 1552 4503 ll
1563 4464 1671 4505 mourut

309 4536 333 4583 le
344 4537 372 4583 21
386 4533 473 4596 juillet
491 4538 553 4586 1355
566 4536 654 4599 (Ball.
666 4535 697 4585 da
713 4534 741 4583 lu
756 4534 837 4593 CRII,
850 4535 876 4580 3·
887 4533 941 4593 sen,
955 4534 1026 4594 XIV,
1041 4534 1101 4595 112)
1113 4550 1119 4591 ;
1131 4533 1151 4581 11
1162 4534 1221 4581 taut
1236 4531 1303 4581 donc
1315 4531 1339 4581 le
1355 4530 1499 4591 distinguer
1514 4528 1578 4576 d'uu
1594 4534 1674 4579 autre

310 4608 426 4657 Francon
445 4609 478 4658 de
497 4609 650 4668 Gemblonx‚
668 4610 795 4658 chanoine
804 4609 838 4657 de
847 4609 871 4656 S.
884 4608 1007 4667 Materne,
1020 4607 1099 4668 qu'on
1111 4612 1202 4656 trouve
1213 4606 1245 4655 de
1258 4607 1319 4654 1374
1336 4604 1450 4667 (Curtaei.
1461 4600 1493 4650 de
1505 4602 1531 4651 S.
1540 4602 1672 4662 Lamban,

308 4681 352 4739 IV,
366 4681 452 4744 508)t
465 4684 527 4731 1385
540 4683 593 4747 (ih,
606 4684 676 4745 612).
684 4711 715 4720 -
727 4683 749 4733 1.
758 4682 825 4731 dean
837 4682 983 4741 Haenasnc,
996 4682 1028 4729 de
1040 4681 1158 4742 Tongres,
1171 4684 1210 4729 est
1221 4678 1272 4729 cite
1283 4692 1382 4727 comme
1393 4677 1566 4727 treuclostrier
1576 4674 1673 4725 doudit¹

307 4757 407 4817 oepitre
422 4755 455 4804 de
472 4757 549 4819 Lrege
561 4770 582 4815 a,
596 4757 620 4806 le
633 4759 661 4805 11
673 4755 760 4818 juillet
773 4757 835 4804 1318
847 4754 962 4817 (canat.
974 4752 1006 4803 de
1018 4755 1043 4803 S.
1055 4754 1182 4813 nurnberc,
1196 4754 1246 4814 111,
1261 4754 1328 4814 182),
1340 4765 1438 4801 comme
1455 4750 1581 4799 chanoine
1598 4749 1624 4799 le
1638 4754 1673 4801 21

307 4827 394 4889 juillet
403 4830 465 4879 1338
473 4831 527 4892 (ila,
535 4832 585 4889 111,
595 4831 657 4891 555)
669 4846 675 4887 ;
687 4831 706 4879 11
718 4831 760 4878 hrt
770 4831 838 4878 aussi
850 4828 918 4879 abbe
928 4829 961 4877 de
970 4829 1063 4877 Thuin.
1075 4827 1099 4877 Il
1115 4832 1221 4878 mourut
1237 4825 1262 4877 le
1278 4831 1293 4875 5
1311 4840 1379 4876 mers
1398 4826 1459 4873 1349
1470 4822 1515 4885 (de
1527 4823 1623 4883 Theux,
1634 4824 1673 4883 11,

308 4902 400 4958 61·68;
422 4900 520 4953 Cartul.
535 4904 567 4952 da
584 4904 609 4952 8.
626 4903 753 4962 antbert,
772 4903 816 4962 IV,
839 4905 891 4962 182,
912 4902 980 4964 165).
991 4929 1024 4937 -
1044 4905 1067 4951 5.
1080 4902 1142 4951 Voir
1161 4916 1187 4951 n.
1205 4902 1259 4962 901,
1273 4902 1335 4951 1201
1348 4916 1354 4958 ;
1367 4898 1467 4957 Kirsch,
1480 4896 1557 4956 Koll,
1570 4898 1627 4947 219.
1639 4925 1676 4935 -

309 4978 331 5023 u.
346 4974 443 5024 Voirn.
457 4979 528 5027 1531.
