3650 5675
694 472 782 543 1344,
806 470 846 534 29
868 470 1043 549 septembre.
1493 474 1550 537 175

188 622 360 686 remittere
387 642 427 687 ac
453 622 619 708 prefatum
650 623 757 686 altare
788 620 848 685 sibi
875 619 918 685 de
944 641 1034 685 novo
1059 620 1237 699 conferre3
1269 628 1304 685 et
1334 642 1411 686 cum
1441 622 1550 708 ipsum

188 726 295 791 altare
310 725 434 792 modici
461 726 585 791 valoris
612 726 746 805 existat,
775 745 852 790 cum
878 746 920 789 eo
945 732 983 790 ut
1006 744 1111 789 unum
1134 723 1224 788 aliud
1253 726 1330 789 ben.
1357 726 1439 791 eccl.
1466 747 1494 792 c.
1521 747 1549 792 c.

187 832 243 894 uel
259 852 284 895 s.
301 850 340 910 c.,
356 831 459 895 etiam
476 832 509 895 in
525 831 608 897 eccl.
624 830 783 910 cathedr,
801 830 827 894 si
854 829 916 894 sibi
944 830 1026 894 alias
1046 828 1210 894 canonice
1234 826 1434 908 conferatur,
1447 829 1550 895 libere

188 935 346 1020 recipere,
362 956 402 1001 ac
418 936 526 1021 ipsum
542 955 609 1000 una
625 955 701 1000 cum
717 933 810 1000 dicto
825 934 923 999 altari
949 933 1041 998 licite
1056 932 1209 1011 retinere,
1227 930 1348 1014 illaque
1364 933 1418 995 vel
1434 954 1549 997 eorum

189 1040 332 1103 alterum
357 1046 549 1125 permutare
572 1039 697 1119 valeat,
722 1039 854 1124 quoties
880 1038 942 1103 sibi
966 1037 1132 1104 videbitur
1156 1034 1313 1120 expedire
1325 1058 1334 1115 ;
1359 1035 1549 1121 hujusmodi

188 1141 323 1208 defectu
344 1150 379 1208 et
393 1143 559 1227 generalis
575 1143 709 1209 concilii
731 1150 766 1207 et
782 1142 986 1226 quibuslibet
995 1141 1068 1207 aliis
1084 1139 1218 1206 statutis
1234 1139 1408 1205 contrariis
1423 1161 1549 1225 nequa-

189 1266 292 1329 quam
307 1249 404 1326 obst,
420 1246 602 1331 dignemini
617 1247 820 1332 dispensare.
835 1286 879 1294 -
895 1244 973 1311 Fiat
989 1244 1030 1311 R.

236 1348 315 1415 Dat.
332 1370 386 1435 ap.
403 1348 654 1416 Villamnovam
669 1373 688 1435 4
704 1349 772 1415 kal.
789 1357 855 1416 oct.
873 1356 906 1414 a⁰
924 1355 966 1433 3⁰.
983 1350 1030 1431 (7,
1048 1354 1126 1432 20').

242 1486 477 1570 731-733.
1145 1515 1241 1580 1344,
1259 1515 1300 1579 29
1316 1498 1505 1583 settembre.

234 1602 334 1687 Supp.
351 1601 489 1686 Symon,
505 1609 606 1666 natus
621 1600 640 1679 J
643 1600 787 1666 ohannis
801 1600 844 1665 de
869 1599 964 1664 Vene
980 1611 1000 1680 ¹,
1017 1601 1095 1664 cler.
1111 1597 1270 1664 Leodien.
1286 1599 1383 1680 dioc,
1400 1606 1492 1683 quat.
1508 1598 1550 1664 de

187 1705 307 1789 capell.
319 1726 377 1770 seu
386 1705 482 1770 altari
497 1704 659 1769 Omnium
669 1704 869 1769 Sanctorum
880 1703 945 1769 sito
958 1703 991 1767 in
1001 1702 1147 1789 parvisio
1162 1700 1289 1767 eccl.B.
1299 1700 1348 1767 M.
1359 1702 1549 1782 Dionensis,

188 1807 282 1873 dicte
298 1808 396 1887 dioc„
413 1828 487 1873 vac.
504 1808 538 1872 in
555 1828 622 1874 cur.
638 1828 697 1894 per
712 1807 852 1872 liberam
867 1807 988 1892 resign.
1004 1805 1024 1884 J
1027 1806 1169 1872 ohannis
1193 1805 1236 1871 de
1252 1805 1341 1870 Cher
1365 1806 1490 1871 factam
1516 1806 1548 1870 in

188 1931 280 1976 man.
296 1898 387 1977 doni.
403 1910 538 1996 metri),
555 1910 740 1976 Penestrini
757 1909 857 1988 card„
869 1909 1052 1994 dignemini
1065 1909 1240 1995 providere
1253 1932 1261 1989 ;
1278 1929 1348 1974 non
1363 1912 1449 1975 obst.
1460 1910 1551 1993 quod

190 2016 226 2079 in
242 2015 476 2080 communibus
491 2014 606 2099 gratiis
621 2015 665 2079 ad
679 2014 755 2105 coll.
771 2014 910 2078 rectoris
926 2014 1009 2078 eccl.
1035 2013 1077 2078 de
1100 2011 1330 2092 Skendremal,
1346 2011 1436 2079 dicte
1451 2012 1549 2093 dioc„

190 2119 397 2203 impetravit,
414 2119 467 2184 cui
483 2126 621 2204 paratus
637 2125 688 2182 est
704 2116 961 2182 renuntiare-
981 2114 1059 2181 Fiat
1075 2115 1115 2181 R.

233 2262 316 2321 732.
334 2254 421 2320 ltem
437 2274 532 2340 supp.
549 2253 749 2319 Godefridus
765 2252 914 2319 Eustacii
936 2254 979 2319 de
995 2252 1105 2332 Blisia‚
1122 2254 1200 2318 cler.
1217 2253 1377 2321 Leodien.
1393 2255 1491 2336 dioc,
1507 2256 1549 2321 de

188 2358 338 2444 quodam
352 2360 447 2424 altari
463 2358 518 2423 SS.
530 2357 675 2444 Philippi
692 2366 727 2423 et
742 2357 761 2436 J
765 2357 861 2423 acobi
879 2357 913 2422 in
929 2358 1012 2422 eccl.
1028 2357 1059 2422 S.
1076 2357 1206 2443 Sulpitii
1224 2357 1474 2439 Distensis,vac.
1490 2380 1550 2445 per

186 2463 310 2547 resign.
326 2460 346 2539 J
349 2461 492 2527 ohannis
506 2461 548 2527 de
564 2461 812 2547 Cansterperre,
828 2464 937 2547 presb.
954 2460 1086 2525 —Fiat
1103 2458 1143 2525 R.

233 2608 313 2667 733.
331 2599 418 2665 Item
431 2586 526 2686 supp.
543 2598 701 2665 Girardus
716 2599 825 2664 dictus
841 2598 944 2663 Gruel
959 2597 1001 2663 de
1013 2596 1164 2681 Tongris,
1181 2600 1258 2663 cler.
1275 2598 1435 2664 Leodien.
1451 2599 1548 2681 dioc„

187 2705 251 2769 sibi
267 2703 310 2769 de
325 2704 421 2770 altari
437 2704 469 2769 S.
494 2702 595 2769 Blasii
625 2702 765 2769 fundato
792 2703 826 2767 in
854 2704 936 2767 eccl.
953 2701 985 2766 S.
1014 2700 1062 2765 M.
1079 2701 1312 2785 Trajectensis,
1337 2702 1427 2768 dicte
1449 2702 1548 2784 dioc,

188 2828 264 2874 vac.
280 2828 340 2895 per
354 2808 473 2894 resign.
490 2807 580 2872 Petri
596 2807 675 2874 dicti
693 2806 812 2888 Pistor,
829 2807 918 2887 cler,
931 2805 973 2872 de
989 2805 1061 2892 ipso
1076 2805 1203 2871 factam
1212 2806 1246 2870 in
1262 2806 1361 2888 curia,
1371 2805 1548 2892 provideri.

194 2947 228 2958 -
250 2909 327 2976 Fiat
344 2910 384 2976 R.

235 3014 315 3079 Dat.
332 3034 386 3100 ap.
402 3014 651 3082 Villamnovam
669 3037 686 3100 3
703 3014 770 3082 kal.
788 3023 854 3082 oct.
872 3021 905 3080 a⁰
923 3022 965 3098 3⁰.
982 3017 1028 3097 (7,
1047 3017 1090 3099 5).

242 3152 1240 3248 7341344,
1257 3184 1299 3248 29
1315 3167 1504 3251 septembre.

233 3270 335 3356 Supp.
365 3269 385 3348 J
388 3273 513 3338 acobus
538 3270 580 3336 de
608 3269 744 3335 Codolis
769 3269 810 3335 de
841 3267 993 3351 Tongris,
1024 3270 1102 3333 cler.
1130 3266 1289 3333 Leodien.
1320 3267 1417 3349 dioc,
1444 3267 1548 3335 famil.

188 3373 432 3459 archiepiscopi
455 3372 672 3451 Ravennatis,
700 3393 776 3438 cum
792 3392 860 3455 quo
884 3371 966 3436 alias
989 3370 1101 3455 quoad
1124 3370 1374 3456 susceptionem
1397 3372 1547 3437 omnium

187 3475 340 3541 ordinum
351 3484 386 3541 et
395 3477 498 3542 etiam
510 3476 770 3542 uniusbeneficii
780 3475 886 3541 curati
897 3495 995 3561 super
1003 3474 1357 3559 def.natalium‚quem
1368 3477 1495 3561 patitur
1506 3478 1548 3543 de

187 3579 333 3646 diacono
348 3581 479 3664 genitus
494 3589 530 3646 et
545 3582 666 3661 soluta,
682 3581 744 3646 fuit
753 3588 842 3646 auct.
859 3586 968 3665 apost.
978 3578 1231 3664 dispensatum²
1247 3601 1255 3659 ;
1273 3587 1365 3664 quat.
1382 3581 1442 3646 sibi
1459 3582 1550 3666 quod

187 3701 301 3764 unum,
325 3683 392 3749 duo
406 3683 461 3747 vel
476 3685 572 3769 plura
587 3687 663 3750 ben.
679 3685 772 3765 eccl,
788 3683 932 3748 etiamsi
948 3703 1051 3747 unum
1066 3703 1183 3748 eorum
1199 3692 1361 3765 curatum,
1378 3692 1413 3749 et
1428 3705 1503 3750 can.
1514 3695 1548 3750 et

185 3788 289 3871 preb„
301 3786 403 3852 etiam
419 3788 445 3853 si
461 3789 496 3852 in
512 3792 594 3855 eccl.
604 3788 754 3855 cathedr.
765 3787 899 3869 existat,
909 3808 946 3852 se
956 3787 1039 3852 alias
1048 3787 1092 3852 ad
1104 3787 1250 3852 invicem
1263 3789 1547 3873 compatientiam

186 3889 248 3954 sibi
259 3891 341 3956 alias
351 3891 679 3973 conferantur,libere
690 3900 724 3957 et
734 3891 825 3957 licite
834 3891 941 3977 possit
949 3891 1240 3971 retinere‚aceaet
1250 3891 1423 3973 quodlibet
1431 3913 1548 3958 eorum

186 4003 379 4078 permutare
395 4003 430 4060 et
444 3995 526 4060 alias
542 3997 644 4061 libere
670 3996 849 4077 dimittere,
866 4003 902 4060 et
916 3997 992 4061 loco
1018 3993 1231 4059 dimissorum
1252 3994 1318 4059 alia
1335 4015 1370 4060 se
1397 3996 1548 4061 similiter

187 4095 333 4162 invicem
350 4099 591 4184 compatientia
606 4101 762 4184 recipere,
778 4100 904 4165 totiens
916 4097 1071 4181 quotiens
1080 4096 1141 4161 sibi
1157 4097 1319 4181 placuerit
1335 4106 1370 4162 et
1381 4099 1548 4164 videbitur

186 4199 344 4285 expedire
357 4225 366 4280 ;
395 4209 430 4267 et
445 4203 535 4286 quod
562 4204 596 4269 in
621 4205 873 4288 quibuscunque
888 4201 1003 4285 gratiis
1017 4221 1079 4286 pro
1095 4221 1136 4265 eo
1152 4210 1211 4266 aut
1226 4221 1286 4286 per
1301 4202 1409 4287 ipsum
1426 4223 1446 4268 a
1462 4204 1547 4268 Sede

185 4313 292 4388 apost.
310 4305 536 4391 impetrandis,
548 4329 618 4375 non
634 4315 788 4374 teneatur
803 4307 847 4373 de
861 4307 954 4372 dicto
969 4304 1034 4370 def.
1043 4305 1191 4389 aliquam
1203 4306 1313 4371 facere
1324 4307 1532 4371 mentionem
1536 4331 1545 4388 ;

184 4408 338 4493 predicto
353 4410 419 4476 def.
442 4419 477 4476 et
494 4412 664 4495 quibusvis
679 4409 977 4477 constitutionibus
992 4415 1099 4493 apost.
1127 4428 1168 4473 ac
1194 4408 1371 4474 statutis
1393 4429 1547 4493 quarum-

187 4531 320 4596 cunque
347 4514 564 4580 ecclesiarum
589 4515 764 4581 contrariis
780 4533 994 4598 nequaquam
1021 4513 1117 4591 obst,
1133 4511 1315 4596 dignemini
1342 4511 1545 4598 dispensare.

191 4651 223 4662 —
246 4613 322 4681 Fiat
337 4617 379 4682 de
395 4637 463 4683 uno
477 4618 553 4701 ali0,
570 4619 673 4684 etiam
689 4619 715 4683 si
732 4639 805 4684 can.
821 4618 854 4681 in
872 4617 954 4683 eccl.
970 4614 1119 4681 cathedr.
1136 4613 1176 4680 R.

230 4718 309 4785 Dat.
326 4740 379 4805 ap.
396 4719 645 4787 Villamnovam
663 4743 680 4807 3
697 4720 764 4787 kal.
781 4729 847 4787 oct.
865 4728 898 4786 a⁰
916 4728 958 4805 3⁰.
976 4720 1024 4804 (7,
1042 4719 1124 4802 26').

185 4841 422 4856 ———-·-—-

220 4894 241 4938 l.
257 4894 379 4954 l'oncelet,
393 4894 470 4955 liefr,
484 4897 539 4944 201.
549 4923 581 4930 -
593 4897 615 4944 2.
633 4895 695 4944 Voir
705 4911 731 4944 n.
744 4897 798 4943 673.
