3650 5675
296 507 358 571 154
840 501 926 575 1344,
950 501 985 565 21
1006 500 1124 566 ferrier.

295 659 516 726 sacerdotalis
526 659 569 725 sit
580 666 614 723 et
627 656 717 742 quod
738 656 770 720 in
791 655 910 721 eadem
926 655 1141 721 residentiam
1154 664 1307 742 tempore
1319 658 1435 724 debito
1446 680 1516 725 non
1534 659 1659 740 fecerit,

293 766 393 850 juxta
409 771 537 829 statuta
561 761 701 827 ecclesie
716 758 916 845 supradicte.
932 800 978 811 -
992 759 1067 825 Fiat
1083 761 1127 826 ad
1141 761 1315 826 biennium
1339 760 1379 827 R.

345 868 423 933 Dat.
439 888 492 952 ap.
509 866 757 931 Villamnovam
778 885 814 948 13
831 864 897 929 kal.
914 874 1011 929 mart.
1023 872 1056 929 a⁰
1073 872 1114 929 2⁰.
1132 866 1185 949 (4,
1204 868 1306 949 aorl).

351 1020 466 1104 665.
1315 1055 1334 1099 r
1334 1054 1410 1118 344,
1427 1056 1467 1099 21
1476 1037 1616 1123 sevrier.

343 1140 452 1223 Sign...
469 1136 666 1224 prepositus,
683 1136 756 1201 dec.
773 1145 807 1200 et
820 1135 1006 1221 capitulum
1018 1137 1100 1201 eccl.
1117 1145 1228 1201 vestre
1244 1135 1472 1219 Cameracen,
1483 1140 1573 1225 quod
1588 1141 1660 1227 ipsa

298 1244 380 1309 eccl.
397 1242 458 1307 fuit
483 1249 518 1307 et
544 1248 605 1321 est,
622 1240 708 1305 sicut
735 1240 766 1304 S.
783 1239 822 1303 V.
838 1242 926 1304 bene
947 1239 1053 1321 novit,
1077 1260 1154 1305 cum
1170 1241 1236 1305 suis
1261 1242 1367 1322 boniS,
1384 1243 1515 1327 prediis,
1530 1265 1660 1329 posses·

242 1336 246 1345 ¹
296 1347 446 1412 sionibus
476 1354 510 1409 et
542 1344 679 1429 juribus,
711 1344 966 1409 circumvallata
1001 1343 1131 1429 magnis
1168 1346 1374 1429 potentibus,
1410 1346 1465 1430 qui
1504 1354 1661 1432 potentes

299 1460 333 1515 et
363 1470 479 1515 eorum
509 1448 632 1514 subditi
660 1469 700 1513 ac
727 1447 880 1513 nonnulli
906 1447 973 1528 alii,
1003 1456 1039 1512 et
1069 1448 1244 1533 presertim
1268 1449 1311 1515 de
1342 1448 1499 1535 Imperio,
1531 1451 1564 1515 in
1594 1473 1661 1536 quo

300 1554 446 1639 Imperio
474 1562 525 1617 est
549 1552 674 1617 situata
704 1552 777 1637 ipsa
807 1551 960 1630 ecclesia,
992 1558 1027 1615 et
1056 1551 1165 1636 major
1190 1572 1264 1637 pars
1290 1555 1456 1618 bonorum
1482 1563 1517 1618 et
1538 1555 1660 1639 jurium

299 1657 447 1743 ejusdem
477 1656 618 1721 ecclesie
643 1656 806 1735 consistit,
837 1655 1004 1718 violenter
1032 1661 1069 1720 et
1098 1655 1292 1720 immaniter
1323 1655 1394 1741 ipsa
1410 1658 1511 1736 bona,
1535 1658 1660 1742 predia,

300 1761 526 1847 possessiones
551 1769 585 1824 et
606 1759 681 1844 jura
706 1779 882 1844 occupare,
911 1778 1029 1843 rapere
1053 1766 1087 1823 et
1112 1758 1283 1840 invadere,
1300 1780 1341 1825 ac
1357 1760 1464 1845 ipsam
1485 1762 1661 1826 ecclesiam

302 1865 489 1952 opprimere
505 1863 598 1948 quasi
616 1862 774 1928 continue
790 1883 859 1928 non
875 1862 972 1926 veriti
989 1870 1066 1927 sunt
1082 1882 1146 1928 nec
1161 1871 1319 1927 verentur
1333 1886 1342 1943 ;
1360 1864 1516 1949 quodque
1532 1872 1662 1951 tempo-

301 1970 390 2035 ribus
405 1987 604 2053 guerrarum,
618 1987 682 2051 que
693 1966 790 2031 annis
805 1986 912 2051 nuper
920 1966 1087 2051 preteritis
1099 1966 1231 2032 suerunt
1244 1967 1331 2032 inter
1353 1967 1510 2033 dominos
1522 1967 1662 2035 Francie

303 2082 338 2138 et
352 2073 473 2157 Anglie
488 2092 582 2156 reges
598 2071 750 2152 illustreS,
766 2070 925 2156 dampna,
942 2070 1086 2156 injurias
1102 2070 1258 2136 incendia
1267 2079 1303 2135 et
1314 2071 1448 2156 rapinas
1464 2070 1612 2137 maxima
1628 2081 1662 2138 et

302 2176 466 2243 maximas
481 2176 542 2241 fuit
566 2196 674 2262 passa,
691 2184 726 2240 et
750 2176 861 2241 adhuc
884 2175 1012 2261 patitur
1036 2176 1268 2259 gravissimam
1290 2175 1477 2255 lesionem;
1506 2176 1661 2260 quodque

302 2279 499 2346 formidatur
521 2300 565 2344 ne
581 2280 642 2366 ipsi
659 2286 826 2366 potentes,
843 2300 959 2345 eorum
986 2279 1109 2345 subditi
1134 2290 1168 2345 et
1194 2280 1259 2361 alii,
1276 2280 1483 2366 experientia
1507 2280 1661 2361 docente,

299 2386 383 2471 jura,
397 2384 643 2469 jurisdictiones
658 2385 760 2470 ipsius
772 2384 912 2451 ecclesie
929 2406 1093 2471 occupare
1116 2392 1151 2450 et
1167 2406 1323 2471 usurpare
1341 2393 1375 2451 et
1392 2385 1569 2470 infringere
1585 2386 1663 2451 assi-

302 2490 367 2555 due
383 2489 575 2557 moliantur.
602 2489 713 2570 Unde,
740 2490 842 2555 Pater
857 2490 922 2571 5³¹³,
948 2490 1058 2556 eidem
1083 2500 1194 2555 vestre
1221 2493 1314 2577 eccl,
1332 2492 1424 2577 cujus
1441 2492 1522 2556 alias
1544 2490 1579 2555 in
1596 2491 1663 2557 suis

303 2594 572 2679 oppressionibus
587 2595 695 2661 fuistis
709 2595 873 2681 benignus
889 2603 1071 2681 protector,
1091 2595 1270 2662 auxiliator
1284 2604 1319 2661 et
1332 2596 1473 2682 adjutor,
1498 2596 1602 2661 etiam
1628 2598 1662 2662 in

302 2706 391 2763 statu
407 2697 474 2764 alio
490 2700 702 2779 constitutus
719 2708 754 2765 et
770 2701 803 2764 in
821 2720 886 2785 qua
904 2699 997 2764 Deus
1012 2707 1047 2763 et
1072 2698 1110 2763 B.
1126 2700 1221 2784 virgo
1236 2708 1347 2765 mater
1361 2700 1431 2784 ejus
1447 2699 1663 2765 celeberrime

302 2810 336 2868 et
351 2803 566 2870 devotissime
594 2805 758 2885 coluntur,
779 2803 837 2891 pio
858 2811 892 2869 et
920 2802 1182 2869 clementissimo
1205 2804 1450 2891 compatientes
1466 2804 1600 2882 affectu,
1617 2804 1661 2870 ad

303 2908 570 2973 consolationem
596 2909 699 2995 ipsius
726 2918 835 2974 vestre
860 2907 1012 2988 ecclesie,
1038 2928 1102 2992 que
1127 2928 1296 2994 oppressa,
1312 2908 1436 2974 afflicta
1461 2916 1496 2972 et
1519 2915 1661 2994 gravata

303 3010 441 3074 extitit‘*
462 3011 613 3093 nimium,
640 3013 814 3098 presertim
838 3011 1045 3096 temporibus
1071 3032 1262 3096 guerrarum
1285 3010 1531 3097 predictarum;
1557 3018 1592 3074 et
1618 3010 1661 3075 ad

302 3113 507 3180 obviandum
522 3114 680 3200 predictis
696 3123 730 3180 et
746 3115 863 3179 futuris
888 3114 1176 3200 occupationibus,
1189 3114 1322 3200 rapinis,
1339 3112 1609 3198 oppressionibus
1624 3121 1662 3178 et

303 3218 541 3300 invasionibus,
558 3228 591 3285 et
607 3241 668 3306 pro
683 3219 877 3285 defensione
901 3221 1065 3284 bonorum
1082 3228 1116 3283 et
1129 3219 1251 3304 jurium
1266 3239 1306 3284 ac
1321 3238 1536 3304 personarum
1559 3218 1662 3304 ipsius

304 3319 453 3402 ecclesie,
470 3321 569 3387 dictis
584 3323 724 3388 ecclesie
751 3322 933 3408 preposit0,
949 3321 1079 3388 decano
1103 3330 1137 3387 et
1164 3322 1313 3408 capitulo
1340 3329 1594 3387 conservatores
1620 3321 1662 3387 de

301 3424 409 3510 gratia
426 3425 560 3510 speciali
588 3427 621 3491 in
648 3435 847 3514 perpetuum
872 3424 1058 3491 concedere
1083 3424 1265 3510 dignemini
1282 3422 1369 3490 utin
1394 3425 1539 3490 concilio
1562 3423 1662 3489 Vien-

303 3529 408 3594 nensi.
424 3570 468 3577 -
485 3529 623 3596 Habeat
641 3539 896 3596 conservatores
911 3537 1092 3615 perpetuos
1108 3529 1142 3592 in
1159 3529 1266 3593 forma
1288 3529 1421 3594 concilii
1439 3528 1637 3594 Viennensis
1652 3551 1661 3606 ς

303 3632 361 3699 sed
377 3633 410 3697 in
427 3632 492 3699 hoc
505 3634 699 3720 episcopum
716 3633 933 3700 Cameracen.
950 3640 985 3698 et
1001 3633 1071 3718 ejus
1088 3631 1247 3697 officiales
1262 3639 1297 3696 et
1312 3632 1492 3696 familiares
1507 3635 1662 3701 nolumus

291 3735 554 3822 comprehendi.
572 3736 612 3804 R.

345 3839 423 3907 Dat.
440 3861 493 3926 ap.
510 3840 757 3906 Villamnovam
775 3861 792 3922 9
809 3840 875 3906 kal.
891 3848 988 3904 mart.
1005 3845 1038 3904 a⁰
1055 3845 1097 3903 2⁰.
1114 3840 1166 3922 (4,
1185 3839 1287 3922 210').

353 3993 467 4076 666-
1313 4024 1409 4088 1344,
1426 4025 1466 4069 ar
1477 4004 1617 4091 sevrier.
1648 4076 1653 4084 ,

345 4111 433 4196 Sign.
449 4111 614 4177 Gerardus
628 4111 671 4176 de
687 4110 850 4192 Vivario¹,
867 4131 942 4176 can.
958 4110 1041 4175 eccl.
1054 4109 1085 4174 S.
1098 4107 1246 4173 Severini
1260 4107 1446 4189 colonien„
1457 4109 1548 4194 quod
1556 4127 1661 4193 nuper

301 4215 320 4293 J
324 4216 476 4281 ohannes
490 4215 532 4280 de
548 4213 653 4280 Cleve
668 4235 751 4296 can,
768 4217 859 4300 preb.
876 4221 911 4278 et
927 4213 1145 4279 scolastriam.
1161 4212 1243 4278 eccl.
1258 4209 1449 4296 Maguntin.
1476 4231 1561 4294 quos
1586 4229 1662 4296 pos·

302 4318 442 4400 sidebat,
459 4327 494 4383 et
510 4319 598 4384 idem
614 4317 780 4386 Gerardus
798 4338 873 4385 can.
886 4325 922 4382 et
933 4318 1025 4403 preb.
1039 4337 1123 4401 quos
1142 4317 1175 4380 in
1193 4315 1374 4400 Rayssensi
1391 4315 1549 4396 ecclesiis,
1563 4313 1663 4380 Colo·

301 4421 390 4487 nien.
403 4421 499 4504 dioc,
508 4423 684 4489 obtinebat
695 4423 727 4487 in
738 4444 829 4488 man.
842 4421 881 4488 R.
890 4421 927 4486 P.
936 4421 1026 4487 dom.
1037 4420 1214 4501 Johannis,
1227 4420 1328 4507 episc.
1339 4417 1508 4500 Portuen.,
1522 4419 1553 4484 S.
1567 4417 1607 4484 R.
1622 4417 1662 4484 E.

303 4525 434 4606 card.,...
451 4546 550 4592 causa
576 4527 863 4612 permutationis...
881 4529 1111 4613 resignarunt;
1136 4526 1243 4614 suppl.
1260 4525 1349 4594 idem
1366 4521 1532 4588 Gerardus
1548 4530 1663 4607 quat...

333 4729 362 4792 n)
379 4729 434 4779 (nt
448 4731 584 4782 Prcsertim
596 4733 705 4786 nimium
717 4733 860 4796 presertim.
934 4798 940 4804 ι
967 4799 971 4806 Ι

336 4949 357 4996 1.
370 4947 432 4996 Voir
444 4963 469 4997 u.
480 4925 537 4999 31'8.
