3650 5675
303 512 345 577 24
845 507 933 579 1342,
956 506 997 570 29
1014 505 1125 587 juillet

304 663 362 727 vel
374 670 475 728 vacat
478 712 538 727 ......
555 661 735 747 dignemini
751 658 937 746 providere,
953 678 1021 722 non
1050 660 1136 723 obst.
1152 658 1243 742 quod
1270 666 1392 723 canet
1415 664 1506 745 preb.
1521 682 1563 728 ac
1590 682 1669 729 can-

305 766 476 831 cellariam
499 766 532 829 in
560 766 652 832 dicta
679 764 761 831 eccl.
786 764 971 829 Tomacen.
988 770 1023 827 et
1049 782 1124 827 can.
1145 770 1181 827 et
1207 766 1299 847 preb.
1326 764 1445 847 regalis
1465 767 1546 831 eccl.
1569 766 1668 834 Pero-

305 869 425 951 nensiS,
443 867 477 934 N
480 870 644 936 oviomen.
660 868 755 949 dioc,
771 868 921 934 noscitur
935 866 1094 932 obtinere.
1116 902 1148 915 -
1170 865 1249 932 Fiat
1265 866 1320 931 R'.

351 1015 423 1075 117.
449 1006 536 1073 ltem
552 1028 645 1095 supp.
662 1016 752 1093 quat.
769 1006 864 1072 alteri
880 1006 997 1091 nepoti
1012 1026 1073 1071 suo
1095 1004 1230 1070 Andree
1253 1004 1348 1091 Lapi,
1373 1027 1444 1072 can.
1468 1006 1667 1088 Tomacen.,

305 1116 377 1178 bac.
393 1112 427 1177 iu
442 1112 503 1196 leg.
521 1119 556 1177 et
570 1110 758 1177 Aurelianis
785 1118 863 1175 actu
878 1109 1014 1193 legenti,
1031 1109 1074 1173 de
1089 1129 1163 1174 can.
1180 1117 1214 1175 et
1237 1112 1327 1195 preb.
1350 1112 1432 1175 eccl.
1448 1110 1665 1179 Cameracen.

305 1218 339 1281 in
364 1216 461 1282 simili
478 1214 585 1280 forma
608 1212 789 1299 dignemini
816 1212 1002 1298 providere,
1018 1232 1086 1277 non
1111 1215 1194 1277 obst
1221 1212 1313 1296 quod
1328 1214 1361 1277 in
1388 1213 1574 1281 Tomacen.
1591 1237 1666 1282 can.

305 1327 341 1382 et
366 1322 457 1403 preb.
473 1326 508 1384 et
533 1320 567 1383 in
585 1318 782 1402 Blandaing‚
798 1317 984 1382 Tomacen.
1004 1316 1102 1397 dioc,
1126 1316 1275 1382 ecclesiis
1301 1338 1403 1382 unam
1430 1339 1520 1404 perp.
1548 1322 1667 1399 capell.

307 1422 495 1486 obtinet·
514 1422 591 1488 Fiat
608 1422 648 1487 R.

351 1567 424 1627 118.
450 1558 589 1646 Insuper
603 1570 696 1645 quat.
712 1559 807 1625 alteri
823 1560 939 1646 nepoti
956 1580 1016 1625 suo
1032 1558 1050 1637 J
1054 1557 1178 1625 ohanni
1194 1558 1238 1624 de
1260 1559 1457 1644 Galligariis,
1475 1562 1549 1626 cler.
1565 1562 1617 1627 lic.
1633 1564 1666 1626 in

304 1669 363 1727 art.
379 1671 415 1728 et
429 1662 463 1729 in
476 1664 549 1748 jure
565 1664 653 1730 cirili
669 1664 826 1745 studenti,
842 1663 885 1729 de
897 1684 970 1729 can.
986 1671 1021 1729 et
1030 1666 1119 1748 preb.
1133 1664 1213 1728 eccl.
1227 1661 1391 1728 Morinen.
1401 1664 1435 1728 in
1451 1664 1549 1730 simili
1561 1667 1667 1733 tbrma

303 1764 485 1850 dignemini
501 1768 685 1854 providere,
700 1788 769 1834 non
785 1770 868 1834 obst.
885 1767 976 1852 quod
993 1788 1064 1833 can.
1078 1775 1113 1832 et
1124 1770 1213 1851 preb.
1230 1768 1309 1833 eccl.
1320 1767 1503 1833 Tomacen.
1519 1770 1668 1835 noscitur·

304 1870 462 1939 obtinere.
484 1910 516 1920 -
538 1870 616 1937 Fiat
628 1871 667 1938 R.

348 2017 420 2078 119.
446 2010 532 2077 Item
549 2033 641 2098 supp.
658 2022 748 2097 quat
773 2012 868 2077 alteri
892 2011 1009 2097 nepoti
1036 2032 1097 2076 suo
1122 2010 1254 2087 Jacobo
1278 2011 1320 2075 de
1345 2010 1563 2089 Laulredinis,
1588 2014 1665 2077 cler.

301 2113 335 2178 in
358 2114 447 2181 civili
460 2116 534 2201 jure
549 2117 707 2197 studenti,
723 2117 766 2182 de
793 2138 867 2181 can.
884 2126 918 2181 et
943 2120 1032 2202 preb.
1063 2117 1143 2180 eccl.
1167 2115 1352 2181 Tomacen.
1377 2117 1410 2180 iu
1434 2115 1531 2180 simili
1559 2115 1665 2180 forma

300 2216 482 2302 dignemini
498 2221 683 2306 providere,
698 2242 768 2287 non
784 2224 869 2286 obst.
884 2220 977 2305 quod
991 2220 1034 2285 de
1050 2220 1190 2285 Duzella
1206 2220 1300 2285 etde
1316 2219 1432 2285 Laude
1447 2240 1537 2306 perp.
1553 2220 1665 2304 capel-

300 2321 407 2388 lanias
419 2344 460 2391 ac
471 2325 676 2391 decanatum
691 2326 725 2390 in
742 2326 822 2391 eccl.
837 2324 880 2390 de
896 2322 1017 2406 Yeues,
1033 2323 1218 2388 Tomacen.
1235 2323 1333 2404 dioc,
1345 2324 1494 2390 noscitur
1503 2322 1664 2388 obtinere.

306 2462 338 2474 —
361 2427 439 2494 Fiat
455 2429 493 2494 R

345 2573 426 2635 120.
449 2567 537 2633 Item
553 2589 648 2655 supp.
664 2576 754 2657 quat.
770 2589 857 2653 mag.
873 2567 985 2633 Bindo
1006 2567 1049 2632 de
1074 2566 1166 2632 Pillis
1180 2577 1201 2647 ²,
1217 2567 1353 2633 officiali
1379 2586 1440 2631 suo
1466 2566 1664 2645 Tomacen.,

297 2671 331 2735 in
346 2672 407 2757 leg.
424 2670 488 2752 lic,
504 2671 635 2738 decan.
652 2681 687 2738 et
701 2676 793 2758 preb.
809 2673 889 2738 eccl.
905 2671 1103 2751 Tomacen.,
1120 2680 1155 2736 et
1178 2669 1268 2753 quod
1290 2671 1333 2735 sit
1348 2669 1513 2735 secundus
1527 2670 1560 2733 in
1581 2668 1663 2733 data

297 2784 374 2861 post
389 2775 577 2862 predictum
605 2775 625 2855 J
628 2778 772 2843 acobum
788 2775 969 2860 dignemini
986 2773 1171 2860 providere,
1188 2794 1256 2840 nou
1280 2777 1365 2840 obst.
1387 2773 1479 2858 quod
1501 2773 1539 2836 in·
1550 2775 1663 2839 Attre-

296 2883 408 2944 baten.
425 2889 460 2945 et
475 2881 508 2944 in
526 2881 556 2946 S.
580 2881 762 2946 Salvatoris
791 2879 1057 2959 Herlebecensis,
1085 2878 1270 2944 Tomacen.
1295 2879 1391 2957 dioc,
1418 2878 1567 2944 ecclesiis
1590 2898 1662 2943 can.

299 2993 333 3048 et
354 2988 444 3070 preb.
467 2986 615 3049 noscitur
631 2984 790 3050 obtinere.
811 3021 843 3031 -
866 2983 943 3049 Fiat
961 2983 998 3047 R.

345 3127 419 3188 121.
431 3121 518 3187 Item
535 3143 627 3208 supp.
638 3123 786 3208 prelatus
796 3122 897 3206 episc.
908 3130 999 3204 quat.
1009 3142 1080 3206 cap.
1093 3141 1154 3186 suo
1165 3129 1200 3185 et
1210 3121 1390 3186 secretario
1400 3120 1501 3186 Petro
1510 3120 1553 3184 de
1563 3119 1662 3194 Sitiis,

294 3224 424 3308 jamdiu
439 3233 491 3291 est
506 3226 539 3290 in
563 3226 678 3292 ordine
701 3223 879 3291 sacerdotii
901 3225 1095 3305 constituto,
1113 3223 1155 3288 de
1180 3244 1252 3290 can.
1277 3232 1312 3289 et
1326 3227 1416 3310 preb.
1429 3225 1510 3289 eccl.
1534 3221 1662 3288 Nouio-

297 3349 383 3392 men.
400 3329 581 3412 dignemini
604 3329 789 3414 prouidere,
806 3349 874 3394 non
891 3331 974 3393 obst.
997 3328 1088 3412 quod
1110 3329 1143 3392 in
1168 3328 1197 3392 S.
1215 3328 1398 3393 Donatiani
1422 3348 1494 3393 can.
1519 3335 1554 3392 et
1568 3331 1660 3412 preb.

297 3441 332 3496 et
349 3431 381 3495 in
398 3431 427 3496 S.
444 3432 626 3499 Salvatoris
642 3432 827 3516 Brugensis,
844 3431 1030 3498 Tomacen.
1043 3431 1140 3512 dioc,
1154 3431 1303 3497 ecclesiis
1315 3452 1416 3497 unam
1433 3451 1524 3516 perp.
1541 3432 1661 3516 capell.

296 3536 444 3602 noscitur
459 3537 616 3602 obtinere.
638 3573 670 3584 -
693 3535 770 3601 Fiat
787 3536 825 3600 R.

343 3677 419 3738 122.
445 3671 533 3738 Item
549 3694 642 3759 supp.
659 3682 749 3758 quat
766 3674 861 3738 alteri
878 3693 950 3758 cap.
968 3695 1028 3738 suo
1044 3684 1079 3738 et
1090 3675 1223 3740 notario
1235 3674 1254 3752 J
1258 3675 1382 3740 olranni
1398 3673 1441 3738 de
1454 3671 1659 3758 VironrayO,

299 3775 473 3842 Ebroicen.
484 3777 582 3857 dioc,
600 3778 642 3843 de
659 3797 731 3843 can.
748 3785 783 3842 et
798 3779 887 3863 preb.
904 3779 984 3843 eccl.
1003 3777 1176 3844 Ebroicen.
1192 3778 1374 3861 dignemini
1389 3777 1575 3863 providere,
1591 3797 1658 3842 non

297 3881 381 3944 obst.
398 3879 489 3964 quod
503 3881 657 3966 parroch.
673 3881 755 3947 eccl.
768 3879 811 3946 de
821 3880 1028 3961 Duramilla,
1046 3881 1224 3948 Lexorien.
1235 3881 1332 3961 dioc,
1343 3882 1659 3947 nosciturobtinere.

303 4019 334 4032 -·
353 3981 431 4049 Fiat
446 3983 480 4049 in
497 3985 577 4051 eccl.
594 3983 790 4064 Sicliniensi,
806 3983 992 4049 Tomacen.
1008 3985 1095 4050 dioc.
1114 3985 1150 4049 R.

341 4127 418 4187 123.
444 4120 532 4186 Item
558 4143 651 4208 supp.
679 4120 768 4207 quat.
795 4144 855 4188 suo
879 4143 953 4209 cap.
970 4123 1070 4190 Petro
1095 4124 1235 4191 Pariseti
1262 4127 1304 4190 de
1328 4147 1403 4190 carr.
1419 4136 1454 4189 et
1470 4127 1560 4210 preb.
1575 4126 1659 4189 eccl.

298 4222 446 4289 Melden.
463 4225 644 4308 dignemini
671 4226 857 4312 providere,
884 4248 954 4293 non
970 4231 1053 4293 obst.
1077 4229 1168 4312 quod
1192 4230 1343 4315 parroclr.
1360 4229 1439 4294 eccl.
1466 4229 1495 4292 S.
1518 4225 1657 4293 Luciani

296 4326 379 4390 etin
396 4327 427 4391 S.
445 4326 539 4392 Pauli
555 4329 596 4394 de
621 4329 650 4394 S.
675 4325 839 4416 Dyonisio
863 4325 897 4396 et
920 4331 953 4395 in
978 4331 1008 4397 S.
1030 4328 1165 4408 Juliano
1188 4334 1230 4398 de
1253 4335 1347 4399 Saltu
1370 4332 1518 4398 ecclesiis
1534 4353 1607 4397 can.
1623 4345 1658 4397 et

295 4433 385 4515 preb.
409 4431 515 4496 aede
541 4431 647 4498 Malle
673 4444 709 4499 et
734 4434 777 4500 de
800 4435 989 4517 Wassillon‚
1014 4437 1187 4518 Senouen.,
1211 4437 1366 4502 Parisien.
1390 4446 1425 4501 et
1448 4435 1657 4501 Suessionen.

295 4532 392 4613 dioc„
413 4543 593 4620 perpetuas
606 4538 810 4621 capellanias
826 4539 974 4604 noscitur
989 4541 1141 4606 obtinere
1162 4577 1193 4589 -
1215 4542 1268 4604 rel
1285 4541 1318 4604 in
1335 4540 1417 4605 eccl.
1434 4540 1656 4604 Silvanecten.

300 4673 333 4685 -
354 4635 431 4703 Fiat
448 4637 487 4704 R

327 4805 348 4851 l.
360 4803 400 4851 On
421 4807 513 4852 trouve
531 4805 637 4866 (1111),
655 4805 713 4853 112
731 4805 792 4855 date
812 4807 848 4856 du
868 4811 898 4857 10
917 4808 979 4857 aodt
999 4811 1068 4869 1312,
1090 4823 1141 4858 une
1153 4810 1333 4872 suppllquerle
1352 4825 1367 4854 a
1379 4810 1492 4857 jacobus
1511 4781 1604 4871 llalpis
1623 4809 1656 4857 de

291 4875 556 5000 p}lpp}ptiu.serrieus
567 4893 696 4928 armorum
711 4879 779 4931 dom.
789 4884 857 4943 regis
873 4883 982 4933 Francie
993 4887 1020 4933 et
1032 4897 1110 4947 nepos
1127 4884 1237 4945 episcopi
1250 4883 1422 4932 'rourecensis
1438 4898 1450 4927 u
1504 4883 1579 4930 21¹1.
1598 4881 1654 4940 lus,
