3650 5675
286 441 347 503 276
767 426 853 499 1346,
876 424 966 489 15-18
988 425 1160 503 septembre.

289 590 351 655 Ev.
374 587 409 650 in
437 577 650 658 Buscoducis,
679 575 769 640 dicte
792 574 952 641 Leodien.
969 575 1066 656 dioc,
1082 575 1226 642 etiams.
1242 597 1281 657 0.,
1299 578 1391 662 cujus
1404 576 1532 642 fructus
1546 575 1648 641 annui

288 715 308 777 4
323 689 449 756 march.
465 705 532 769 arg.
549 701 714 748 summam
730 701 799 745 non
815 678 993 758 excedunt,
1009 686 1173 764 tanquam
1185 680 1266 764 juris
1281 681 1424 766 ignarus,
1437 681 1519 747 alias
1534 689 1649 746 tamen

289 793 462 872 canonice,
488 785 714 874 pennutavit;
740 782 832 867 quod
853 804 914 869 per
937 792 1017 849 octo
1032 803 1137 848 annos
1152 785 1206 848 vel
1223 783 1310 851 circa
1325 784 1474 873 possedit
1490 793 1525 850 et
1541 783 1651 850 adhuc

290 896 439 985 possidet
464 893 590 957 tructus
615 886 804 987 percipiens
830 907 872 950 ex
899 885 1019 952 ecdem
1046 886 1187 971 pacifice
1211 893 1246 952 et
1273 888 1395 972 quiete,
1412 896 1446 955 et
1469 887 1512 953 ad
1535 907 1653 952 omnes

292 999 424 1066 ordines
448 995 601 1080 majores,
626 993 661 1057 in
685 991 804 1076 quibus
827 1012 886 1077 per
910 990 1048 1056 eosdem
1064 998 1144 1056 octo
1159 1012 1266 1058 annos
1281 991 1493 1073 ministravit,
1510 1012 1555 1073 se,
1571 991 1653 1058 alias

290 1112 411 1170 tamen
421 1101 494 1180 rite,
511 1096 592 1163 iecit
607 1085 808 1182 promoveri.
821 1094 935 1178 Quare
951 1115 1046 1180 supp.
1058 1092 1148 1159 idem
1160 1095 1227 1160 dux
1239 1104 1331 1180 quat.
1344 1096 1416 1176 sibi,
1428 1096 1463 1161 in
1474 1115 1560 1182 pers
1571 1095 1653 1160 dicti

291 1205 442 1285 Arnoldi,
459 1223 548 1288 spec.
564 1220 611 1285 gr.
626 1198 797 1278 facientes,
821 1217 958 1261 omnem
982 1197 1201 1262 inhabilitatis
1224 1202 1258 1264 et
1280 1199 1417 1264 infamie
1433 1198 1609 1278 maculam,
1626 1197 1653 1262 si

292 1331 392 1396 quam
408 1306 645 1394 premissorum
660 1301 837 1368 occasione
853 1301 1031 1381 contraxit,
1044 1300 1227 1384 abolentes
1240 1323 1317 1368 eum
1328 1311 1366 1368 ut
1377 1303 1466 1390 prius
1477 1302 1653 1368 habilitare

294 1433 334 1479 ac
350 1432 464 1478 secum
480 1428 578 1494 super
599 1405 777 1492 premissis,
799 1404 899 1488 quod,
916 1404 1105 1489 hujusmodi
1120 1403 1186 1470 def.
1202 1406 1340 1491 aliisque
1357 1404 1514 1492 predictis
1529 1425 1653 1490 nequa-

293 1537 393 1602 quam
419 1517 515 1594 obst,
537 1513 571 1576 in
594 1510 756 1595 susceptis
776 1529 836 1594 per
856 1507 943 1589 euni,
960 1516 997 1573 ut
1022 1509 1213 1594 predicitur,
1230 1510 1398 1576 ordinibus
1414 1510 1599 1576 ministrare
1614 1530 1654 1576 ac

293 1619 482 1707 predictum
496 1617 602 1683 altare
618 1613 650 1679 S.
666 1613 823 1693 Barbare,
837 1611 959 1678 virtute
975 1613 1065 1678 dicte
1077 1614 1332 1699 permutationis
1344 1618 1530 1696 obtentum,
1541 1621 1575 1680 et
1586 1614 1655 1689 duo
1731 1635 1733 1640 ·

293 1724 359 1788 alia
373 1726 450 1788 ben.
466 1721 558 1800 eccl,
569 1718 672 1783 etiarn
687 1717 713 1781 si
729 1716 786 1780 uni
801 1715 935 1782 illorum
951 1737 1029 1782 cura
1046 1717 1235 1782 immineret
1252 1718 1448 1798 animarum,
1461 1719 1487 1784 si
1501 1719 1582 1784 alias
1593 1718 1653 1783 sibi

293 1825 455 1892 canonice
472 1823 696 1903 conferantur,
712 1820 815 1885 libere
830 1821 978 1906 recipere
995 1828 1030 1885 et
1045 1820 1177 1886 insimul
1193 1821 1284 1887 licite
1299 1823 1451 1902 retinere,
1462 1843 1501 1888 ac
1511 1822 1581 1908 ipsa
1595 1843 1655 1908 pro

293 1931 365 1996 aliis
379 1929 550 1995 beneficiis
565 1927 670 1992 semel
684 1933 720 1991 et
735 1925 857 2011 pluries
870 1931 1063 2009 permutare
1078 1925 1199 2005 valeat,
1223 1934 1312 1991 auct.
1333 1932 1440 2011 apost.
1464 1925 1654 2012 dispensare

294 2033 486 2119 dignemini,
510 2030 628 2115 quavis
658 2020 907 2095 constitutione
925 2028 1092 2093 contraria
1116 2049 1185 2094 non
1210 2032 1318 2109 obst.;
1346 2029 1470 2095 fructus
1496 2050 1537 2094 ex
1563 2029 1655 2095 dicto

294 2137 389 2203 altari
405 2136 436 2201 S.
453 2135 608 2225 Barbare,
633 2140 671 2197 ut
693 2132 906 2218 premittitur,
922 2139 1100 2217 perceptos
1116 2133 1209 2199 sibi...
1225 2134 1446 2199 remittentes.
1462 2174 1505 2183 —
1526 2132 1655 2199 Habili-

293 2250 415 2320 tamus,
442 2239 675 2323 dispensamus
700 2243 736 2300 et
761 2234 987 2321 providemus,
1004 2243 1038 2300 et
1054 2234 1179 2301 fructus
1194 2244 1372 2323 perceptos
1387 2237 1597 2302 remittimus.
1616 2237 1655 2302 R.

275 2392 278 2401 .
330 2343 419 2407 Dat.
435 2341 533 2405 Avin.
554 2360 591 2425 17
607 2340 674 2405 kal.
690 2347 758 2406 oct.
774 2347 807 2405 a⁰
824 2347 866 2424 5⁰.
884 2341 957 2422 (12,
972 2339 1040 2424 37).

350 2478 497 2564 1063.
1254 2491 1348 2575 1546,
1366 2479 1409 2573 ις
1424 2492 1613 2577 septembre.
1696 2479 1699 2482 ¹

339 2596 440 2683 Supp.
458 2595 646 2674 Godfridus,
663 2595 764 2682 episc.
780 2595 1009 2679 Osnaburgen.
1028 2609 1048 2674 ¹,
1065 2603 1156 2680 quat.
1176 2594 1210 2681 [J
1215 2595 1347 2675 ohanni,
1364 2603 1448 2660 nato
1464 2593 1600 2659 Lufardi
1615 2593 1657 2658 de

296 2701 433 2767 Grifone
462 2717 484 2782 ²,
516 2701 593 2766 cler.
624 2699 809 2778 Colonien,
840 2718 900 2763 suo
931 2697 1021 2784 cap]
1051 2697 1093 2762 de
1123 2719 1199 2763 can.
1215 2699 1302 2764 eccl.
1333 2697 1388 2763 SS.
1419 2685 1656 2784 Apostolorum

209 2835 214 2846 »
296 2805 469 2872 Colonien.
492 2804 674 2889 dignemini
696 2801 871 2890 providere
887 2809 922 2867 et
937 2803 1028 2888 preb.
1045 2822 1223 2883 reservare,
1240 2823 1308 2868 non
1325 2805 1410 2868 obst.
1427 2801 1517 2886 quod
1532 2821 1605 2867 can.
1621 2809 1656 2865 et

295 2914 386 2996 preb.
402 2912 436 2975 in
452 2912 533 2976 eccl.
553 2908 628 2996 [de]
649 2908 787 2994 Syttert,
801 2906 960 2972 Leodien.
973 2906 1070 2987 dioc,
1081 2914 1116 2971 et
1127 2909 1219 2992 preb.
1236 2906 1508 2983 subdiaconalem
1523 2905 1556 2968 in
1572 2904 1653 2969 eccl.

296 3035 335 3078 xr
354 3014 496 3079 millium
512 3013 676 3097 virginum
691 3012 840 3077 noscitur
854 3012 1016 3077 obtinere.
1038 3048 1070 3059 —
1093 3010 1168 3076 Fiat
1184 3010 1224 3077 R.

340 3117 420 3182 Dat.
436 3116 534 3181 Avin.
556 3133 592 3200 17
608 3114 677 3181 kal.
693 3125 760 3182 oct.
777 3123 811 3181 a⁰
828 3123 869 3200 5⁰.
887 3115 959 3201 (12,
978 3117 1060 3201 37l).

352 3252 500 3336 1064.
1257 3256 1351 3350 1316,
1369 3268 1410 3331 18
1425 3266 1615 3352 septembre.
1731 3282 1733 3286 ’

342 3370 432 3455 Sign.
454 3368 623 3435 Henricus
637 3368 680 3433 de
695 3367 814 3433 Salinis
828 3373 851 3448 ⁸,
867 3376 902 3433 et
920 3367 1087 3433 Henricus
1110 3368 1209 3435 Canis
1224 3370 1267 3435 de
1283 3369 1445 3451 Bisuntio,
1469 3368 1559 3454 quod
1582 3388 1659 3435 curn
1822 3400 1823 3418 1

297 3476 369 3561 ipsi,
380 3473 538 3539 videlicet
555 3471 722 3537 Henricus
730 3471 773 3537 de
786 3471 916 3552 Salinis,
932 3492 993 3558 per
1004 3480 1133 3539 certum
1149 3474 1219 3557 ejus
1234 3481 1495 3561 procuratorem,
1506 3474 1659 3559 parroch.

298 3580 379 3646 eccl.
404 3578 447 3644 de
471 3578 638 3661 Sarcleyo,
664 3575 823 3642 Parisien.
848 3576 946 3656 dioc,
972 3585 1007 3642 et
1032 3576 1200 3643 Henricus
1224 3577 1335 3659 CaniS,
1360 3575 1512 3663 predicti,
1539 3594 1599 3663 per
1624 3596 1660 3641 se

298 3684 416 3769 ipsum,
433 3681 550 3766 capell.
563 3700 655 3765 perp.
667 3678 698 3744 S.
711 3676 856 3769 Marthe,
873 3680 973 3744 sitam
988 3680 1021 3744 in
1038 3680 1120 3746 eccl.
1137 3680 1175 3746 B.
1194 3680 1243 3749 M.
1260 3679 1465 3767 Magdalene
1482 3678 1659 3756 Bisuntin,

175 3799 178 3802 ’
299 3807 341 3850 en
357 3785 455 3851 certis
482 3792 516 3848 et
540 3783 790 3849 rationabilibus
806 3784 912 3849 causis
928 3786 1030 3849 etiam
1046 3785 1135 3870 apud
1150 3785 1264 3852 sedem
1277 3794 1386 3872 apost.
1402 3785 1602 3851 affectantes
1617 3784 1660 3849 ad

299 3888 444 3954 invicem
468 3895 668 3973 permutare,
685 3894 719 3950 et
735 3886 855 3951 eadem
870 3890 957 3969 ben,
974 3910 1016 3953 ex
1032 3909 1131 3954 causa
1145 3888 1403 3976 permutationis
1419 3887 1609 3973 hujusmodi
1625 3893 1660 3952 et

299 4013 367 4057 non
384 3992 477 4073 alias,
493 3991 527 4055 in
543 3990 697 4055 manibus
713 3990 753 4055 R.
767 3989 803 4056 P.
819 3990 910 4057 dom.
924 3992 1095 4078 Stephani,
1107 3994 1138 4060 S.
1155 3993 1266 4059 Pontii
1279 3992 1533 4059 Thomeriarum
1545 3991 1659 4077 episc,

299 4102 387 4160 auct.
404 4103 512 4180 apost.
530 4093 780 4177 resignaverint,
795 4093 952 4179 idemque
968 4094 1059 4161 dom.
1076 4096 1176 4182 episc.
1192 4097 1452 4183 resignationem
1467 4093 1657 4181 hujusmodi

300 4198 342 4263 de
358 4197 493 4284 speciali
509 4197 671 4263 mandato
686 4218 784 4283 super
799 4197 865 4263 lroc
880 4219 940 4284 per
955 4199 986 4265 S.
1004 4198 1043 4266 V.
1059 4200 1119 4265 sibi
1135 4201 1225 4267 facto
1240 4202 1379 4288 recepit.

344 4300 455 4383 Quare
471 4321 565 4386 supp.
582 4309 674 4384 quat.
690 4301 842 4385 parroch.
859 4304 942 4368 eccl.
958 4303 1000 4369 de
1016 4304 1176 4390 Sarcleyo
1194 4304 1345 4372 Henrico
1361 4304 1471 4385 Canis
1488 4312 1523 4369 et
1538 4302 1659 4389 capell.

299 4403 468 4489 predictas
496 4403 646 4469 Henrico
671 4404 714 4468 de
741 4403 858 4470 Salinis
878 4406 1046 4491 predictis,
1062 4428 1122 4493 per
1136 4408 1397 4493 resignationem
1413 4407 1609 4494 premissam
1625 4414 1661 4471 et

300 4507 403 4573 etiam
418 4527 482 4593 per⁴
500 4507 760 4572 reservationem
783 4507 814 4573 S.
831 4507 870 4573 V.
887 4509 964 4574 inde
987 4508 1122 4593 factam,
1146 4532 1230 4593 vac,
1255 4518 1344 4578 auct.
1370 4520 1489 4598 apost,
1511 4510 1613 4576 etiam
1634 4507 1660 4573 si

330 4697 359 4758 a)
371 4696 412 4744 011
423 4696 539 4759 pourratt
551 4696 596 4744 lire
607 4694 760 4758 80111111ψὶ
773 4696 873 4757 Kirecb,
888 4696 963 4755 Kell,
978 4700 1029 4759 39),
1042 4698 1141 4749 Salutis
1152 4713 1185 4747 ou
1197 4698 1301 4753 Solvite.

330 4866 352 4914 l.
364 4862 502 4914 Godeiroid
518 4865 681 4927 d'Arnsberg.
692 4892 725 4901 —
735 4868 759 4915 2.
771 4865 871 4925 Kirech,
885 4866 960 4925 mett,
975 4869 1030 4917 330.
