3650 5675
272 466 334 529 570
831 464 912 536 1851,
937 466 977 529 20
995 465 1072 545 juin.

271 640 346 683 cum
364 619 598 704 supplemento
608 618 709 704 ipsius
721 617 871 700 ecclesie,
884 638 950 683 una
964 640 1041 685 cum
1052 618 1227 703 dignitate,
1240 627 1423 705 personatu
1440 619 1495 683 vel
1507 617 1629 699 officio,

272 743 301 789 c.
325 742 353 789 c.
380 724 433 787 vel
468 743 492 787 s.
517 742 546 787 c.
580 720 709 787 etiamsi
735 721 778 787 ad
805 722 904 802 illam,
930 722 1023 787 illum
1050 723 1104 786 vel
1131 721 1212 788 illud
1239 722 1450 789 consueverit
1474 722 1547 806 quis
1572 742 1631 807 per

271 826 472 893 electionem
489 826 621 906 assumi,
638 825 664 890 si
680 846 769 891 nunc
784 834 920 907 vacant,
937 826 991 890 vel
1007 846 1082 891 cum
1100 827 1133 890 in
1149 828 1291 893 ecclesia
1309 827 1460 913 predicta
1476 834 1534 891 aut
1551 845 1630 910 qua-

272 949 403 1014 cunque
419 930 484 994 alia
500 929 533 993 in
550 929 688 995 civitate
704 931 758 994 vel
774 928 861 996 dioc.
877 928 1076 1010 Tomacen.,
1093 938 1152 995 aut
1174 929 1264 1016 apud
1279 931 1394 997 sedem
1409 938 1517 1016 apost.
1533 929 1631 995 simul

269 1035 324 1099 vel
341 1034 527 1101 successive
539 1034 743 1115 vacaverint,
760 1043 818 1099 aut
834 1035 860 1099 si
876 1034 944 1117 illa,
960 1035 1016 1100 ille
1041 1034 1096 1099 vel
1112 1034 1193 1099 illud
1209 1035 1443 1101 consueverint
1458 1054 1518 1120 per
1529 1054 1630 1100 cano-

270 1138 382 1205 nicum
406 1140 460 1203 vel
483 1159 553 1205 non
577 1140 778 1205 canonicum
794 1138 982 1225 Trajecten.
1005 1137 1179 1224 gubernari
1193 1160 1202 1217 ;
1218 1138 1470 1223 quibuscunque
1484 1158 1631 1203 reserva·

270 1242 416 1308 tionibus
438 1242 648 1327 generalibus
671 1243 725 1308 vel
749 1242 949 1330 specialibus
970 1243 1066 1309 factis
1081 1243 1135 1306 vel
1152 1241 1311 1307 faciendis
1325 1262 1394 1309 non
1410 1242 1629 1336 obstantibus,

270 1343 452 1431 dignemini
468 1345 643 1431 providere
657 1369 664 1427 ;
682 1345 914 1433 dispensantes
927 1368 968 1411 ex
980 1346 1122 1412 uberiori
1135 1344 1226 1411 dono
1237 1346 1342 1430 gratie
1355 1366 1432 1412 cum
1444 1346 1527 1431 ipso,
1540 1345 1630 1429 quod

270 1449 459 1536 hujusmodi
474 1449 684 1536 dignitatem,
701 1458 918 1536 personatum
934 1452 989 1516 vel
1005 1449 1152 1516 officium
1165 1470 1319 1515 unacum
1334 1448 1470 1514 abbatia
1481 1447 1630 1535 predicte

270 1553 410 1620 ecclesie
436 1553 671 1635 Cennacensis,
696 1574 761 1639 que
788 1562 838 1621 est
865 1555 1010 1640 dignitas
1030 1554 1055 1620 s'.
1078 1576 1117 1635 c.,
1140 1553 1289 1640 recipere
1305 1561 1340 1618 et
1355 1552 1499 1618 retinere
1514 1553 1629 1639 possit,

270 1658 511 1725 constitutione
527 1679 727 1744 quacunque
743 1661 908 1726 contraria
924 1681 993 1727 non
1005 1662 1102 1741 obst,
1113 1667 1148 1725 et
1160 1660 1226 1724 suis
1234 1658 1406 1724 beneficiis
1415 1679 1479 1742 que
1489 1658 1630 1743 obtinet,

269 1782 335 1847 que
350 1762 532 1847 dignemini
549 1784 590 1828 ex
606 1772 697 1830 certa
713 1764 853 1830 scientia
870 1765 994 1831 habere
1009 1784 1071 1850 pro
1087 1764 1259 1850 expressis.
1278 1800 1310 1811 -
1331 1762 1409 1828 Fiat
1421 1762 1464 1828 de
1480 1782 1554 1827 can.
1569 1764 1629 1826 sub

269 1888 345 1955 exp.
360 1871 463 1954 preb,
479 1867 663 1953 dignitatis,
681 1867 793 1949 officii,
809 1876 1008 1955 personatus
1028 1876 1093 1934 etc.
1110 1868 1144 1932 in
1161 1866 1268 1933 forma
1285 1867 1326 1933 R.

313 1972 392 2040 Dat.
409 1973 507 2039 Avin.
528 1994 564 2057 13
581 1971 647 2039 lral.
659 1973 732 2059 julii
747 1980 781 2040 a⁰
800 1981 861 2042 10⁰.
879 1974 951 2060 (21,
969 1976 1053 2059 38').

322 2092 464 2177 2199.
1336 2126 1431 2192 1351,
1448 2128 1490 2172 20
1499 2104 1587 2188 juin.

314 2210 415 2297 Supp.
438 2208 694 2276 Bartholomeus
709 2211 751 2277 de
767 2212 925 2279 Boscario
941 2224 959 2293 ¹,
975 2212 1077 2278 vestri
1093 2212 1175 2278 sacri
1194 2212 1307 2297 palatii
1324 2210 1465 2293 auditor,
1482 2219 1572 2295 quat.
1587 2210 1631 2276 de

271 2336 345 2381 can.
370 2324 405 2381 et
428 2317 530 2402 preb,
546 2334 630 2399 quos
657 2313 818 2383 Matheus
832 2316 875 2382 de
902 2316 1080 2383 Colrarello
1096 2316 1228 2382 obtinet
1242 2316 1276 2380 in
1292 2316 1375 2381 eccl.
1390 2315 1591 2380 Ambianen.
1609 2327 1630 2394 ²,

271 2420 441 2487 collationi
457 2420 544 2486 sedis
558 2426 666 2507 apost.
682 2421 865 2503 reservatis,
882 2442 959 2487 cum
974 2442 1034 2508 per
1049 2420 1282 2487 uxorationem
1293 2420 1347 2484 vel
1363 2418 1517 2485 militiam
1529 2418 1632 2505 ipsius

272 2521 412 2605 Mathei,
429 2524 482 2589 vel
499 2523 580 2589 alias
596 2544 696 2608 quarn
712 2543 772 2610 per
783 2532 927 2591 mortem
939 2545 1060 2591 vacare
1069 2524 1258 2610 contigerit,
1268 2523 1379 2590 eidem
1391 2523 1631 2590 Bartholomeo

269 2628 451 2715 dignemini
468 2628 642 2715 providere
655 2650 663 2707 ;
681 2648 749 2693 non
766 2631 851 2695 obst.
867 2630 977 2714 aliqua
988 2629 1235 2715 permutatione
1250 2636 1328 2714 post
1342 2627 1467 2695 dictam
1482 2648 1631 2694 reserva-

269 2732 397 2799 tionem
412 2733 455 2799 de
471 2733 518 2799 eis
534 2735 659 2817 absque
676 2731 766 2798 dicte
782 2733 869 2800 sedis
889 2734 1090 2799 auctoritate
1105 2733 1203 2815 facta,
1219 2733 1274 2798 vel
1290 2734 1509 2819 inposterum
1525 2733 1630 2798 etiarn

269 2839 418 2923 ejusdem
434 2839 521 2905 sedis
536 2838 739 2905 auctoritate
755 2839 918 2920 facienda,
929 2859 987 2904 seu
999 2839 1089 2924 quod
1105 2835 1195 2903 idem
1211 2836 1468 2905 Bartholomeus
1482 2839 1631 2925 preposi-
1711 2896 1718 2908 .

269 2950 380 3008 turam
396 2942 428 3008 S.
444 2942 533 3008 Petri
558 2941 770 3024 CasletensiS,
795 2941 963 3009 Morinen.
988 2942 1086 3023 dioc,
1103 2962 1143 3009 ac
1158 2941 1429 3028 penitentiariam
1445 2963 1521 3008 curn
1537 2945 1630 3028 preb.

270 3045 303 3111 in
330 3043 507 3126 Morinen.,
525 3054 558 3110 et
575 3048 634 3111 sub
651 3066 726 3131 exp.
743 3048 834 3132 preb.
851 3055 886 3112 et
909 3045 1011 3112 officii
1026 3067 1095 3113 non
1111 3046 1215 3112 curati
1232 3047 1265 3111 in
1281 3045 1453 3113 Pictaven.
1480 3047 1631 3112 ecclesiis

270 3148 488 3215 canonicatus
516 3148 665 3214 noscitur
695 3148 873 3230 obtinere;
905 3169 983 3215 cum
1020 3150 1094 3215 aliis
1131 3151 1294 3229 clausulis,
1326 3159 1360 3215 et
1397 3150 1631 3216 executoribus

270 3253 453 3340 oportunis.
469 3293 511 3302 -
528 3251 606 3317 Fiat
623 3251 663 3316 R.
1582 3278 1584 3281 ·

312 3358 390 3423 Dat.
407 3358 507 3424 Avin.
528 3377 563 3421 12
580 3356 646 3421 kal.
661 3357 733 3441 julii
750 3365 784 3422 a⁰
803 3367 864 3422 10⁰.
881 3359 953 3441 (21,
972 3360 1052 3443 35*’).

319 3476 629 3561 2200-2201.
1329 3512 1424 3575 1351,
1445 3514 1486 3557 20
1495 3491 1584 3574 juin.

311 3596 412 3684 Supp.
428 3597 447 3674 J
451 3598 575 3664 acobus
590 3597 780 3663 Wastebles
796 3608 816 3674 ³,
844 3595 982 3660 clericus
1004 3593 1203 3676 Tomacen.,
1221 3603 1313 3680 quat.
1328 3595 1390 3661 sibi
1405 3595 1447 3662 de
1463 3596 1629 3663 decanatu

266 3721 305 3766 ac
322 3721 397 3767 can.
413 3710 448 3767 et
463 3705 555 3787 preb.
573 3702 714 3767 ecclesie
730 3699 762 3765 S.
779 3698 868 3764 Petri
885 3697 1105 3778 Cominensis,
1122 3697 1311 3766 Tomacen.
1327 3699 1424 3780 dioc,
1440 3703 1627 3783 reservatis,

266 3826 341 3872 vac.
372 3805 462 3892 apud
491 3805 605 3872 sedern
637 3811 745 3892 apost.
776 3823 835 3886 per
866 3805 920 3869 ob.
949 3802 1097 3888 magistri
1130 3801 1275 3891 Philippi
1303 3803 1451 3886 Roberti,
1479 3805 1559 3871 alias
1584 3805 1628 3872 de

270 3908 422 3991 Parisius,
450 3909 569 3976 decani
594 3909 695 3997 ipsius
720 3906 871 3987 ecclesie,
896 3914 990 3972 extra
1006 3905 1104 3973 Rom.
1121 3906 1245 3973 curiam
1260 3905 1419 3989 defuncti,
1445 3908 1627 3994 dignemini

268 4012 445 4098 providere
460 4035 469 4093 ;
495 4033 563 4078 nou
579 4016 665 4080 obst.
681 4009 853 4078 beneficiis
868 4009 902 4076 in
919 4010 1116 4076 cancellaria
1134 4009 1368 4096 exprimendis,
1385 4030 1425 4079 ac
1441 4013 1628 4080 executori-

268 4115 612 4182 mmm-ffimR

313 4236 421 4303 2201.
438 4237 525 4304 Item
541 4236 560 4315 J
564 4237 687 4304 obanni
705 4237 841 4320 Pietart,
856 4237 1042 4325 presbitero
1053 4235 1251 4320 Tomacen.,
1264 4237 1306 4304 de
1317 4239 1469 4325 parroch.
1486 4240 1628 4308 ecclesia

268 4340 300 4406 S.
329 4339 512 4406 Katherine
538 4341 713 4408 Tornacen
738 4359 760 4423 ⁴,
785 4349 964 4422 reservata,
992 4362 1065 4408 vac.
1092 4362 1152 4428 per
1176 4345 1230 4408 ob.
1256 4340 1420 4421 Jobannis
1447 4342 1628 4431 Fronguet,

268 4443 450 4528 dignemini
482 4446 679 4532 providere3
718 4466 786 4513 non
824 4450 911 4514 obst.
942 4446 1033 4531 quod
1071 4447 1239 4531 quandam
1275 4467 1367 4534 perp.
1406 4450 1629 4537 capellaniam

268 4547 409 4614 obtinet.
425 4589 468 4598 —-
485 4548 560 4616 Fiat
577 4549 617 4616 R.

313 4651 390 4718 Dat.
407 4653 506 4718 Avin.
528 4675 563 4718 12
581 4653 647 4720 kal.
661 4654 733 4739 julii
750 4663 783 4720 a⁰
804 4663 863 4721 10⁰.
881 4655 952 4739 (21,
971 4657 1047 4740 35V).

304 4831 560 4882 1101111163.-
583 4838 605 4883 2.
619 4835 680 4882 l'oir·
692 4850 717 4883 n.
731 4836 842 4883 2171-
863 4839 884 4885 3.
897 4836 959 4884 Voir
970 4851 995 4885 n.
1008 4839 1077 4893 2187,
1092 4840 1163 4887 2190.
1175 4865 1207 4876 -
1227 4841 1249 4886 1.
1263 4839 1312 4884 vo<
1333 4839 1481 4901 (Paratae.
1496 4841 1514 4895 l,
1528 4856 1553 4903 p.
1568 4843 1629 4899 1111)

272 4907 322 4953 cite
335 4919 370 4952 un
382 4906 447 4954 ..leun
459 4907 593 4956 d’nvelam
607 4907 667 4956 cure
679 4923 710 4958 en
725 4911 794 4957 13311.
