3650 5675
293 461 357 526 396
808 458 898 532 1349,
920 457 1009 522 13-15-
1023 457 1150 538 janvier.

338 603 824 692 1477.·1temqu0d.Jacobo
848 602 1014 684 Falconis,
1040 605 1163 670 clerico
1185 605 1386 672 Ambianen.
1403 606 1500 688 dioc,
1525 610 1653 674 cantori

293 713 421 799 capelle
437 732 505 793 sue,
520 711 563 778 de
578 710 755 778 ben-eccl.
771 708 816 774 ad
830 709 939 774 coll...
956 709 1098 775 ecclesie
1115 708 1153 776 B.
1180 707 1230 776 M.
1257 708 1515 793 Courtracensis,
1540 713 1657 798 digne·

293 817 376 881 mini
400 815 589 902 providere.

340 969 443 1030 1478.
461 961 589 1028 Item...
603 967 699 1047 'quat
715 959 869 1027 familiari
885 980 946 1025 suo
962 959 1101 1044 antiquo
1117 958 1287 1028 Bernardo
1299 961 1460 1046 Stephani
1478 963 1656 1048 Raynaldi,

294 1067 416 1133 clerico
432 1065 670 1131 Carcassonen.
683 1064 782 1145 dioc,
797 1063 999 1130 beneficium
1015 1062 1149 1130 eccl.ad
1164 1065 1282 1130 coll...
1303 1064 1496 1131 monasterii
1507 1065 1538 1131 S.
1548 1064 1655 1130 Trini-

293 1170 374 1261 tatis
390 1169 633 1236 Fiscanensis...
650 1167 837 1254 'dignemini
853 1187 1053 1233 reservare...
1067 1190 1075 1247 ;
1089 1188 1157 1233 non
1174 1171 1259 1234 obst.
1276 1169 1367 1253 quod
1381 1167 1529 1234 officium
1541 1169 1656 1235 matri-

294 1274 416 1340 cularie
442 1295 467 1340 s.
483 1281 514 1340 c.
540 1274 575 1339 in
600 1275 682 1340 eccl.
708 1273 740 1338 S.
769 1270 907 1338 Martini
938 1271 981 1336 de
1012 1272 1121 1354 Alost,
1151 1271 1366 1340 Cameraoen
1387 1273 1485 1355 dioc,
1508 1275 1656 1340 noscitur

294 1378 457 1444 obtinere.
480 1418 524 1427 -
547 1375 626 1443 Fiat
642 1375 684 1442 R.

337 1482 416 1546 Dat.
431 1481 534 1546 Avin.
549 1480 595 1547 id.
606 1481 738 1566 januar.
754 1487 788 1545 a⁰
805 1487 847 1564 7⁰.
864 1480 933 1562 (16,
954 1480 1057 1562 100').

341 1595 492 1708 ¹1479.
722 1697 726 1701 ,
1308 1658 1404 1722 1349,
1420 1658 1457 1723 τ]
1469 1638 1614 1722 ybnvr'er.

339 1744 441 1830 Supp.
454 1740 648 1822 Anibaldus,
671 1741 773 1827 episc.
789 1739 1009 1822 Tusculanus,
1025 1748 1118 1825 quat.
1135 1740 1260 1808 Simoni
1280 1741 1446 1824 Bonnelli,
1472 1743 1658 1829 presbitero

297 1846 623 1926 Cameracendioc,
639 1845 816 1931 capellano
826 1852 862 1909 et
877 1843 1030 1909 familiari
1047 1864 1108 1910 suo
1130 1844 1328 1927 domestico,
1344 1846 1520 1932 providere
1543 1847 1659 1932 digne·

296 1951 378 2016 mini
393 1950 435 2016 de
451 1971 525 2016 can.
540 1957 576 2014 et
590 1951 683 2035 preb.
699 1948 840 2014 ecclesie
857 1948 934 2014 coll.
951 1946 1209 2030 Rothnacensis,
1222 1948 1313 2015 dicte
1328 1948 1426 2031 dioc,
1436 1970 1511 2018 vac.
1526 1951 1569 2017 ad
1583 1972 1659 2037 pre·

296 2075 373 2120 sens
388 2055 422 2118 in
439 2054 530 2119 curia
545 2073 605 2139 per
619 2051 879 2137 resignationem
894 2052 996 2137 ipsius
1011 2052 1161 2138 episcopi
1178 2052 1307 2118 factam·
1327 2053 1362 2118 in
1377 2054 1531 2119 manibus
1549 2054 1581 2119 S.
1594 2053 1633 2119 V.
1648 2078 1657 2134 ;

296 2178 365 2223 non
388 2159 475 2223 obst.
491 2156 582 2242 quod
607 2157 642 2221 in
670 2155 909 2221 canonicatum
937 2164 972 2220 et
998 2158 1091 2241 preb.
1115 2157 1197 2221 eccl.
1214 2155 1246 2220 S.
1262 2155 1438 2242 Gaugerici
1456 2155 1658 2236 Haltrensis,

295 2262 385 2328 dicte
401 2262 499 2342 dioc,
512 2263 566 2347 jus
581 2261 716 2340 habeat,
732 2261 813 2325 licet
827 2262 869 2325 ab
882 2259 950 2325 alio
962 2259 1005 2324 de
1021 2260 1113 2326 facto
1128 2261 1284 2347 occupati
1300 2260 1600 2329 dicantur-*Fiat
1617 2261 1660 2327 R.

340 2366 420 2432 Dat.
431 2366 533 2432 Avin.
550 2365 594 2432 id.
607 2366 739 2451 januar.
754 2370 794 2429 a⁰.
804 2370 846 2446 7⁰.
863 2363 934 2447 (16,
956 2367 1055 2446 101').

329 2527 333 2534 ’
351 2511 496 2595 148οἑ
1307 2544 1403 2608 1349,
1420 2543 1461 2606 15
1470 2522 1615 2606 janvr'er.

341 2630 429 2716 Sign.
446 2630 477 2694 S.
493 2627 534 2694 V.
551 2629 783 2713 Engelbertus,
799 2627 977 2712 episcopus
992 2625 1163 2708 Leodien,
1179 2627 1270 2711 quod
1284 2627 1365 2692 alias
1380 2627 1470 2693 cives
1494 2627 1660 2694 Leodien-

297 2753 350 2801 ses
365 2755 405 2800 ac
415 2733 577 2799 nonnulle
594 2732 857 2798 communitates
875 2729 1059 2816 opidorum
1076 2738 1111 2795 et
1125 2731 1280 2796 villarum
1297 2730 1492 2796 Leodiensis
1507 2730 1661 2812 diocesis,

297 2840 453 2905 homines
468 2846 503 2903 et
518 2835 641 2903 subditi
657 2835 738 2902 dicti
755 2835 904 2922 episcopi
931 2843 967 2900 et
993 2834 1134 2900 ecclesie
1159 2833 1363 2915 Leodiensis,
1381 2844 1498 2901 contra
1514 2835 1660 2901 eundem

298 2942 493 3028 episcopum
509 2947 544 3004 et
559 2938 686 3005 dictam
702 2938 889 3018 ecclesiam,
907 2936 1038 3003 cervice
1050 2937 1240 3003 rebellionis
1250 2946 1285 3003 et
1294 2938 1522 3004 inobedientie
1537 2947 1661 3018 erecta,

298 3066 334 3110 se
350 3043 460 3110 eidem
476 3042 635 3129 episcopo
651 3051 686 3108 et
702 3042 844 3108 ecclesie
860 3048 1082 3127 opponentes,
1098 3042 1260 3107 nonnulla
1273 3049 1383 3107 castra
1405 3049 1439 3106 et
1455 3042 1661 3109 munitiones

301 3147 403 3233 ipsius
418 3146 567 3231 episcopi
583 3153 617 3212 et
631 3144 773 3211 ecclesie
789 3165 892 3210 manu
907 3144 1021 3210 hostili
1037 3144 1217 3225 diruerunt,
1223 3143 1371 3210 redditus
1386 3165 1519 3229 quoque
1535 3154 1569 3211 et
1584 3167 1661 3232 pro·

302 3258 424 3315 ventus
440 3270 481 3315 ac
496 3248 561 3315 alia
576 3252 666 3315 bona
690 3249 772 3315 dicti
797 3249 946 3335 episcopi
972 3257 1007 3314 et
1023 3249 1173 3329 ecclesie,
1195 3258 1295 3335 prout
1316 3256 1484 3334 poterant,
1497 3249 1662 3315 violenter

302 3362 483 3439 rapuerunt
497 3361 531 3418 et
546 3356 782 3420 subtraxerunt
796 3352 959 3433 eidem‚ac
974 3352 1039 3417 alia
1047 3352 1197 3437 dampna
1212 3352 1354 3437 plurima
1365 3359 1399 3417 et
1415 3352 1549 3437 injurias
1563 3352 1663 3420 dictis

301 3458 461 3543 episcopo
473 3465 507 3522 et
523 3458 665 3523 ecclesie
680 3457 824 3541 graviter
841 3456 1034 3535 intulerunt,
1051 3463 1187 3541 propter
1202 3455 1293 3540 quod
1309 3454 1399 3519 idem
1414 3455 1601 3543 episcopus,
1618 3458 1662 3523 ad

299 3562 522 3627 resistendum
536 3562 641 3627 tantis
656 3561 782 3646 injuriis
798 3568 832 3625 et
842 3559 1012 3625 violentiis
1024 3567 1059 3624 et
1075 3559 1118 3625 ad
1133 3558 1380 3627 defendendum
1407 3559 1533 3625 dictam
1553 3560 1662 3625 eccle-

299 3665 384 3730 siam
409 3674 444 3730 et
465 3666 540 3750 jura
567 3664 727 3750 ejusdem,
752 3665 852 3730 subiit
878 3664 1073 3757 gravissima
1091 3685 1200 3729 onera
1226 3684 1457 3750 expensarum,
1485 3664 1662 3750 ipsumque

299 3770 448 3855 oportuit
463 3770 651 3836 necessario
676 3769 807 3834 infinita
824 3769 1024 3836 contrahere
1051 3769 1165 3836 debita
1192 3768 1281 3855 apud
1304 3768 1453 3835 diversos
1468 3768 1661 3848 creditores,

299 3872 418 3956 quibus
433 3883 485 3939 est
500 3882 637 3959 propter
652 3872 718 3939 hoc
745 3873 976 3958 multipliciter
998 3872 1185 3957 obligatus;
1211 3873 1363 3938 nonnulli
1390 3873 1495 3939 etiam
1511 3890 1662 3939 ¹consan-

299 3977 410 4061 guinei
426 3978 474 4043 sui
492 3985 527 4042 et
541 3977 651 4058 amici,
664 3977 794 4043 nobiles
809 3977 924 4057 etalii,
940 3977 1001 4042 sibi
1018 3984 1053 4041 et
1069 3977 1209 4043 ecclesie
1221 3977 1255 4041 in
1267 3976 1434 4062 premissis
1449 3976 1662 4056 adherentes,

300 4091 335 4146 et
360 4081 556 4155 manuforti
582 4088 741 4167 potenter
765 4081 960 4146 assistentes
986 4081 1188 4148 detrimenta
1203 4088 1215 4115 ¹¹
1230 4081 1342 4165 gravia
1358 4081 1392 4145 in
1409 4082 1476 4146 suis
1498 4081 1615 4147 castris
1627 4092 1663 4147 et

300 4184 468 4263 fortalitiis
479 4192 515 4249 et
529 4185 602 4261 aliis
617 4204 733 4250 eorum
742 4185 839 4249 bonis
849 4193 987 4270 propter
995 4185 1156 4269 premissa
1167 4194 1365 4270 receperunt
1377 4192 1412 4249 et
1424 4185 1663 4266 sustinuenmt,

300 4288 356 4372 qui
383 4296 520 4373 propter
546 4288 783 4374 impotentiam
798 4297 834 4353 et
860 4287 1081 4373 indigentiam
1106 4288 1254 4369 ejusdem
1285 4288 1433 4374 episcopi
1461 4289 1663 4373 nequeuntis

299 4390 425 4467 eisdem
438 4392 605 4469 nobilibus
620 4400 656 4471 et
670 4392 743 4467 aliis
758 4392 947 4482 hujusmodi
966 4392 1114 4478 dampna
1138 4392 1303 4474 resarcire,
1320 4401 1357 4457 ut
1374 4400 1518 4473 tenetur,
1536 4391 1662 4458 cotidie

299 4494 462 4560 invadunt
477 4504 513 4559 et
529 4496 687 4562 invadere
702 4497 855 4573 nituntur
869 4496 997 4562 dictam
1017 4496 1192 4562 ecclesiam
1217 4504 1252 4561 et
1277 4496 1420 4583 patriam
1438 4495 1662 4562 Leodiensem

298 4598 412 4683 spoliis
428 4607 463 4663 et
493 4598 627 4685 rapinis,
653 4607 688 4664 et
714 4620 749 4664 se
775 4600 976 4665 subtrahunt
999 4620 1018 4665 a
1044 4600 1180 4666 servitio
1204 4608 1239 4665 et
1264 4600 1430 4686 adjutorio
1454 4600 1602 4687 episcopi
1627 4610 1663 4665 et

298 4702 438 4768 ecclesie
455 4704 644 4788 supradicte
659 4726 668 4783 ;
686 4704 864 4789 exquibus
878 4704 997 4770 eadem
1014 4704 1156 4771 ecclesia
1171 4704 1319 4791 pluribus
1329 4706 1478 4791 subjacet
1494 4705 1661 4790 periculis,

330 4893 357 4951 o)
373 4890 429 4939 ὠά.
441 4890 474 4939 de
487 4892 607 4953 primum.
