3650 5675
314 520 376 585 524
552 522 554 529 '
847 519 935 594 1350,
951 519 1053 583 '20-27
1071 518 1148 600 juin.

312 694 388 739 curn
414 673 727 758 archipresbiteratu
754 671 854 737 Brive
880 673 990 737 eidem
1014 692 1148 738 annexo
1164 679 1198 737 et
1214 674 1332 758 capell.
1357 694 1449 759 perp.
1473 674 1508 739 in
1530 676 1673 741 ecclesia

312 778 344 843 S.
361 777 465 858 Pauli,
482 776 697 857 Lemoviccn.
714 784 749 841 et
764 776 965 859 Bel(vacen)
980 776 1079 855 dioc,
1102 776 1252 842 noscitur
1267 776 1429 844 obtinere.
1445 819 1490 829 —
1506 778 1583 844 Fiat
1599 778 1640 845 R.

357 881 436 946 Dat.
452 880 551 945 Avin.
573 885 609 944 16
625 878 693 945 kal.
706 880 778 964 julii
795 886 829 945 a⁰
846 888 887 960 9⁰.
905 883 981 963 (20,
1000 880 1068 964 55).

365 1010 507 1093 2015
1383 1043 1422 1107 13
1421 1043 1477 1105 50,
1490 1045 1532 1087 20
1542 1022 1629 1105 jut'n.

357 1128 459 1213 Supp.
483 1128 667 1213 Philippus,
692 1126 820 1193 domini
847 1127 933 1211 regis
961 1125 1103 1192 Francie
1128 1126 1224 1206 filius,
1251 1134 1341 1210 quat.
1371 1124 1597 1211 [cambellano
1612 1148 1675 1192 suo

312 1230 527 1317 Theobaldo]
547 1230 589 1296 de
605 1230 763 1296 Villerval
780 1230 966 1296 concedere
991 1229 1184 1315 dignemini,
1209 1230 1299 1313 quod
1322 1228 1410 1294 idem
1426 1228 1674 1313 Th(eobaldus)

313 1344 380 1402 tres
404 1336 550 1420 capellas
576 1334 734 1400 videlicet
762 1354 865 1399 unam
891 1334 926 1398 in
941 1334 1021 1399 villa
1047 1333 1090 1398 de
1116 1332 1264 1419 Verquin
1288 1342 1323 1399 et
1345 1334 1446 1399 aliam
1470 1334 1505 1399 in
1529 1335 1608 1400 villa
1631 1336 1675 1400 de

315 1438 477 1525 Fresnoy,
493 1440 691 1505 Atrebaten.
718 1437 816 1519 dioc,
833 1446 867 1503 et
882 1438 983 1503 abam
998 1438 1032 1501 in
1047 1437 1128 1502 villa
1151 1437 1194 1503 de
1209 1438 1349 1519 Stebles,
1367 1437 1557 1505 Tomacen.
1575 1439 1675 1518 dioc,

312 1544 355 1609 de
370 1544 469 1611 bonis
483 1541 625 1628 propriis
640 1542 778 1609 fundare
793 1542 919 1607 valeat.
932 1582 976 1591 —
993 1539 1071 1606 Fiat
1088 1539 1128 1605 R.
1140 1546 1154 1574 ⁸

357 1646 437 1713 Dat.
451 1646 552 1712 Avin.
572 1666 608 1710 12
625 1644 691 1712 kal.
704 1646 822 1731 juliia⁰
839 1652 881 1727 9⁰.
898 1646 974 1729 (20,
987 1645 1071 1729 92').

364 1775 511 1857 2016.
1380 1806 1475 1870 1350,
1492 1808 1533 1870 24
1543 1785 1632 1868 juin.

358 1894 459 1980 Supp.
475 1892 725 1978 B(ertrandus),
741 1892 831 1977 prior
847 1891 878 1957 S.
897 1889 1037 1956 Martini
1052 1890 1095 1955 de
1111 1890 1247 1976 Campis
1262 1889 1406 1956 Parisius
1428 1901 1447 1970 ¹,
1468 1898 1557 1975 quat.
1583 1890 1677 1956 dom.

317 1997 520 2083 Raymundo
540 1995 706 2081 Mancipii
722 2010 744 2076 ²,
769 1994 940 2061 vcanonico
954 1993 1096 2059 ecclesie
1120 1993 1358 2074 Curtracensis,
1374 1993 1560 2060 Tomacen.
1576 1994 1677 2072 dioc,

313 2102 498 2187 dignemini
512 2101 684 2185 indulgere
700 2108 737 2165 ut
753 2099 918 2164 fructus...
948 2098 982 2162 in
997 2098 1148 2163 absentia
1165 2098 1208 2163 ad
1223 2098 1487 2182 quinquennium
1502 2099 1677 2184 percipere

316 2208 441 2272 valeat.
456 2246 499 2255 -
517 2206 592 2271 Fiat
609 2204 648 2270 R.

361 2310 439 2375 Dat.
455 2309 555 2375 Avin.
572 2312 590 2374 8
608 2308 674 2375 kal.
683 2308 755 2393 julii
773 2315 806 2374 a⁰
823 2316 865 2388 9⁰.
883 2308 960 2391 (20,
980 2310 1047 2393 66).

357 2440 510 2523 2017.
1383 2468 1478 2532 1350,
1495 2455 1537 2531 ²7
1546 2446 1633 2528 juin.

360 2558 462 2644 Supp.
479 2556 659 2621 Gariuotus
681 2554 724 2619 de
747 2553 928 2639 Apchier³,
944 2560 1035 2636 quat.
1063 2552 1230 2639 [familiari
1255 2572 1316 2618 suo
1341 2552 1524 2618 Wilhelmo
1538 2552 1631 2618 dicto
1646 2554 1679 2616 le

318 2662 423 2727 Polen
439 2660 481 2725 de
497 2658 634 2725 Obome
647 2675 669 2738 ⁴,
685 2656 824 2743 clerico]
852 2655 1014 2721 Leodien.
1038 2656 1135 2737 dioc,
1150 2656 1193 2722 de
1209 2677 1282 2722 can.
1298 2665 1334 2722 et
1345 2659 1437 2741 preb.
1452 2658 1532 2722 eccl.
1549 2657 1580 2722 S.
1597 2655 1679 2722 Bar-

316 2764 482 2831 tholomei
508 2762 679 2843 Leodien,
706 2781 780 2826 vac.
797 2760 829 2824 in
847 2759 937 2825 curia
953 2780 1013 2845 per
1026 2762 1081 2825 ob.
1105 2759 1241 2824 Gerardi
1266 2759 1309 2824 de
1333 2760 1429 2825 Sart'o
1441 2769 1462 2841 ⁵,
1490 2761 1546 2845 qui
1571 2780 1681 2846 nuper

317 2878 413 2935 extra
428 2868 528 2932 Rom.
544 2866 671 2932 curiam
697 2864 787 2930 diem
812 2864 932 2930 clausit
954 2872 1151 2944 extremum,
1167 2873 1202 2930 et
1217 2885 1277 2949 per
1290 2865 1554 2930 reservationem
1569 2875 1679 2949 apost.

319 2972 361 3037 de
377 2973 441 3036 illis
455 2990 515 3056 per
531 2969 562 3034 S.
579 2968 619 3033 V.
636 2967 769 3047 factam,
785 2968 838 3031 vel
856 2967 924 3032 alio
948 2968 1067 3051 quovis
1092 2967 1197 3033 modo
1220 2975 1353 3047 vacent,
1369 2966 1552 3051 dignemini
1567 2968 1680 3052 provi-

320 3075 398 3141 dere
414 3093 502 3154 ;non
519 3075 605 3138 obst.
621 3071 711 3156 quod
727 3069 817 3134 idem
828 3069 1030 3135 Wilhelmus
1045 3091 1119 3137 can.
1134 3071 1216 3137 eccl.
1227 3069 1266 3136 B.
1280 3069 1330 3136 M.
1342 3070 1545 3155 Tongrensis
1556 3069 1579 3152 b,
1589 3071 1682 3137 dicte

320 3179 419 3259 dioc,
446 3179 506 3243 sub
531 3197 606 3262 exp.
633 3177 725 3261 preb.
752 3175 901 3240 noscitur
924 3183 1133 3260 expectarc3
1159 3195 1261 3260 quam
1287 3175 1430 3259 gratiam
1445 3182 1482 3239 et
1496 3173 1626 3238 litteras
1640 3195 1683 3238 ac

322 3301 494 3368 processus
509 3279 587 3345 inde
603 3287 718 3345 secuta
741 3279 935 3363 dignemini,
960 3278 1063 3344 etiam
1089 3287 1269 3365 postquam
1295 3279 1522 3364 predictorum
1545 3279 1683 3343 canoni-

323 3393 417 3451 catus
433 3393 467 3450 et
482 3387 574 3469 preb.
591 3385 673 3450 eccl.
690 3382 721 3448 S.
738 3381 969 3448 Bartholomei
985 3382 1229 3466 possessionem
1244 3381 1421 3468 pacificam
1436 3381 1535 3446 brerit
1550 3401 1683 3446 assecu-

322 3497 386 3569 tus,
409 3488 587 3554 decernere
603 3488 637 3551 in
653 3507 713 3552 suo
729 3489 847 3551 robore
863 3505 1069 3570 permanere,
1086 3507 1163 3551 cum
1178 3486 1251 3551 aliis
1265 3506 1334 3551 non
1351 3489 1478 3551 obst...
1492 3525 1537 3536 -
1554 3484 1630 3549 Fiat
1641 3484 1683 3549 R.

363 3593 442 3658 Dat.
457 3592 558 3656 Avin.
576 3589 672 3675 5kal.
685 3591 757 3676 julii
771 3598 805 3656 a⁰
822 3598 863 3670 9⁰.
889 3591 1068 3676 (20,.65').

367 3721 516 3801 2018.
1381 3750 1475 3815 1350,
1498 3751 1539 3813 27
1548 3729 1636 3811 joiri.

363 3837 426 3903 Bnnc
442 3838 550 3903 Pater.
568 3837 703 3903 Dudum
719 3837 750 3901 S.
767 3835 817 3917 V.‚
833 3836 1049 3921 pontificatus
1075 3835 1176 3901 vestri
1199 3843 1233 3902 a⁰
1251 3843 1290 3917 1⁰,
1305 3835 1453 3921 providit
1474 3835 1494 3912 J
1497 3836 1623 3902 ohanni
1639 3837 1683 3902 de

321 3942 449 4008 Roseto
461 3942 484 4022 ⁶,
500 3941 676 4027 capellano
698 3948 734 4005 et
756 3939 908 4004 familiari
934 3941 1095 4006 continuo
1121 3939 1245 4005 devote
1270 3948 1421 4005 creature
1446 3949 1558 4005 vestre
1580 3939 1682 4017 Petri,

321 4045 468 4132 episcopi
496 4044 747 4110 Claromenten.
759 4059 781 4125 ⁷,
806 4045 848 4109 de
873 4063 946 4109 can.
972 4046 1032 4108 sub
1049 4064 1123 4129 exp.
1140 4046 1232 4129 preb.
1255 4046 1334 4109 eccl.
1352 4042 1383 4109 S.
1398 4043 1580 4108 Andomari
1598 4044 1632 4107 in
1650 4044 1682 4107 S.

320 4158 524 4238 Audomaro,
562 4155 730 4222 Morinen.
762 4156 890 4237 dioc.,;
919 4177 960 4220 ex
987 4177 1052 4240 qua
1078 4149 1214 4240 quidem
1235 4155 1441 4242 provisione,
1467 4155 1683 4221 multitudine

352 4347 381 4408 a)
394 4347 435 4394 En
447 4360 533 4406 merge
548 4360 554 4393 :
567 4345 652 4392 Ealra
659 4360 710 4408 pro
721 4344 785 4393 dure
796 4345 985 4393 Aroult'aaenei.
995 4372 1025 4382 -
1038 4344 1068 4406 b)
1084 4343 1141 4393 Cori.
1153 4344 1291 4405 Trongren.

353 4536 375 4584 l.
387 4535 516 4584 Bertranrl
533 4537 566 4584 de
583 4537 687 4595 Pebrac
705 4536 802 4598 evaque
813 4537 845 4586 de
857 4537 955 4585 Vabres
966 4536 990 4586 lc
1008 4539 1037 4584 17
1049 4537 1154 4586 octobre
1167 4537 1230 4584 lana
1241 4536 1340 4598 (Eubel
1354 4536 1373 4594 1,
1387 4536 1434 4583 115
1449 4551 1455 4592 ;
1476 4534 1567 4585 Gallia
1583 4536 1683 4591 (br-itt,

319 4607 379 4666 Vll,
393 4610 460 4667 532).
477 4637 510 4644 —
532 4613 555 4658 2.
568 4611 704 4672 Raymond
716 4611 840 4673 Manclpii
852 4615 973 4674 permuta
990 4611 1013 4658 le
1026 4611 1058 4658 30
1068 4610 1126 4672 juin
1145 4612 1206 4658 1355
1224 4625 1253 4657 sa
1269 4608 1397 4672 prebende
1413 4609 1446 4657 de
1458 4609 1577 4658 Courtrai
1594 4616 1684 4658 contre

318 4682 382 4731 celle
394 4683 426 4731 de
438 4682 553 4742 Lombbs,
575 4699 625 4744 que
644 4685 721 4732 Louis
734 4685 843 4732 Sanctus
860 4686 932 4732 avait
952 4683 1080 4744 richangee
1092 4698 1153 4732 avec
1171 4684 1294 4744 Franqois
1311 4681 1449 4743 Petrarque
1466 4682 1542 4745 (Req.
1562 4683 1616 4731 l'at.
1627 4685 1683 4734 228.

318 4755 347 4802 ff.
361 4756 466 4803 134-131
478 4765 497 4815 v,
511 4759 618 4806 les-153
632 4772 638 4814 ;
659 4757 692 4806 01.
706 4755 824 4816 Berliere,
843 4757 880 4805 lfa
892 4758 946 4804 anri
964 4756 995 4804 de
1016 4756 1166 4819 Pilrarqae,
1180 4755 1259 4804 bonis
1271 4755 1380 4804 aieret-ua
1389 4755 1420 4803 de
1432 4755 1581 4819 Beerinpea
1595 4757 1682 4804 Rome,

320 4829 390 4886 1905,
411 4843 453 4891 pp.
473 4831 569 4892 lr-to).
587 4859 620 4868 —
637 4831 660 4879 3.
681 4830 743 4877 Voir
762 4845 787 4880 n.
806 4831 875 4888 1740,
898 4831 1052 4880 1981-1.
1071 4829 1128 4878 cite
1147 4844 1246 4879 comme
1265 4829 1391 4878 chanoinc
1408 4830 1441 4877 de
1461 4830 1550 4879 Fossae
1565 4844 1599 4879 eu
1622 4831 1685 4877 1353

319 4901 433 4962 (Kirech,
446 4903 571 4963 Anaaten,
585 4905 605 4964 l,
619 4905 671 4966 23).
679 4931 711 4941 -
722 4908 745 4953 5.
758 4905 819 4953 Voir
831 4918 856 4952 n.
870 4905 940 4953 1793.
948 4931 981 4940 -
992 4907 1014 4954 6.
1028 4904 1089 4952 Voir
1099 4919 1125 4953 n.
1138 4905 1207 4963 1817,
1221 4905 1330 4953 1882.-
1341 4906 1363 4953 7.
1376 4904 1462 4953 Pierre
1470 4903 1685 4964 d‘Aigreleuille2

321 4977 376 5024 roir
388 4991 413 5027 n.
431 4977 501 5027 1862.
