3650 5675
726 533 813 609 1345,
836 534 886 599 8-9
907 537 988 598 auilt.
1474 536 1530 601 221

168 690 360 775 juramento
376 686 502 753 vallata
526 687 672 773 partium
696 684 931 772 predictarum,
954 686 1091 772 ipseque
1117 693 1229 773 partes
1255 704 1354 774 super
1377 691 1531 754 observa·

171 794 264 859 tione
279 792 369 858 dicte
385 790 671 877 pronunciationis
686 811 721 856 se
745 790 968 856 submiserunt
983 798 1104 877 sponte
1127 800 1161 856 et
1187 792 1290 857 libere
1310 792 1531 878 jurisdictioni

173 898 397 981 cujuscunque
412 903 484 961 tarn
507 895 733 961 ecclesiastice
749 913 848 980 quam
864 893 1003 959 seculari
1018 916 1027 973 ;
1043 892 1198 979 dignetur
1214 894 1253 961 V.
1269 895 1300 961 S.
1316 895 1442 962 dictam
1457 917 1534 983 pro-

173 1001 433 1081 nunciationem,
450 1006 549 1085 prout
576 1000 609 1065 in
630 998 750 1067 litteris
773 997 863 1064 dicte
878 998 1166 1083 pronunciationis
1186 998 1293 1084 sigillo
1319 999 1420 1085 ipsius
1441 1001 1533 1068 dom.

171 1104 259 1190 regis
274 1104 414 1171 Francia
431 1102 580 1188 sigillatis
595 1103 726 1190 plenius
740 1102 942 1184 continetur,
959 1103 993 1167 in
1017 1111 1180 1188 quantum
1203 1103 1314 1189 tangit
1328 1105 1532 1192 episcopum,

173 1210 351 1278 ecclesiam
376 1208 535 1275 Leodien.
551 1216 587 1274 et
612 1208 733 1276 ducem
757 1206 976 1295 supradictos,
992 1215 1129 1295 propter
1154 1211 1281 1275 bonurn
1295 1208 1387 1295 pacis
1403 1217 1438 1276 et
1454 1229 1533 1276 con·

175 1314 297 1395 cordie,
315 1322 350 1379 et
365 1322 403 1380 ut
417 1314 565 1400 pericula
589 1312 829 1379 discordiarum
855 1310 1015 1399 deinceps
1033 1312 1192 1395 vitentur,
1220 1332 1285 1398 que
1300 1313 1335 1378 in
1351 1313 1416 1379 illis
1430 1314 1535 1400 parti·

175 1424 245 1502 bus,
257 1419 343 1487 sicut
355 1417 560 1505 experientia
573 1418 734 1484 continua
747 1415 862 1483 docuit
874 1425 908 1482 et
921 1416 1032 1499 docet,
1042 1424 1119 1482 sunt
1135 1417 1415 1505 quamplurimum
1427 1419 1536 1485 detes-

175 1524 306 1607 tabiles,
323 1543 461 1590 onerose
477 1530 512 1589 et
528 1522 765 1611 importabiles
786 1529 822 1587 et
841 1519 1016 1608 presertim
1041 1520 1189 1587 ecclesiis
1213 1530 1248 1587 et
1263 1523 1415 1609 personis
1430 1524 1536 1590 eccle·

177 1628 326 1709 siasticis,
343 1636 432 1694 auct.
449 1636 555 1715 apost.
569 1627 777 1710 continuare,
794 1634 1045 1693 conservatores
1059 1646 1157 1713 super
1172 1624 1238 1693 hoc
1254 1628 1481 1695 concedendo.
1494 1667 1536 1680 -

178 1732 338 1801 Videatur
353 1732 385 1798 in
397 1732 595 1799 cancellaria
608 1731 853 1821 pronunciatio,
867 1738 901 1796 et
914 1729 1153 1798 conlinnentur
1163 1731 1293 1798 articuli
1308 1752 1408 1820 super
1418 1734 1537 1819 quibus

179 1848 231 1905 est
246 1837 644 1925 debitepronunciatum,
660 1846 695 1903 et
721 1836 777 1924 qui
801 1836 977 1904 continent
1003 1835 1249 1920 certitudinem,
1272 1846 1307 1904 et
1321 1837 1443 1905 dentur
1458 1859 1538 1905 con-

180 1952 377 2010 servatores
396 1942 436 2010 R.

225 2046 303 2114 Dat.
319 2047 418 2114 Avin.
436 2068 453 2113 2
471 2067 549 2115 non.
566 2068 640 2135 aug.
657 2054 690 2114 a⁰
702 2054 745 2134 4⁰.
759 2046 807 2133 (9,
828 2045 931 2133 125⁹).

235 2183 340 2268 891.
1260 2216 1355 2282 1345,
1372 2200 1394 2262 8
1408 2204 1496 2266 aaut.

227 2303 327 2373 Motu
342 2303 476 2391 proprio
491 2303 706 2390 providemus
730 2301 902 2370 Bemardo
928 2302 971 2369 de
987 2302 1192 2384 Ventodoro,
1209 2322 1282 2369 can.
1310 2301 1540 2389 Burdegalen,

181 2411 310 2478 decan.
332 2416 368 2474 et
393 2410 485 2495 preb.
501 2411 583 2476 eccl.
605 2409 833 2490 Cameracen.,
850 2428 924 2473 vac.
948 2428 1008 2493 per
1034 2410 1088 2473 ob.
1117 2407 1262 2473 Richerii
1277 2406 1320 2471 de
1346 2406 1460 2489 Stella,
1485 2408 1541 2493 qui

182 2524 278 2583 extra
295 2512 393 2579 Rom.
421 2532 488 2580 cur.
514 2510 605 2580 diem
627 2514 747 2581 clausit
772 2520 969 2593 extremum,
985 2512 1048 2577 nisi
1075 2510 1109 2577 in
1125 2511 1204 2599 ipsis
1230 2532 1305 2579 can.
1332 2520 1368 2579 et
1383 2514 1475 2600 preb.
1488 2512 1542 2597 jus

182 2618 280 2687 luerit
296 2616 390 2685 alteri
408 2616 585 2703 quesitum.
607 2660 651 2669 -
667 2617 743 2685 Fiat
759 2626 854 2683 motu
870 2614 1005 2703 proprio
1022 2614 1063 2682 R.

227 2724 305 2792 Dat.
317 2721 417 2789 Avin.
435 2728 453 2787 6
471 2722 512 2790 id.
529 2744 602 2810 aug.
619 2730 651 2790 a⁰
667 2730 710 2809 4⁰.
728 2722 776 2809 (9,
797 2720 888 2813 145l)

235 2867 345 2951 892·
1263 2891 1324 2958 134
1327 2891 1358 2955 5,
1374 2891 1394 2958 9
1410 2866 1498 2939 oortt.

226 2987 328 3075 Supp.
340 2985 460 3070 Guido,
474 2985 687 3052 Cameracen.
700 2980 824 3068 episc.¹,
835 2976 926 3063 quod
941 2998 1018 3043 cum
1033 2977 1105 3064 ipse
1120 2976 1295 3072 civitatem
1311 2984 1346 3043 et
1360 2977 1542 3044 dioecesim

182 3091 397 3160 Cameracen.
412 3091 547 3158 visitare
562 3094 740 3176 proponat,
756 3084 790 3151 in
807 3081 926 3168 quibus
940 3082 1018 3148 talis
1037 3090 1072 3148 ct
1087 3089 1183 3149 tanta
1197 3090 1249 3148 est
1264 3082 1397 3149 caristia
1412 3083 1541 3150 victua·

182 3196 275 3279 lium,
292 3197 382 3283 quod
394 3198 491 3284 juxta
507 3201 615 3262 status
630 3191 678 3257 sui
694 3188 887 3256 decentiam
912 3185 1082 3254 visitando
1098 3186 1276 3253 sustentari
1291 3187 1409 3273 nequit
1423 3186 1458 3252 in
1472 3187 1542 3253 vic·

184 3302 328 3368 tualibus
350 3311 385 3368 et
400 3301 474 3368 aliis
496 3298 556 3365 sibi
583 3294 777 3362 necessariis
803 3291 845 3358 de
869 3311 1000 3356 samma
1026 3291 1106 3357 olim
1132 3299 1250 3358 taxata
1273 3301 1308 3358 et
1323 3291 1467 3358 limitata
1482 3313 1542 3378 per

185 3405 438 3492 B(enedictum)
454 3423 578 3492 papam
594 3400 662 3467 XII
678 3397 891 3465 visitantibus
917 3395 1090 3462 civitatem
1106 3403 1141 3460 et
1155 3394 1336 3462 dioecesim
1352 3416 1436 3477 suas
1454 3396 1493 3462 E.
1510 3397 1542 3463 S.

184 3511 320 3598 placeat
345 3511 407 3598 ipsi
434 3505 636 3596 supplicanti
657 3502 842 3570 concedere
867 3507 906 3566 ut
930 3520 951 3565 a
977 3501 1128 3586 personis
1143 3507 1178 3567 et
1193 3500 1285 3582 locis,
1302 3521 1385 3586 quas
1399 3511 1434 3568 et
1460 3522 1544 3586 quos

184 3615 293 3702 ipsum
305 3615 439 3681 visitare
450 3613 633 3697 continget,
646 3609 776 3694 exigere
789 3607 893 3695 possit
905 3613 942 3671 et
950 3607 1064 3673 valeat
1079 3606 1350 3694 procurationem
1362 3627 1544 3692 congruam

184 3729 219 3786 et
234 3719 394 3804 debitam,
410 3727 509 3806 prout
525 3725 627 3783 antea
643 3711 825 3780 secundum
839 3712 893 3797 jus
909 3731 1089 3777 commune
1105 3710 1154 3777 sui
1170 3711 1420 3798 predecessores
1435 3713 1545 3798 exige-

184 3827 268 3891 bant
284 3833 319 3892 et
335 3829 580 3892 consueverunt
594 3820 741 3907 recipere
768 3825 803 3883 et
826 3817 975 3899 habere;
1003 3837 1072 3883 non
1099 3819 1185 3885 obst.
1201 3815 1441 3883 constitutione
1464 3816 1546 3882 dicti

186 3927 360 3996 Benedicti
376 3948 475 4016 super
489 3926 555 3993 boc
571 3922 672 3991 edita.
689 3962 731 3975 -
749 3921 824 3988 Fiat
842 3917 882 3988 R.

230 4033 311 4102 Dat.
326 4033 425 4102 Avin.
444 4051 460 4120 5
478 4032 522 4100 id.
539 4050 613 4116 aug.
630 4035 663 4095 a⁰
679 4035 722 4116 4⁰.
739 4029 787 4116 (9,
809 4027 896 4114 129).

239 4172 351 4260 893·
1260 4195 1354 4261 1345,
1371 4197 1390 4263 9
1414 4181 1502 4244 aaut.

233 4292 334 4380 Supp.
349 4308 438 4376 mag.
454 4286 627 4367 Johannes
654 4283 696 4351 de
724 4283 838 4365 Roest,
861 4282 944 4349 olim
969 4279 1002 4347 S.
1029 4278 1060 4358 J.
1086 4279 1124 4346 B.
1151 4279 1193 4346 de
1222 4279 1426 4348 Molenbeke
1450 4283 1546 4368 juxta

189 4395 379 4463 Bruxellam
388 4403 424 4462 et
433 4392 622 4480 Stephanus
631 4389 740 4456 dictus
752 4387 980 4473 Walschpape
991 4393 1012 4466 ⁸,
1028 4384 1109 4451 olim
1123 4384 1160 4450 B.
1176 4383 1224 4451 M.
1236 4384 1280 4452 de
1293 4385 1547 4472 Busenghecm³

188 4502 339 4589 parroch.
355 4499 570 4568 ecclesiarum
585 4505 741 4577 rectorcS,
758 4492 975 4559 Cameracen.
991 4488 1088 4571 dioc,
1105 4497 1198 4575 quat.
1214 4509 1291 4556 cum
1303 4490 1365 4578 ipsi
1375 4489 1394 4569 J
1398 4491 1548 4558 ohannes

93 4673 97 4678 .
188 4626 248 4693 per
262 4617 511 4693 procuratorem
527 4627 623 4674 suum
638 4603 825 4690 legitimum
852 4603 887 4661 et
912 4593 1103 4681 Stephanus
1125 4613 1185 4680 per
1208 4614 1243 4660 se
1267 4593 1376 4662 dictas
1390 4594 1549 4662 ecclesias

189 4733 231 4778 ex
247 4733 347 4778 causa
359 4711 614 4799 pennutatiouis
631 4709 674 4775 ad
689 4707 833 4774 invicem
851 4699 1003 4767 faciende
1018 4699 1052 4764 in
1068 4699 1222 4765 manibus
1239 4698 1279 4765 R.
1296 4699 1333 4766 P.
1349 4700 1439 4767 dom.
1457 4699 1548 4788 Ray-

224 4953 245 5002 l.
258 4951 361 5010 Rioalcr,
375 4953 526 5000 1122211-
547 4953 569 4998 2.
591 4949 699 4997 llticnuc
712 4943 811 4994 Walsulr
832 4953 869 4993 cst
890 4943 941 4993 citt
961 4958 1058 4991 [munuc
1075 4944 1135 4990 curt·
1151 4941 1184 4989 ‹lc
1196 4940 1346 4990 Molvrnnvk
1360 4943 1472 4990 loanni
1486 4940 1548 4990 1318

190 5027 332 5090 (llilliodts,
347 5011 420 5074 Bauio
433 5025 569 5089 linquente,
585 5023 602 5082 l,
616 5023 684 5083 aaa).
696 5047 727 5057 -
745 5023 767 5070 3.
780 5023 854 5069 (torre
866 5021 976 5082 paroisse
987 5016 1107 5080 s'nppelle
1118 5013 1281 5076 aujrrunl'bui
1296 5015 1433 5077 lldoglrcur.
