<?xml version="1.0" encoding="UTF-8"?>
<!DOCTYPE html PUBLIC "-//W3C//DTD XHTML 1.0 Transitional//EN"
    "http://www.w3.org/TR/xhtml1/DTD/xhtml1-transitional.dtd">
<html xmlns="http://www.w3.org/1999/xhtml" xml:lang="en" lang="en">
 <head>
  <title>
</title>
<meta http-equiv="Content-Type" content="text/html;charset=utf-8" />
  <meta name='ocr-system' content='tesseract 3.04.00' />
  <meta name='ocr-capabilities' content='ocr_page ocr_carea ocr_par ocr_line ocrx_word'/>
</head>
<body>
  <div class='ocr_page' id='page_1' title='image "./suppliquesdeclm00berlgoog_0116.png"; bbox 0 0 3650 5675; ppageno 0'>
   <div class='ocr_carea' id='block_1_1' title="bbox 729 523 1561 597">
    <p class='ocr_par' dir='ltr' id='par_1_1' title="bbox 729 523 1561 597">
     <span class='ocr_line' id='line_1_1' title="bbox 729 523 1561 597; baseline 0.002 -8"><span class='ocrx_word' id='word_1_1' title='bbox 729 524 817 597; x_wconf 82' lang='lat'><strong>1343,</strong></span> <span class='ocrx_word' id='word_1_2' title='bbox 835 523 926 587; x_wconf 65' lang='lat'>‘10-12</span> <span class='ocrx_word' id='word_1_3' title='bbox 950 539 1037 588; x_wconf 87' lang='lat' dir='ltr'>mars.</span> <span class='ocrx_word' id='word_1_4' title='bbox 1518 527 1561 592; x_wconf 72' lang='lat' dir='ltr'>v‘ll</span> 
     </span>
    </p>
   </div>
   <div class='ocr_carea' id='block_1_2' title="bbox 199 674 1594 2012">
    <p class='ocr_par' dir='ltr' id='par_1_2' title="bbox 199 674 1594 2012">
     <span class='ocr_line' id='line_1_2' title="bbox 200 674 1563 766; baseline 0 -22"><span class='ocrx_word' id='word_1_5' title='bbox 200 679 384 744; x_wconf 84' lang='lat' dir='ltr'><strong>clausulam</strong></span> <span class='ocrx_word' id='word_1_6' title='bbox 400 679 434 744; x_wconf 93' lang='lat' dir='ltr'>in</span> <span class='ocrx_word' id='word_1_7' title='bbox 449 700 515 763; x_wconf 88' lang='lat' dir='ltr'>qua</span> <span class='ocrx_word' id='word_1_8' title='bbox 527 679 649 745; x_wconf 87' lang='lat' dir='ltr'>dicitur</span> <span class='ocrx_word' id='word_1_9' title='bbox 668 697 676 742; x_wconf 76' lang='grc' dir='ltr'>ε</span> <span class='ocrx_word' id='word_1_10' title='bbox 703 676 880 743; x_wconf 85' lang='lat' dir='ltr'>occasione</span> <span class='ocrx_word' id='word_1_11' title='bbox 905 695 1097 759; x_wconf 86' lang='lat' dir='ltr'>guerrarum</span> <span class='ocrx_word' id='word_1_12' title='bbox 1124 674 1152 739; x_wconf 84' lang='lat' dir='ltr'>F</span> <span class='ocrx_word' id='word_1_13' title='bbox 1153 674 1282 740; x_wconf 90' lang='lat' dir='ltr'>landrie</span> <span class='ocrx_word' id='word_1_14' title='bbox 1299 676 1332 741; x_wconf 95' lang='lat' dir='ltr'>in</span> <span class='ocrx_word' id='word_1_15' title='bbox 1356 678 1474 766; x_wconf 88' lang='lat' dir='ltr'>qulbus</span> <span class='ocrx_word' id='word_1_16' title='bbox 1489 700 1563 764; x_wconf 91' lang='lat' dir='ltr'>per-</span> 
     </span>
     <span class='ocr_line' id='line_1_3' title="bbox 199 779 1594 868; baseline 0.001 -20"><span class='ocrx_word' id='word_1_17' title='bbox 199 782 286 848; x_wconf 87' lang='lat' dir='ltr'>didit</span> <span class='ocrx_word' id='word_1_18' title='bbox 300 804 340 847; x_wconf 88' lang='lat' dir='ltr'>ea</span> <span class='ocrx_word' id='word_1_19' title='bbox 355 784 475 867; x_wconf 91' lang='lat' dir='ltr'>quibus</span> <span class='ocrx_word' id='word_1_20' title='bbox 486 782 663 849; x_wconf 87' lang='lat' dir='ltr'>sustentari</span> <span class='ocrx_word' id='word_1_21' title='bbox 679 782 840 847; x_wconf 85' lang='lat' dir='ltr'>debuerat</span> <span class='ocrx_word' id='word_1_22' title='bbox 865 779 1069 866; x_wconf 88' lang='lat' dir='ltr'>prepeditus,</span> <span class='ocrx_word' id='word_1_23' title='bbox 1087 780 1216 844; x_wconf 89' lang='lat' dir='ltr'>calamo</span> <span class='ocrx_word' id='word_1_24' title='bbox 1235 779 1379 846; x_wconf 88' lang='lat' dir='ltr'>intincto</span> <span class='ocrx_word' id='word_1_25' title='bbox 1402 783 1562 868; x_wconf 89' lang='lat' dir='ltr'>perfigere</span> <span class='ocrx_word' id='word_1_26' title='bbox 1591 781 1594 790; x_wconf 85' lang='lat'>&#39;</span> 
     </span>
     <span class='ocr_line' id='line_1_4' title="bbox 199 869 1559 972; baseline 0.004 -22"><span class='ocrx_word' id='word_1_27' title='bbox 199 906 258 950; x_wconf 89' lang='lat' dir='ltr'>seu</span> <span class='ocrx_word' id='word_1_28' title='bbox 269 884 392 966; x_wconf 90' lang='lat' dir='ltr'>delere,</span> <span class='ocrx_word' id='word_1_29' title='bbox 408 895 444 951; x_wconf 90' lang='lat' dir='ltr'>et</span> <span class='ocrx_word' id='word_1_30' title='bbox 458 886 620 952; x_wconf 89' lang='lat' dir='ltr'>mandare</span> <span class='ocrx_word' id='word_1_31' title='bbox 632 905 707 950; x_wconf 90' lang='lat' dir='ltr'>eam</span> <span class='ocrx_word' id='word_1_32' title='bbox 723 883 757 948; x_wconf 93' lang='lat' dir='ltr'>in</span> <span class='ocrx_word' id='word_1_33' title='bbox 782 884 915 968; x_wconf 92' lang='lat' dir='ltr'>signata</span> <span class='ocrx_word' id='word_1_34' title='bbox 939 885 1185 970; x_wconf 85' lang='lat' dir='ltr'>supplicatione</span> <span class='ocrx_word' id='word_1_35' title='bbox 1201 904 1334 950; x_wconf 86' lang='lat' dir='ltr'>necnon</span> <span class='ocrx_word' id='word_1_36' title='bbox 1359 885 1392 950; x_wconf 92' lang='lat' dir='ltr'>in</span> <span class='ocrx_word' id='word_1_37' title='bbox 1420 869 1559 972; x_wconf 86' lang='lat' dir='ltr'>registro</span> 
     </span>
     <span class='ocr_line' id='line_1_5' title="bbox 199 987 1562 1076; baseline 0.002 -21"><span class='ocrx_word' id='word_1_38' title='bbox 199 989 314 1070; x_wconf 84' lang='lat' dir='ltr'>deleri,</span> <span class='ocrx_word' id='word_1_39' title='bbox 326 999 364 1054; x_wconf 91' lang='lat' dir='ltr'>ut</span> <span class='ocrx_word' id='word_1_40' title='bbox 378 1010 439 1075; x_wconf 90' lang='lat' dir='ltr'>per</span> <span class='ocrx_word' id='word_1_41' title='bbox 449 990 515 1055; x_wconf 93' lang='lat' dir='ltr'>hoc</span> <span class='ocrx_word' id='word_1_42' title='bbox 542 996 706 1076; x_wconf 88' lang='lat' dir='ltr'>appareat</span> <span class='ocrx_word' id='word_1_43' title='bbox 727 987 916 1067; x_wconf 86' lang='lat' dir='ltr'>manifeste,</span> <span class='ocrx_word' id='word_1_44' title='bbox 943 988 1033 1072; x_wconf 93' lang='lat' dir='ltr'>quod</span> <span class='ocrx_word' id='word_1_45' title='bbox 1060 989 1320 1054; x_wconf 89' lang='lat' dir='ltr'>clementissima</span> <span class='ocrx_word' id='word_1_46' title='bbox 1344 989 1374 1054; x_wconf 85' lang='lat' dir='ltr'>S.</span> <span class='ocrx_word' id='word_1_47' title='bbox 1395 990 1452 1071; x_wconf 89' lang='lat' dir='ltr'>·V.,</span> <span class='ocrx_word' id='word_1_48' title='bbox 1470 993 1562 1076; x_wconf 90' lang='lat' dir='ltr'>cujus</span> 
     </span>
     <span class='ocr_line' id='line_1_6' title="bbox 199 1091 1557 1179; baseline 0.002 -21"><span class='ocrx_word' id='word_1_49' title='bbox 199 1093 301 1158; x_wconf 91' lang='lat' dir='ltr'>solius</span> <span class='ocrx_word' id='word_1_50' title='bbox 312 1100 365 1157; x_wconf 88' lang='lat' dir='ltr'>est</span> <span class='ocrx_word' id='word_1_51' title='bbox 390 1095 500 1178; x_wconf 90' lang='lat' dir='ltr'>legem</span> <span class='ocrx_word' id='word_1_52' title='bbox 514 1091 726 1178; x_wconf 88' lang='lat' dir='ltr'>interpretari</span> <span class='ocrx_word' id='word_1_53' title='bbox 753 1111 854 1176; x_wconf 93' lang='lat' dir='ltr'>quam</span> <span class='ocrx_word' id='word_1_54' title='bbox 881 1091 1041 1174; x_wconf 86' lang='lat' dir='ltr'>condidit,</span> <span class='ocrx_word' id='word_1_55' title='bbox 1057 1092 1101 1157; x_wconf 92' lang='lat' dir='ltr'>ad</span> <span class='ocrx_word' id='word_1_56' title='bbox 1115 1092 1180 1158; x_wconf 92' lang='lat' dir='ltr'>alia</span> <span class='ocrx_word' id='word_1_57' title='bbox 1197 1092 1287 1158; x_wconf 90' lang='lat' dir='ltr'>dicte</span> <span class='ocrx_word' id='word_1_58' title='bbox 1302 1094 1557 1179; x_wconf 85' lang='lat' dir='ltr'>supplicationis</span> 
     </span>
     <span class='ocr_line' id='line_1_7' title="bbox 199 1194 1559 1282; baseline 0.004 -22"><span class='ocrx_word' id='word_1_59' title='bbox 199 1198 338 1277; x_wconf 85' lang='lat' dir='ltr'>motiva,</span> <span class='ocrx_word' id='word_1_60' title='bbox 350 1197 509 1262; x_wconf 81' lang='lat' dir='ltr'>videlicet</span> <span class='ocrx_word' id='word_1_61' title='bbox 524 1197 737 1282; x_wconf 84' lang='lat' dir='ltr'>magistratus</span> <span class='ocrx_word' id='word_1_62' title='bbox 751 1202 787 1260; x_wconf 90' lang='lat' dir='ltr'>et</span> <span class='ocrx_word' id='word_1_63' title='bbox 812 1194 1034 1260; x_wconf 83' lang='lat' dir='ltr'>bacalariatus</span> <span class='ocrx_word' id='word_1_64' title='bbox 1053 1195 1243 1281; x_wconf 69' lang='lat' dir='ltr'>respiciens</span> <span class='ocrx_word' id='word_1_65' title='bbox 1266 1197 1392 1261; x_wconf 86' lang='lat' dir='ltr'>dictam</span> <span class='ocrx_word' id='word_1_66' title='bbox 1419 1198 1559 1265; x_wconf 80' lang='lat' dir='ltr'>nichilo</span> 
     </span>
     <span class='ocr_line' id='line_1_8' title="bbox 199 1297 1559 1387; baseline 0.001 -22"><span class='ocrx_word' id='word_1_67' title='bbox 199 1301 310 1365; x_wconf 90' lang='lat' dir='ltr'>minus</span> <span class='ocrx_word' id='word_1_68' title='bbox 321 1301 602 1387; x_wconf 87' lang='lat' dir='ltr'>supplicationem</span> <span class='ocrx_word' id='word_1_69' title='bbox 614 1300 769 1385; x_wconf 89' lang='lat' dir='ltr'>signavit.</span> <span class='ocrx_word' id='word_1_70' title='bbox 788 1297 822 1363; x_wconf 86' lang='lat' dir='ltr'>N</span> <span class='ocrx_word' id='word_1_71' title='bbox 825 1320 869 1364; x_wconf 91' lang='lat' dir='ltr'>ou</span> <span class='ocrx_word' id='word_1_72' title='bbox 884 1301 1042 1364; x_wconf 89' lang='lat' dir='ltr'>obstante</span> <span class='ocrx_word' id='word_1_73' title='bbox 1054 1298 1144 1382; x_wconf 92' lang='lat' dir='ltr'>quod</span> <span class='ocrx_word' id='word_1_74' title='bbox 1165 1308 1345 1384; x_wconf 89' lang='lat' dir='ltr'>prenotata</span> <span class='ocrx_word' id='word_1_75' title='bbox 1362 1302 1510 1367; x_wconf 88' lang='lat' dir='ltr'>clausula</span> <span class='ocrx_word' id='word_1_76' title='bbox 1527 1303 1559 1367; x_wconf 92' lang='lat' dir='ltr'>in</span> 
     </span>
     <span class='ocr_line' id='line_1_9' title="bbox 201 1403 1561 1491; baseline -0.002 -18"><span class='ocrx_word' id='word_1_77' title='bbox 201 1407 293 1473; x_wconf 88' lang='lat' dir='ltr'>dicta</span> <span class='ocrx_word' id='word_1_78' title='bbox 308 1406 554 1491; x_wconf 87' lang='lat' dir='ltr'>supplicatione</span> <span class='ocrx_word' id='word_1_79' title='bbox 569 1405 667 1471; x_wconf 83' lang='lat' dir='ltr'>fuerit</span> <span class='ocrx_word' id='word_1_80' title='bbox 679 1426 750 1470; x_wconf 93' lang='lat' dir='ltr'>non</span> <span class='ocrx_word' id='word_1_81' title='bbox 761 1406 871 1490; x_wconf 88' lang='lat' dir='ltr'>posita</span> <span class='ocrx_word' id='word_1_82' title='bbox 888 1404 943 1471; x_wconf 89' lang='lat' dir='ltr'>vel</span> <span class='ocrx_word' id='word_1_83' title='bbox 953 1405 1069 1470; x_wconf 91' lang='lat' dir='ltr'>ablata</span> <span class='ocrx_word' id='word_1_84' title='bbox 1085 1403 1200 1484; x_wconf 87' lang='lat' dir='ltr'>;n0vit</span> <span class='ocrx_word' id='word_1_85' title='bbox 1215 1404 1306 1469; x_wconf 91' lang='lat' dir='ltr'>enim</span> <span class='ocrx_word' id='word_1_86' title='bbox 1323 1405 1377 1469; x_wconf 93' lang='lat' dir='ltr'>ille</span> <span class='ocrx_word' id='word_1_87' title='bbox 1389 1407 1444 1490; x_wconf 95' lang='lat' dir='ltr'>qui</span> <span class='ocrx_word' id='word_1_88' title='bbox 1457 1407 1561 1472; x_wconf 91' lang='lat' dir='ltr'>nichil</span> 
     </span>
     <span class='ocr_line' id='line_1_10' title="bbox 203 1508 1561 1596; baseline 0.001 -22"><span class='ocrx_word' id='word_1_89' title='bbox 203 1511 345 1596; x_wconf 89' lang='lat' dir='ltr'>ignorat,</span> <span class='ocrx_word' id='word_1_90' title='bbox 357 1509 448 1595; x_wconf 91' lang='lat' dir='ltr'>quod</span> <span class='ocrx_word' id='word_1_91' title='bbox 458 1509 628 1596; x_wconf 88' lang='lat' dir='ltr'>predictus</span> <span class='ocrx_word' id='word_1_92' title='bbox 640 1509 840 1595; x_wconf 88' lang='lat' dir='ltr'>supplicans,</span> <span class='ocrx_word' id='word_1_93' title='bbox 857 1508 994 1592; x_wconf 88' lang='lat' dir='ltr'>quando</span> <span class='ocrx_word' id='word_1_94' title='bbox 1009 1508 1136 1574; x_wconf 91' lang='lat' dir='ltr'>dictam</span> <span class='ocrx_word' id='word_1_95' title='bbox 1153 1509 1434 1594; x_wconf 89' lang='lat' dir='ltr'>supplicationem</span> <span class='ocrx_word' id='word_1_96' title='bbox 1455 1510 1561 1576; x_wconf 89' lang='lat' dir='ltr'>dicta-</span> 
     </span>
     <span class='ocr_line' id='line_1_11' title="bbox 202 1611 1562 1700; baseline 0.001 -22"><span class='ocrx_word' id='word_1_97' title='bbox 202 1615 261 1695; x_wconf 77' lang='lat' dir='ltr'>vit,</span> <span class='ocrx_word' id='word_1_98' title='bbox 274 1613 318 1679; x_wconf 92' lang='lat' dir='ltr'>ad</span> <span class='ocrx_word' id='word_1_99' title='bbox 329 1621 503 1700; x_wconf 88' lang='lat' dir='ltr'>pretactos</span> <span class='ocrx_word' id='word_1_100' title='bbox 514 1613 721 1680; x_wconf 85' lang='lat' dir='ltr'>conscientie</span> <span class='ocrx_word' id='word_1_101' title='bbox 747 1613 920 1698; x_wconf 89' lang='lat' dir='ltr'>scrupulos</span> <span class='ocrx_word' id='word_1_102' title='bbox 935 1632 1003 1677; x_wconf 93' lang='lat' dir='ltr'>non</span> <span class='ocrx_word' id='word_1_103' title='bbox 1030 1611 1185 1692; x_wconf 85' lang='lat' dir='ltr'>advertit,</span> <span class='ocrx_word' id='word_1_104' title='bbox 1203 1611 1261 1678; x_wconf 91' lang='lat' dir='ltr'>sed</span> <span class='ocrx_word' id='word_1_105' title='bbox 1285 1613 1318 1678; x_wconf 91' lang='lat' dir='ltr'>id</span> <span class='ocrx_word' id='word_1_106' title='bbox 1334 1613 1453 1694; x_wconf 85' lang='lat' dir='ltr'>forsan,</span> <span class='ocrx_word' id='word_1_107' title='bbox 1472 1615 1562 1699; x_wconf 90' lang='lat' dir='ltr'>quod</span> 
     </span>
     <span class='ocr_line' id='line_1_12' title="bbox 201 1714 1562 1803; baseline 0 -21"><span class='ocrx_word' id='word_1_108' title='bbox 201 1739 342 1803; x_wconf 91' lang='lat' dir='ltr'>magnus</span> <span class='ocrx_word' id='word_1_109' title='bbox 358 1717 557 1803; x_wconf 91' lang='lat' dir='ltr'>impetrandi</span> <span class='ocrx_word' id='word_1_110' title='bbox 585 1717 726 1783; x_wconf 83' lang='lat' dir='ltr'>affectus</span> <span class='ocrx_word' id='word_1_111' title='bbox 748 1715 778 1780; x_wconf 88' lang='lat' dir='ltr'>ei</span> <span class='ocrx_word' id='word_1_112' title='bbox 802 1717 892 1802; x_wconf 93' lang='lat' dir='ltr'>prius</span> <span class='ocrx_word' id='word_1_113' title='bbox 918 1715 1075 1797; x_wconf 87' lang='lat' dir='ltr'>occuluit,</span> <span class='ocrx_word' id='word_1_114' title='bbox 1092 1714 1147 1780; x_wconf 91' lang='lat' dir='ltr'>ille</span> <span class='ocrx_word' id='word_1_115' title='bbox 1174 1715 1378 1781; x_wconf 89' lang='lat' dir='ltr'>conscientie</span> <span class='ocrx_word' id='word_1_116' title='bbox 1403 1738 1471 1782; x_wconf 91' lang='lat' dir='ltr'>non</span> <span class='ocrx_word' id='word_1_117' title='bbox 1488 1718 1562 1784; x_wconf 88' lang='lat' dir='ltr'>dor-</span> 
     </span>
     <span class='ocr_line' id='line_1_13' title="bbox 203 1820 1246 1908; baseline -0.001 -21"><span class='ocrx_word' id='word_1_118' title='bbox 203 1823 311 1887; x_wconf 88' lang='lat' dir='ltr'>miens</span> <span class='ocrx_word' id='word_1_119' title='bbox 323 1823 525 1888; x_wconf 90' lang='lat' dir='ltr'>venniculus</span> <span class='ocrx_word' id='word_1_120' title='bbox 536 1829 654 1908; x_wconf 89' lang='lat' dir='ltr'>postea</span> <span class='ocrx_word' id='word_1_121' title='bbox 668 1820 891 1887; x_wconf 90' lang='lat' dir='ltr'>remordendo</span> <span class='ocrx_word' id='word_1_122' title='bbox 905 1821 1045 1886; x_wconf 86' lang='lat' dir='ltr'>detexit.</span> <span class='ocrx_word' id='word_1_123' title='bbox 1057 1862 1100 1870; x_wconf 97' lang='lat'>—</span> <span class='ocrx_word' id='word_1_124' title='bbox 1113 1820 1189 1886; x_wconf 84' lang='lat' dir='ltr'>Fiat</span> <span class='ocrx_word' id='word_1_125' title='bbox 1206 1820 1246 1886; x_wconf 91' lang='lat' dir='ltr'>R.</span> 
     </span>
     <span class='ocr_line' id='line_1_14' title="bbox 247 1923 1224 2012; baseline -0.001 -21"><span class='ocrx_word' id='word_1_126' title='bbox 247 1927 292 1993; x_wconf 83' lang='lat' dir='ltr'>Et</span> <span class='ocrx_word' id='word_1_127' title='bbox 307 1927 349 1992; x_wconf 94' lang='lat' dir='ltr'>de</span> <span class='ocrx_word' id='word_1_128' title='bbox 361 1926 440 1991; x_wconf 89' lang='lat' dir='ltr'>data</span> <span class='ocrx_word' id='word_1_129' title='bbox 455 1927 573 2012; x_wconf 86' lang='lat' dir='ltr'>prioris</span> <span class='ocrx_word' id='word_1_130' title='bbox 584 1925 837 2012; x_wconf 89' lang='lat' dir='ltr'>supplicationis</span> <span class='ocrx_word' id='word_1_131' title='bbox 852 1926 990 2010; x_wconf 89' lang='lat' dir='ltr'>signate.</span> <span class='ocrx_word' id='word_1_132' title='bbox 1009 1923 1048 1990; x_wconf 90' lang='lat' dir='ltr'>R.</span> <span class='ocrx_word' id='word_1_133' title='bbox 1065 1927 1117 2008; x_wconf 89' lang='lat'>(2,</span> <span class='ocrx_word' id='word_1_134' title='bbox 1138 1925 1224 2010; x_wconf 84' lang='lat'>193).</span> 
     </span>
    </p>
   </div>
   <div class='ocr_carea' id='block_1_3' title="bbox 186 2067 1566 2270">
    <p class='ocr_par' dir='ltr' id='par_1_3' title="bbox 186 2067 1566 2270">
     <span class='ocr_line' id='line_1_15' title="bbox 186 2067 1521 2161; baseline -0.008 -8"><span class='ocrx_word' id='word_1_135' title='bbox 186 2143 191 2152; x_wconf 90' lang='lat'>.</span> <span class='ocrx_word' id='word_1_136' title='bbox 255 2067 368 2153; x_wconf 85' lang='lat'>335.</span> <span class='ocrx_word' id='word_1_137' title='bbox 1247 2098 1342 2161; x_wconf 70' lang='lat'><em>1343,</em></span> <span class='ocrx_word' id='word_1_138' title='bbox 1360 2098 1401 2142; x_wconf 83' lang='grc' dir='ltr'>ιο</span> <span class='ocrx_word' id='word_1_139' title='bbox 1418 2099 1521 2143; x_wconf 77' lang='lat' dir='ltr'>mars.</span> 
     </span>
     <span class='ocr_line' id='line_1_16' title="bbox 250 2179 1566 2270; baseline -0.002 -22"><span class='ocrx_word' id='word_1_140' title='bbox 250 2185 351 2270; x_wconf 89' lang='lat' dir='ltr'>Supp.</span> <span class='ocrx_word' id='word_1_141' title='bbox 367 2183 542 2262; x_wconf 87' lang='lat' dir='ltr'>Johannes</span> <span class='ocrx_word' id='word_1_142' title='bbox 556 2181 599 2246; x_wconf 93' lang='lat' dir='ltr'>de</span> <span class='ocrx_word' id='word_1_143' title='bbox 615 2180 805 2267; x_wconf 90' lang='lat' dir='ltr'>Columpna</span> <span class='ocrx_word' id='word_1_144' title='bbox 815 2198 824 2224; x_wconf 86' lang='lat'><em>¹</em></span> <span class='ocrx_word' id='word_1_145' title='bbox 835 2181 924 2248; x_wconf 89' lang='lat' dir='ltr'>card.</span> <span class='ocrx_word' id='word_1_146' title='bbox 937 2189 1026 2266; x_wconf 91' lang='lat' dir='ltr'>quat.</span> <span class='ocrx_word' id='word_1_147' title='bbox 1041 2180 1169 2267; x_wconf 89' lang='lat' dir='ltr'>[Petro,</span> <span class='ocrx_word' id='word_1_148' title='bbox 1179 2190 1260 2246; x_wconf 91' lang='lat' dir='ltr'>nato</span> <span class='ocrx_word' id='word_1_149' title='bbox 1275 2181 1445 2265; x_wconf 89' lang='lat' dir='ltr'>quondam</span> <span class='ocrx_word' id='word_1_150' title='bbox 1462 2179 1566 2246; x_wconf 87' lang='lat' dir='ltr'>Nico·</span> 
     </span>
    </p>
   </div>
   <div class='ocr_carea' id='block_1_4' title="bbox 205 2284 1566 2790">
    <p class='ocr_par' dir='ltr' id='par_1_4' title="bbox 205 2284 1566 2665">
     <span class='ocr_line' id='line_1_17' title="bbox 207 2284 1564 2372; baseline -0.004 -20"><span class='ocrx_word' id='word_1_151' title='bbox 207 2289 251 2354; x_wconf 92' lang='lat' dir='ltr'>lai</span> <span class='ocrx_word' id='word_1_152' title='bbox 275 2289 317 2354; x_wconf 90' lang='lat' dir='ltr'>de</span> <span class='ocrx_word' id='word_1_153' title='bbox 343 2288 505 2368; x_wconf 88' lang='lat' dir='ltr'>Tosectis,</span> <span class='ocrx_word' id='word_1_154' title='bbox 531 2306 606 2371; x_wconf 92' lang='lat' dir='ltr'>cap.</span> <span class='ocrx_word' id='word_1_155' title='bbox 633 2306 694 2351; x_wconf 91' lang='lat' dir='ltr'>suo</span> <span class='ocrx_word' id='word_1_156' title='bbox 718 2285 930 2372; x_wconf 89' lang='lat' dir='ltr'>commens.,]</span> <span class='ocrx_word' id='word_1_157' title='bbox 945 2286 987 2350; x_wconf 92' lang='lat' dir='ltr'>de</span> <span class='ocrx_word' id='word_1_158' title='bbox 1004 2306 1079 2351; x_wconf 92' lang='lat' dir='ltr'>can.</span> <span class='ocrx_word' id='word_1_159' title='bbox 1095 2293 1131 2350; x_wconf 92' lang='lat' dir='ltr'>et</span> <span class='ocrx_word' id='word_1_160' title='bbox 1153 2287 1246 2371; x_wconf 90' lang='lat' dir='ltr'>preb.</span> <span class='ocrx_word' id='word_1_161' title='bbox 1263 2286 1345 2350; x_wconf 90' lang='lat' dir='ltr'>eccl.</span> <span class='ocrx_word' id='word_1_162' title='bbox 1369 2284 1564 2350; x_wconf 90' lang='lat' dir='ltr'>Tridentine</span> 
     </span>
     <span class='ocr_line' id='line_1_18' title="bbox 206 2387 1565 2478; baseline -0.005 -19"><span class='ocrx_word' id='word_1_163' title='bbox 206 2393 387 2478; x_wconf 89' lang='lat' dir='ltr'>dignemini</span> <span class='ocrx_word' id='word_1_164' title='bbox 417 2391 643 2478; x_wconf 91' lang='lat' dir='ltr'>providere,...</span> <span class='ocrx_word' id='word_1_165' title='bbox 676 2410 745 2455; x_wconf 90' lang='lat' dir='ltr'>non</span> <span class='ocrx_word' id='word_1_166' title='bbox 776 2393 861 2454; x_wconf 90' lang='lat' dir='ltr'>obst.</span> <span class='ocrx_word' id='word_1_167' title='bbox 886 2389 976 2473; x_wconf 91' lang='lat' dir='ltr'>quod</span> <span class='ocrx_word' id='word_1_168' title='bbox 1003 2389 1091 2455; x_wconf 90' lang='lat' dir='ltr'>idem</span> <span class='ocrx_word' id='word_1_169' title='bbox 1123 2388 1240 2454; x_wconf 90' lang='lat' dir='ltr'>Petrus</span> <span class='ocrx_word' id='word_1_170' title='bbox 1271 2389 1304 2453; x_wconf 92' lang='lat' dir='ltr'>in</span> <span class='ocrx_word' id='word_1_171' title='bbox 1332 2388 1362 2454; x_wconf 85' lang='lat' dir='ltr'>S.</span> <span class='ocrx_word' id='word_1_172' title='bbox 1391 2387 1565 2474; x_wconf 88' lang='lat' dir='ltr'>Gaugerici</span> 
     </span>
     <span class='ocr_line' id='line_1_19' title="bbox 206 2493 1566 2581; baseline -0.002 -22"><span class='ocrx_word' id='word_1_173' title='bbox 206 2495 421 2562; x_wconf 90' lang='lat' dir='ltr'>Cameracen.</span> <span class='ocrx_word' id='word_1_174' title='bbox 437 2502 559 2561; x_wconf 87' lang='lat' dir='ltr'>canet</span> <span class='ocrx_word' id='word_1_175' title='bbox 574 2497 666 2581; x_wconf 89' lang='lat' dir='ltr'>preb.</span> <span class='ocrx_word' id='word_1_176' title='bbox 683 2503 717 2559; x_wconf 91' lang='lat' dir='ltr'>et</span> <span class='ocrx_word' id='word_1_177' title='bbox 737 2494 770 2557; x_wconf 92' lang='lat' dir='ltr'>in</span> <span class='ocrx_word' id='word_1_178' title='bbox 787 2493 986 2559; x_wconf 90' lang='lat' dir='ltr'>Lateranen.</span> <span class='ocrx_word' id='word_1_179' title='bbox 1014 2493 1163 2559; x_wconf 88' lang='lat' dir='ltr'>ecclesiis</span> <span class='ocrx_word' id='word_1_180' title='bbox 1187 2514 1260 2558; x_wconf 92' lang='lat' dir='ltr'>can.</span> <span class='ocrx_word' id='word_1_181' title='bbox 1289 2495 1347 2557; x_wconf 92' lang='lat' dir='ltr'>sub</span> <span class='ocrx_word' id='word_1_182' title='bbox 1373 2513 1447 2578; x_wconf 83' lang='lat' dir='ltr'>exp.</span> <span class='ocrx_word' id='word_1_183' title='bbox 1475 2495 1566 2578; x_wconf 89' lang='lat' dir='ltr'>preb.</span> 
     </span>
     <span class='ocr_line' id='line_1_20' title="bbox 205 2597 733 2665; baseline 0 -1"><span class='ocrx_word' id='word_1_184' title='bbox 205 2601 353 2665; x_wconf 89' lang='lat' dir='ltr'>noscitur</span> <span class='ocrx_word' id='word_1_185' title='bbox 367 2599 528 2665; x_wconf 89' lang='lat' dir='ltr'>obtinere.</span> <span class='ocrx_word' id='word_1_186' title='bbox 539 2641 583 2649; x_wconf 96' lang='lat'>—</span> <span class='ocrx_word' id='word_1_187' title='bbox 600 2598 676 2664; x_wconf 92' lang='lat' dir='ltr'>Fiat</span> <span class='ocrx_word' id='word_1_188' title='bbox 693 2597 733 2664; x_wconf 92' lang='lat' dir='ltr'>R.</span> 
     </span>
    </p>

    <p class='ocr_par' dir='ltr' id='par_1_5' title="bbox 249 2701 1133 2790">
     <span class='ocr_line' id='line_1_21' title="bbox 249 2701 1133 2790; baseline -0.001 -23"><span class='ocrx_word' id='word_1_189' title='bbox 249 2704 329 2770; x_wconf 89' lang='lat' dir='ltr'>Dat.</span> <span class='ocrx_word' id='word_1_190' title='bbox 345 2725 400 2790; x_wconf 92' lang='lat' dir='ltr'>ap.</span> <span class='ocrx_word' id='word_1_191' title='bbox 416 2703 669 2771; x_wconf 87' lang='lat' dir='ltr'>Villamnovam</span> <span class='ocrx_word' id='word_1_192' title='bbox 687 2708 704 2767; x_wconf 90' lang='lat'><strong>6</strong></span> <span class='ocrx_word' id='word_1_193' title='bbox 720 2703 765 2769; x_wconf 91' lang='lat' dir='ltr'>id.</span> <span class='ocrx_word' id='word_1_194' title='bbox 777 2711 874 2768; x_wconf 90' lang='lat' dir='ltr'>mart.</span> <span class='ocrx_word' id='word_1_195' title='bbox 887 2710 920 2768; x_wconf 86' lang='lat' dir='ltr'>a⁰</span> <span class='ocrx_word' id='word_1_196' title='bbox 940 2707 978 2766; x_wconf 84' lang='lat'>1⁰.</span> <span class='ocrx_word' id='word_1_197' title='bbox 997 2703 1047 2784; x_wconf 89' lang='lat'>(2,</span> <span class='ocrx_word' id='word_1_198' title='bbox 1065 2701 1133 2784; x_wconf 90' lang='lat'>92).</span> 
     </span>
    </p>
   </div>
   <div class='ocr_carea' id='block_1_5' title="bbox 250 2842 1565 3047">
    <p class='ocr_par' dir='ltr' id='par_1_6' title="bbox 250 2842 1565 3047">
     <span class='ocr_line' id='line_1_22' title="bbox 256 2842 1522 2937; baseline -0.008 -9"><span class='ocrx_word' id='word_1_199' title='bbox 256 2842 371 2929; x_wconf 84' lang='grc'>336-</span> <span class='ocrx_word' id='word_1_200' title='bbox 1251 2874 1268 2918; x_wconf 91' lang='lat' dir='ltr'>r</span> <span class='ocrx_word' id='word_1_201' title='bbox 1272 2873 1313 2937; x_wconf 77' lang='lat'>34</span> <span class='ocrx_word' id='word_1_202' title='bbox 1312 2873 1345 2937; x_wconf 85' lang='grc'>3,</span> <span class='ocrx_word' id='word_1_203' title='bbox 1366 2874 1403 2918; x_wconf 87' lang='lat' dir='ltr'>r2</span> <span class='ocrx_word' id='word_1_204' title='bbox 1420 2874 1522 2918; x_wconf 73' lang='lat' dir='ltr'>mma.</span> 
     </span>
     <span class='ocr_line' id='line_1_23' title="bbox 250 2956 1565 3047; baseline -0.005 -20"><span class='ocrx_word' id='word_1_205' title='bbox 250 2962 303 3027; x_wconf 89' lang='lat' dir='ltr'>Ad</span> <span class='ocrx_word' id='word_1_206' title='bbox 326 2960 608 3047; x_wconf 87' lang='lat' dir='ltr'>supplicationem</span> <span class='ocrx_word' id='word_1_207' title='bbox 623 2960 821 3041; x_wconf 79' lang='lat' dir='ltr'>Tilmanni²,</span> <span class='ocrx_word' id='word_1_208' title='bbox 837 2962 912 3025; x_wconf 87' lang='lat' dir='ltr'>abb.</span> <span class='ocrx_word' id='word_1_209' title='bbox 930 2958 1119 3025; x_wconf 81' lang='lat' dir='ltr'>monasterii</span> <span class='ocrx_word' id='word_1_210' title='bbox 1152 2958 1326 3039; x_wconf 89' lang='lat' dir='ltr'>Rodensis,</span> <span class='ocrx_word' id='word_1_211' title='bbox 1352 2957 1392 3023; x_wconf 94' lang='grc' dir='ltr'>Ο.</span> <span class='ocrx_word' id='word_1_212' title='bbox 1419 2956 1450 3023; x_wconf 86' lang='lat' dir='ltr'>S.</span> <span class='ocrx_word' id='word_1_213' title='bbox 1480 2959 1565 3041; x_wconf 87' lang='lat' dir='ltr'>Aug.</span> 
     </span>
    </p>
   </div>
   <div class='ocr_carea' id='block_1_6' title="bbox 202 3062 1564 3774">
    <p class='ocr_par' dir='ltr' id='par_1_7' title="bbox 202 3062 1564 3672">
     <span class='ocr_line' id='line_1_24' title="bbox 209 3062 1564 3153; baseline -0.004 -21"><span class='ocrx_word' id='word_1_214' title='bbox 209 3064 481 3153; x_wconf 88' lang='lat' dir='ltr'>[canonicorum]</span> <span class='ocrx_word' id='word_1_215' title='bbox 499 3066 709 3150; x_wconf 89' lang='lat' dir='ltr'>regularium,</span> <span class='ocrx_word' id='word_1_216' title='bbox 735 3063 894 3130; x_wconf 89' lang='lat' dir='ltr'>Leodien.</span> <span class='ocrx_word' id='word_1_217' title='bbox 921 3064 1019 3143; x_wconf 69' lang='lat' dir='ltr'>dioc,</span> <span class='ocrx_word' id='word_1_218' title='bbox 1047 3062 1137 3129; x_wconf 92' lang='lat' dir='ltr'>dom.</span> <span class='ocrx_word' id='word_1_219' title='bbox 1152 3071 1267 3129; x_wconf 88' lang='lat' dir='ltr'>noster</span> <span class='ocrx_word' id='word_1_220' title='bbox 1293 3082 1382 3149; x_wconf 91' lang='lat' dir='ltr'>papa</span> <span class='ocrx_word' id='word_1_221' title='bbox 1408 3062 1564 3147; x_wconf 84' lang='lat' dir='ltr'>providit,</span> 
     </span>
     <span class='ocr_line' id='line_1_25' title="bbox 205 3166 1564 3255; baseline -0.004 -20"><span class='ocrx_word' id='word_1_222' title='bbox 205 3170 296 3255; x_wconf 91' lang='lat' dir='ltr'>quod</span> <span class='ocrx_word' id='word_1_223' title='bbox 311 3169 485 3235; x_wconf 90' lang='lat' dir='ltr'>Conradus</span> <span class='ocrx_word' id='word_1_224' title='bbox 499 3168 518 3247; x_wconf 90' lang='lat' dir='ltr'>J</span> <span class='ocrx_word' id='word_1_225' title='bbox 522 3170 674 3250; x_wconf 91' lang='lat' dir='ltr'>ohannis,</span> <span class='ocrx_word' id='word_1_226' title='bbox 690 3168 800 3234; x_wconf 92' lang='lat' dir='ltr'>dictus</span> <span class='ocrx_word' id='word_1_227' title='bbox 814 3167 857 3233; x_wconf 89' lang='lat' dir='ltr'>de</span> <span class='ocrx_word' id='word_1_228' title='bbox 874 3166 980 3248; x_wconf 85' lang='lat' dir='ltr'>Rode,</span> <span class='ocrx_word' id='word_1_229' title='bbox 997 3166 1079 3233; x_wconf 91' lang='lat' dir='ltr'>civis</span> <span class='ocrx_word' id='word_1_230' title='bbox 1101 3168 1278 3251; x_wconf 83' lang='lat' dir='ltr'>Aquensis,</span> <span class='ocrx_word' id='word_1_231' title='bbox 1303 3169 1411 3253; x_wconf 88' lang='lat' dir='ltr'>presb.</span> <span class='ocrx_word' id='word_1_232' title='bbox 1428 3186 1501 3231; x_wconf 90' lang='lat' dir='ltr'>can.</span> <span class='ocrx_word' id='word_1_233' title='bbox 1530 3175 1564 3231; x_wconf 90' lang='lat' dir='ltr'>et</span> 
     </span>
     <span class='ocr_line' id='line_1_26' title="bbox 204 3271 1564 3354; baseline -0.001 -16"><span class='ocrx_word' id='word_1_234' title='bbox 204 3274 305 3339; x_wconf 84' lang='lat' dir='ltr'>irater</span> <span class='ocrx_word' id='word_1_235' title='bbox 321 3272 452 3339; x_wconf 93' lang='lat' dir='ltr'>cenobii</span> <span class='ocrx_word' id='word_1_236' title='bbox 478 3272 521 3337; x_wconf 89' lang='lat' dir='ltr'>de</span> <span class='ocrx_word' id='word_1_237' title='bbox 544 3272 750 3354; x_wconf 83' lang='lat' dir='ltr'>Hodounclr,</span> <span class='ocrx_word' id='word_1_238' title='bbox 765 3272 855 3338; x_wconf 91' lang='lat' dir='ltr'>dicte</span> <span class='ocrx_word' id='word_1_239' title='bbox 877 3271 1036 3337; x_wconf 86' lang='lat' dir='ltr'>Leodien.</span> <span class='ocrx_word' id='word_1_240' title='bbox 1053 3271 1150 3353; x_wconf 77' lang='lat' dir='ltr'>dioc,</span> <span class='ocrx_word' id='word_1_241' title='bbox 1166 3272 1398 3337; x_wconf 82' lang='lat' dir='ltr'>transferretur</span> <span class='ocrx_word' id='word_1_242' title='bbox 1413 3272 1455 3337; x_wconf 89' lang='lat' dir='ltr'>de</span> <span class='ocrx_word' id='word_1_243' title='bbox 1471 3272 1564 3337; x_wconf 90' lang='lat' dir='ltr'>dicto</span> 
     </span>
     <span class='ocr_line' id='line_1_27' title="bbox 205 3374 1562 3461; baseline -0.003 -18"><span class='ocrx_word' id='word_1_244' title='bbox 205 3377 346 3443; x_wconf 87' lang='lat' dir='ltr'>cenobio</span> <span class='ocrx_word' id='word_1_245' title='bbox 362 3376 396 3439; x_wconf 95' lang='lat' dir='ltr'>in</span> <span class='ocrx_word' id='word_1_246' title='bbox 414 3374 586 3442; x_wconf 83' lang='lat' dir='ltr'>Hodunclr</span> <span class='ocrx_word' id='word_1_247' title='bbox 602 3376 644 3441; x_wconf 91' lang='lat' dir='ltr'>ad</span> <span class='ocrx_word' id='word_1_248' title='bbox 661 3376 769 3461; x_wconf 92' lang='lat' dir='ltr'>ipsum</span> <span class='ocrx_word' id='word_1_249' title='bbox 785 3376 1025 3441; x_wconf 88' lang='lat' dir='ltr'>monasterium</span> <span class='ocrx_word' id='word_1_250' title='bbox 1042 3374 1198 3441; x_wconf 89' lang='lat' dir='ltr'>Rodense</span> <span class='ocrx_word' id='word_1_251' title='bbox 1216 3399 1225 3457; x_wconf 93' lang='lat'>;</span> <span class='ocrx_word' id='word_1_252' title='bbox 1242 3396 1281 3441; x_wconf 92' lang='lat' dir='ltr'>ac</span> <span class='ocrx_word' id='word_1_253' title='bbox 1297 3376 1400 3441; x_wconf 87' lang='lat' dir='ltr'>etiam</span> <span class='ocrx_word' id='word_1_254' title='bbox 1415 3375 1562 3461; x_wconf 87' lang='lat' dir='ltr'>providit</span> 
     </span>
     <span class='ocr_line' id='line_1_28' title="bbox 203 3478 1561 3567; baseline -0.001 -21"><span class='ocrx_word' id='word_1_255' title='bbox 203 3481 312 3547; x_wconf 91' lang='lat' dir='ltr'>eidem</span> <span class='ocrx_word' id='word_1_256' title='bbox 339 3478 495 3545; x_wconf 92' lang='lat' dir='ltr'>Conrado</span> <span class='ocrx_word' id='word_1_257' title='bbox 519 3479 561 3544; x_wconf 88' lang='lat' dir='ltr'>de</span> <span class='ocrx_word' id='word_1_258' title='bbox 588 3500 664 3545; x_wconf 90' lang='lat' dir='ltr'>can.</span> <span class='ocrx_word' id='word_1_259' title='bbox 691 3489 726 3545; x_wconf 90' lang='lat' dir='ltr'>et</span> <span class='ocrx_word' id='word_1_260' title='bbox 751 3482 854 3567; x_wconf 80' lang='lat' dir='ltr'>preb,</span> <span class='ocrx_word' id='word_1_261' title='bbox 874 3479 982 3565; x_wconf 87' lang='lat' dir='ltr'>[vac]</span> <span class='ocrx_word' id='word_1_262' title='bbox 1002 3480 1034 3542; x_wconf 93' lang='lat' dir='ltr'>in</span> <span class='ocrx_word' id='word_1_263' title='bbox 1062 3479 1154 3544; x_wconf 89' lang='lat' dir='ltr'>dicto</span> <span class='ocrx_word' id='word_1_264' title='bbox 1180 3480 1395 3561; x_wconf 89' lang='lat' dir='ltr'>monasterio,</span> <span class='ocrx_word' id='word_1_265' title='bbox 1423 3480 1504 3545; x_wconf 90' lang='lat' dir='ltr'>alias</span> <span class='ocrx_word' id='word_1_266' title='bbox 1517 3481 1561 3545; x_wconf 90' lang='lat' dir='ltr'>de</span> 
     </span>
     <span class='ocr_line' id='line_1_29' title="bbox 202 3582 734 3672; baseline 0.004 -23"><span class='ocrx_word' id='word_1_267' title='bbox 202 3586 353 3672; x_wconf 83' lang='lat' dir='ltr'>proxime</span> <span class='ocrx_word' id='word_1_268' title='bbox 371 3582 532 3670; x_wconf 61' lang='lat' dir='ltr'>[vacat]</span> <span class='ocrx_word' id='word_1_269' title='bbox 547 3583 681 3650; x_wconf 88' lang='lat' dir='ltr'>—Fiat</span> <span class='ocrx_word' id='word_1_270' title='bbox 695 3583 734 3651; x_wconf 92' lang='lat' dir='ltr'>R.</span> 
     </span>
    </p>

    <p class='ocr_par' dir='ltr' id='par_1_8' title="bbox 246 3686 1133 3774">
     <span class='ocr_line' id='line_1_30' title="bbox 246 3686 1133 3774; baseline 0 -21"><span class='ocrx_word' id='word_1_271' title='bbox 246 3690 325 3754; x_wconf 89' lang='lat' dir='ltr'>Dat.</span> <span class='ocrx_word' id='word_1_272' title='bbox 341 3710 396 3774; x_wconf 93' lang='lat' dir='ltr'>ap.</span> <span class='ocrx_word' id='word_1_273' title='bbox 413 3686 664 3753; x_wconf 90' lang='lat' dir='ltr'>Villamnovam</span> <span class='ocrx_word' id='word_1_274' title='bbox 680 3712 700 3773; x_wconf 80' lang='lat'>4</span> <span class='ocrx_word' id='word_1_275' title='bbox 717 3688 759 3754; x_wconf 95' lang='lat' dir='ltr'>id.</span> <span class='ocrx_word' id='word_1_276' title='bbox 775 3698 872 3754; x_wconf 84' lang='lat' dir='ltr'>mart.</span> <span class='ocrx_word' id='word_1_277' title='bbox 890 3696 924 3753; x_wconf 86' lang='lat' dir='ltr'>a⁰</span> <span class='ocrx_word' id='word_1_278' title='bbox 944 3694 982 3754; x_wconf 87' lang='lat'>1⁰.</span> <span class='ocrx_word' id='word_1_279' title='bbox 997 3688 1047 3773; x_wconf 91' lang='lat'>(2,</span> <span class='ocrx_word' id='word_1_280' title='bbox 1062 3710 1079 3770; x_wconf 89' lang='lat'>9</span> <span class='ocrx_word' id='word_1_281' title='bbox 1084 3690 1133 3773; x_wconf 67' lang='lat' dir='ltr'>3l&#39;)</span> 
     </span>
    </p>
   </div>
   <div class='ocr_carea' id='block_1_7' title="bbox 245 3829 1554 4033">
    <p class='ocr_par' dir='ltr' id='par_1_9' title="bbox 245 3829 1554 4033">
     <span class='ocr_line' id='line_1_31' title="bbox 251 3829 1513 3921; baseline -0.01 -8"><span class='ocrx_word' id='word_1_282' title='bbox 251 3829 363 3914; x_wconf 83' lang='lat'>337.</span> <span class='ocrx_word' id='word_1_283' title='bbox 1240 3860 1259 3903; x_wconf 92' lang='lat' dir='ltr'>r</span> <span class='ocrx_word' id='word_1_284' title='bbox 1262 3858 1303 3921; x_wconf 69' lang='lat'>34</span> <span class='ocrx_word' id='word_1_285' title='bbox 1305 3857 1335 3919; x_wconf 88' lang='grc'>3,</span> <span class='ocrx_word' id='word_1_286' title='bbox 1352 3858 1392 3902; x_wconf 87' lang='lat'>12</span> <span class='ocrx_word' id='word_1_287' title='bbox 1410 3858 1513 3901; x_wconf 85' lang='lat' dir='ltr'>mars.</span> 
     </span>
     <span class='ocr_line' id='line_1_32' title="bbox 245 3939 1554 4033; baseline -0.005 -23"><span class='ocrx_word' id='word_1_288' title='bbox 245 3946 345 4033; x_wconf 85' lang='lat' dir='ltr'>Supp.</span> <span class='ocrx_word' id='word_1_289' title='bbox 390 3947 562 4026; x_wconf 91' lang='lat' dir='ltr'>Ysabellis,</span> <span class='ocrx_word' id='word_1_290' title='bbox 588 3944 703 4028; x_wconf 89' lang='lat' dir='ltr'>regina</span> <span class='ocrx_word' id='word_1_291' title='bbox 740 3942 872 4026; x_wconf 91' lang='lat' dir='ltr'>Anglie,</span> <span class='ocrx_word' id='word_1_292' title='bbox 903 3951 995 4027; x_wconf 87' lang='lat' dir='ltr'>quat.</span> <span class='ocrx_word' id='word_1_293' title='bbox 1037 3941 1201 4029; x_wconf 87' lang='lat' dir='ltr'>[Johanni</span> <span class='ocrx_word' id='word_1_294' title='bbox 1236 3940 1425 4025; x_wconf 90' lang='lat' dir='ltr'>Blanqueti,</span> <span class='ocrx_word' id='word_1_295' title='bbox 1459 3939 1554 4025; x_wconf 71' lang='lat' dir='ltr'>cleu]</span> 
     </span>
    </p>
   </div>
   <div class='ocr_carea' id='block_1_8' title="bbox 200 4042 1557 4345">
    <p class='ocr_par' dir='ltr' id='par_1_10' title="bbox 200 4042 1557 4345">
     <span class='ocr_line' id='line_1_33' title="bbox 200 4042 1557 4134; baseline -0.001 -21"><span class='ocrx_word' id='word_1_296' title='bbox 200 4050 403 4116; x_wconf 86' lang='lat' dir='ltr'>Aurbianen.</span> <span class='ocrx_word' id='word_1_297' title='bbox 414 4050 512 4131; x_wconf 84' lang='lat' dir='ltr'>dioc,</span> <span class='ocrx_word' id='word_1_298' title='bbox 527 4049 570 4115; x_wconf 88' lang='lat' dir='ltr'>de</span> <span class='ocrx_word' id='word_1_299' title='bbox 586 4068 659 4114; x_wconf 87' lang='lat' dir='ltr'>can.</span> <span class='ocrx_word' id='word_1_300' title='bbox 670 4054 705 4111; x_wconf 87' lang='lat' dir='ltr'>ct</span> <span class='ocrx_word' id='word_1_301' title='bbox 716 4049 808 4134; x_wconf 89' lang='lat' dir='ltr'>preb.</span> <span class='ocrx_word' id='word_1_302' title='bbox 821 4047 903 4112; x_wconf 93' lang='lat' dir='ltr'>eccl.</span> <span class='ocrx_word' id='word_1_303' title='bbox 920 4046 951 4111; x_wconf 90' lang='lat' dir='ltr'>S.</span> <span class='ocrx_word' id='word_1_304' title='bbox 968 4046 1138 4127; x_wconf 87' lang='lat' dir='ltr'>Odomari,</span> <span class='ocrx_word' id='word_1_305' title='bbox 1162 4045 1248 4111; x_wconf 91' lang='lat' dir='ltr'>dioc.</span> <span class='ocrx_word' id='word_1_306' title='bbox 1270 4042 1448 4127; x_wconf 77' lang='lat' dir='ltr'>Morinen,</span> <span class='ocrx_word' id='word_1_307' title='bbox 1468 4044 1557 4131; x_wconf 88' lang='lat' dir='ltr'>[vac.</span> 
     </span>
     <span class='ocr_line' id='line_1_34' title="bbox 200 4148 1010 4241; baseline -0.001 -24"><span class='ocrx_word' id='word_1_308' title='bbox 200 4155 254 4217; x_wconf 87' lang='lat' dir='ltr'>vel</span> <span class='ocrx_word' id='word_1_309' title='bbox 270 4153 410 4241; x_wconf 88' lang='lat' dir='ltr'>vacat.,]</span> <span class='ocrx_word' id='word_1_310' title='bbox 427 4152 609 4239; x_wconf 86' lang='lat' dir='ltr'>dignemini</span> <span class='ocrx_word' id='word_1_311' title='bbox 624 4150 810 4238; x_wconf 87' lang='lat' dir='ltr'>providere.</span> <span class='ocrx_word' id='word_1_312' title='bbox 821 4190 865 4199; x_wconf 92' lang='lat'>-</span> <span class='ocrx_word' id='word_1_313' title='bbox 881 4148 957 4216; x_wconf 85' lang='lat' dir='ltr'>Fiat</span> <span class='ocrx_word' id='word_1_314' title='bbox 970 4149 1010 4216; x_wconf 91' lang='lat' dir='ltr'>R.</span> 
     </span>
     <span class='ocr_line' id='line_1_35' title="bbox 245 4254 1143 4345; baseline -0.003 -23"><span class='ocrx_word' id='word_1_315' title='bbox 245 4258 323 4323; x_wconf 93' lang='lat' dir='ltr'>Dat.</span> <span class='ocrx_word' id='word_1_316' title='bbox 336 4279 392 4345; x_wconf 90' lang='lat' dir='ltr'>ap.</span> <span class='ocrx_word' id='word_1_317' title='bbox 405 4256 657 4323; x_wconf 85' lang='lat' dir='ltr'>Villamnovam</span> <span class='ocrx_word' id='word_1_318' title='bbox 673 4279 693 4340; x_wconf 89' lang='lat'>4</span> <span class='ocrx_word' id='word_1_319' title='bbox 710 4255 753 4321; x_wconf 92' lang='lat' dir='ltr'>id.</span> <span class='ocrx_word' id='word_1_320' title='bbox 766 4262 864 4321; x_wconf 87' lang='lat' dir='ltr'>mart.</span> <span class='ocrx_word' id='word_1_321' title='bbox 880 4262 913 4319; x_wconf 85' lang='lat' dir='ltr'>a⁰</span> <span class='ocrx_word' id='word_1_322' title='bbox 930 4262 969 4320; x_wconf 86' lang='lat'>1⁰.</span> <span class='ocrx_word' id='word_1_323' title='bbox 987 4257 1035 4339; x_wconf 87' lang='lat'>(3,</span> <span class='ocrx_word' id='word_1_324' title='bbox 1057 4254 1143 4337; x_wconf 83' lang='lat'>104).</span> 
     </span>
    </p>
   </div>
   <div class='ocr_carea' id='block_1_9' title="bbox 199 4452 1559 5037">
    <p class='ocr_par' dir='ltr' id='par_1_11' title="bbox 199 4452 1559 5037">
     <span class='ocr_line' id='line_1_36' title="bbox 233 4452 1556 4518; baseline -0.002 -13"><span class='ocrx_word' id='word_1_325' title='bbox 233 4460 255 4506; x_wconf 90' lang='lat' dir='ltr'>l.</span> <span class='ocrx_word' id='word_1_326' title='bbox 267 4457 332 4507; x_wconf 86' lang='lat' dir='ltr'>Jeun</span> <span class='ocrx_word' id='word_1_327' title='bbox 345 4458 466 4518; x_wconf 84' lang='lat' dir='ltr'>Oolonna,</span> <span class='ocrx_word' id='word_1_328' title='bbox 476 4458 545 4507; x_wconf 82' lang='lat' dir='ltr'>card.</span> <span class='ocrx_word' id='word_1_329' title='bbox 554 4457 641 4505; x_wconf 86' lang='lat' dir='ltr'>diacre</span> <span class='ocrx_word' id='word_1_330' title='bbox 651 4455 684 4504; x_wconf 88' lang='lat' dir='ltr'>de</span> <span class='ocrx_word' id='word_1_331' title='bbox 695 4455 720 4504; x_wconf 87' lang='lat' dir='ltr'>S.</span> <span class='ocrx_word' id='word_1_332' title='bbox 732 4457 805 4515; x_wconf 86' lang='lat' dir='ltr'>Ange</span> <span class='ocrx_word' id='word_1_333' title='bbox 816 4454 920 4516; x_wconf 80' lang='lat' dir='ltr'>(Eubel,</span> <span class='ocrx_word' id='word_1_334' title='bbox 934 4453 953 4512; x_wconf 93' lang='lat' dir='ltr'>I,</span> <span class='ocrx_word' id='word_1_335' title='bbox 965 4456 1026 4514; x_wconf 80' lang='lat'>15).-</span> <span class='ocrx_word' id='word_1_336' title='bbox 1062 4456 1085 4503; x_wconf 83' lang='lat'>2.</span> <span class='ocrx_word' id='word_1_337' title='bbox 1095 4454 1131 4500; x_wconf 84' lang='lat' dir='ltr'>Le</span> <span class='ocrx_word' id='word_1_338' title='bbox 1142 4452 1231 4501; x_wconf 74' lang='lat' dir='ltr'>(arun</span> <span class='ocrx_word' id='word_1_339' title='bbox 1244 4453 1331 4503; x_wconf 72' lang='lat' dir='ltr'>christ.</span> <span class='ocrx_word' id='word_1_340' title='bbox 1343 4466 1375 4502; x_wconf 87' lang='lat' dir='ltr'>ue</span> <span class='ocrx_word' id='word_1_341' title='bbox 1386 4454 1471 4504; x_wconf 89' lang='lat' dir='ltr'>donno</span> <span class='ocrx_word' id='word_1_342' title='bbox 1483 4457 1556 4518; x_wconf 82' lang='lat' dir='ltr'>point</span> 
     </span>
     <span class='ocr_line' id='line_1_37' title="bbox 199 4526 1558 4594; baseline -0.001 -16"><span class='ocrx_word' id='word_1_343' title='bbox 199 4529 232 4579; x_wconf 89' lang='lat' dir='ltr'>de</span> <span class='ocrx_word' id='word_1_344' title='bbox 250 4531 313 4580; x_wconf 70' lang='lat' dir='ltr'>elate</span> <span class='ocrx_word' id='word_1_345' title='bbox 332 4546 397 4594; x_wconf 91' lang='lat' dir='ltr'>pour</span> <span class='ocrx_word' id='word_1_346' title='bbox 412 4532 550 4580; x_wconf 79' lang='lat' dir='ltr'>l&#39;abbatiut</span> <span class='ocrx_word' id='word_1_347' title='bbox 568 4530 601 4579; x_wconf 85' lang='lat' dir='ltr'>de</span> <span class='ocrx_word' id='word_1_348' title='bbox 624 4529 725 4576; x_wconf 77' lang='lat' dir='ltr'>&#39;ll&#39;lmau</span> <span class='ocrx_word' id='word_1_349' title='bbox 744 4529 761 4576; x_wconf 74' lang='lat' dir='ltr'>b</span> <span class='ocrx_word' id='word_1_350' title='bbox 780 4527 878 4576; x_wconf 84' lang='lat' dir='ltr'>Rolduc</span> <span class='ocrx_word' id='word_1_351' title='bbox 896 4527 958 4587; x_wconf 85' lang='lat' dir='ltr'>(Ill,</span> <span class='ocrx_word' id='word_1_352' title='bbox 973 4526 1055 4588; x_wconf 86' lang='lat'>1006).</span> <span class='ocrx_word' id='word_1_353' title='bbox 1074 4526 1176 4575; x_wconf 82' lang='lat' dir='ltr'>Nicolas</span> <span class='ocrx_word' id='word_1_354' title='bbox 1198 4526 1354 4589; x_wconf 77' lang='lat' dir='ltr'>Hcyendacl,</span> <span class='ocrx_word' id='word_1_355' title='bbox 1375 4526 1558 4577; x_wconf 81' lang='lat' dir='ltr'>continuateur</span> 
     </span>
     <span class='ocr_line' id='line_1_38' title="bbox 199 4599 1559 4665; baseline 0 -13"><span class='ocrx_word' id='word_1_356' title='bbox 199 4605 244 4654; x_wconf 78' lang='lat' dir='ltr'>(les</span> <span class='ocrx_word' id='word_1_357' title='bbox 255 4605 370 4654; x_wconf 73' lang='lat' dir='ltr'>Annales</span> <span class='ocrx_word' id='word_1_358' title='bbox 385 4604 517 4664; x_wconf 63' lang='lat' dir='ltr'>modam,</span> <span class='ocrx_word' id='word_1_359' title='bbox 530 4606 553 4654; x_wconf 89' lang='lat' dir='ltr'>le</span> <span class='ocrx_word' id='word_1_360' title='bbox 571 4605 623 4653; x_wconf 80' lang='lat' dir='ltr'>cite</span> <span class='ocrx_word' id='word_1_361' title='bbox 642 4617 741 4651; x_wconf 83' lang='lat' dir='ltr'>comme</span> <span class='ocrx_word' id='word_1_362' title='bbox 761 4602 784 4651; x_wconf 91' lang='lat' dir='ltr'>le</span> <span class='ocrx_word' id='word_1_363' title='bbox 796 4603 907 4665; x_wconf 87' lang='lat' dir='ltr'>premier</span> <span class='ocrx_word' id='word_1_364' title='bbox 918 4601 963 4650; x_wconf 88' lang='lat' dir='ltr'>des</span> <span class='ocrx_word' id='word_1_365' title='bbox 982 4606 1074 4663; x_wconf 85' lang='lat' dir='ltr'>quatre</span> <span class='ocrx_word' id='word_1_366' title='bbox 1084 4599 1164 4649; x_wconf 68' lang='lat' dir='ltr'>rubbes</span> <span class='ocrx_word' id='word_1_367' title='bbox 1174 4600 1211 4649; x_wconf 89' lang='lat' dir='ltr'>du</span> <span class='ocrx_word' id='word_1_368' title='bbox 1222 4600 1297 4649; x_wconf 80' lang='lat' dir='ltr'><strong>XIV‘</strong></span> <span class='ocrx_word' id='word_1_369' title='bbox 1309 4599 1392 4663; x_wconf 78' lang='lat' dir='ltr'>siecle,</span> <span class='ocrx_word' id='word_1_370' title='bbox 1404 4602 1469 4650; x_wconf 84' lang='lat' dir='ltr'>dont</span> <span class='ocrx_word' id='word_1_371' title='bbox 1480 4617 1512 4650; x_wconf 92' lang='lat' dir='ltr'>on</span> <span class='ocrx_word' id='word_1_372' title='bbox 1525 4618 1559 4652; x_wconf 89' lang='lat' dir='ltr'>ne</span> 
     </span>
     <span class='ocr_line' id='line_1_39' title="bbox 200 4674 1559 4743; baseline -0.001 -15"><span class='ocrx_word' id='word_1_373' title='bbox 200 4680 306 4728; x_wconf 78' lang='lat' dir='ltr'>connait</span> <span class='ocrx_word' id='word_1_374' title='bbox 316 4694 363 4743; x_wconf 77' lang='lat' dir='ltr'>pce</span> <span class='ocrx_word' id='word_1_375' title='bbox 372 4680 408 4729; x_wconf 73' lang='lat' dir='ltr'>les</span> <span class='ocrx_word' id='word_1_376' title='bbox 415 4677 512 4728; x_wconf 77' lang='lat' dir='ltr'>anndes</span> <span class='ocrx_word' id='word_1_377' title='bbox 523 4678 622 4740; x_wconf 71' lang='lat' dir='ltr'>(lirum,</span> <span class='ocrx_word' id='word_1_378' title='bbox 631 4676 747 4724; x_wconf 61' lang='lat' dir='ltr'>Histoire</span> <span class='ocrx_word' id='word_1_379' title='bbox 758 4675 789 4723; x_wconf 83' lang='lat' dir='ltr'>de</span> <span class='ocrx_word' id='word_1_380' title='bbox 801 4675 945 4739; x_wconf 75' lang='lat' dir='ltr'>Limboury,</span> <span class='ocrx_word' id='word_1_381' title='bbox 959 4674 1096 4738; x_wconf 74' lang='lat' dir='ltr'>Supplom,</span> <span class='ocrx_word' id='word_1_382' title='bbox 1110 4679 1129 4725; x_wconf 83' lang='lat' dir='ltr'>t.</span> <span class='ocrx_word' id='word_1_383' title='bbox 1137 4678 1158 4736; x_wconf 82' lang='lat'>7,</span> <span class='ocrx_word' id='word_1_384' title='bbox 1171 4690 1195 4739; x_wconf 89' lang='lat' dir='ltr'>p.</span> <span class='ocrx_word' id='word_1_385' title='bbox 1205 4678 1254 4736; x_wconf 79' lang='grc'>90).</span> <span class='ocrx_word' id='word_1_386' title='bbox 1264 4676 1367 4725; x_wconf 86' lang='lat' dir='ltr'>L&#39;ordre</span> <span class='ocrx_word' id='word_1_387' title='bbox 1378 4676 1441 4737; x_wconf 87' lang='lat' dir='ltr'>qu&#39;il</span> <span class='ocrx_word' id='word_1_388' title='bbox 1453 4677 1559 4738; x_wconf 83' lang='lat' dir='ltr'>indique</span> 
     </span>
     <span class='ocr_line' id='line_1_40' title="bbox 200 4747 1559 4817; baseline -0.001 -16"><span class='ocrx_word' id='word_1_389' title='bbox 200 4759 240 4801; x_wconf 84' lang='lat' dir='ltr'>est</span> <span class='ocrx_word' id='word_1_390' title='bbox 251 4753 374 4803; x_wconf 62' lang='lat' dir='ltr'>confirmi</span> <span class='ocrx_word' id='word_1_391' title='bbox 389 4767 435 4817; x_wconf 81' lang='lat' dir='ltr'>par</span> <span class='ocrx_word' id='word_1_392' title='bbox 446 4767 498 4802; x_wconf 87' lang='lat' dir='ltr'>une</span> <span class='ocrx_word' id='word_1_393' title='bbox 510 4752 580 4800; x_wconf 88' lang='lat' dir='ltr'>bulle</span> <span class='ocrx_word' id='word_1_394' title='bbox 597 4751 724 4799; x_wconf 81' lang='lat' dir='ltr'>‹l&#39;Urbain</span> <span class='ocrx_word' id='word_1_395' title='bbox 735 4750 758 4796; x_wconf 89' lang='lat' dir='ltr'>V</span> <span class='ocrx_word' id='word_1_396' title='bbox 770 4750 805 4797; x_wconf 91' lang='lat' dir='ltr'>du</span> <span class='ocrx_word' id='word_1_397' title='bbox 817 4751 848 4797; x_wconf 81' lang='grc'>26</span> <span class='ocrx_word' id='word_1_398' title='bbox 868 4748 925 4810; x_wconf 89' lang='lat' dir='ltr'>juin</span> <span class='ocrx_word' id='word_1_399' title='bbox 940 4751 1008 4807; x_wconf 86' lang='grc'>1363,</span> <span class='ocrx_word' id='word_1_400' title='bbox 1020 4750 1065 4811; x_wconf 91' lang='lat' dir='ltr'>qui</span> <span class='ocrx_word' id='word_1_401' title='bbox 1078 4748 1171 4809; x_wconf 81' lang='lat' dir='ltr'>charge</span> <span class='ocrx_word' id='word_1_402' title='bbox 1181 4747 1296 4811; x_wconf 71' lang='lat' dir='ltr'>leveque</span> <span class='ocrx_word' id='word_1_403' title='bbox 1309 4750 1401 4799; x_wconf 83' lang='lat' dir='ltr'>Daniel</span> <span class='ocrx_word' id='word_1_404' title='bbox 1413 4750 1445 4799; x_wconf 90' lang='lat' dir='ltr'>de</span> <span class='ocrx_word' id='word_1_405' title='bbox 1456 4750 1559 4800; x_wconf 80' lang='lat' dir='ltr'>Vcrdcn</span> 
     </span>
     <span class='ocr_line' id='line_1_41' title="bbox 200 4822 1559 4889; baseline -0.001 -15"><span class='ocrx_word' id='word_1_406' title='bbox 200 4828 233 4876; x_wconf 88' lang='lat' dir='ltr'>de</span> <span class='ocrx_word' id='word_1_407' title='bbox 251 4827 317 4875; x_wconf 80' lang='lat' dir='ltr'>faire</span> <span class='ocrx_word' id='word_1_408' title='bbox 332 4842 384 4878; x_wconf 81' lang='lat' dir='ltr'>une</span> <span class='ocrx_word' id='word_1_409' title='bbox 402 4826 516 4889; x_wconf 70' lang='lat' dir='ltr'>euqudte</span> <span class='ocrx_word' id='word_1_410' title='bbox 534 4839 579 4874; x_wconf 87' lang='lat' dir='ltr'>sur</span> <span class='ocrx_word' id='word_1_411' title='bbox 596 4824 724 4874; x_wconf 70' lang='lat' dir='ltr'>l&#39;election</span> <span class='ocrx_word' id='word_1_412' title='bbox 742 4826 788 4886; x_wconf 90' lang='lat' dir='ltr'>qui</span> <span class='ocrx_word' id='word_1_413' title='bbox 799 4838 815 4871; x_wconf 84' lang='lat' dir='ltr'>a</span> <span class='ocrx_word' id='word_1_414' title='bbox 826 4825 893 4872; x_wconf 77' lang='lat' dir='ltr'>suiri</span> <span class='ocrx_word' id='word_1_415' title='bbox 913 4823 937 4872; x_wconf 91' lang='lat' dir='ltr'>lc</span> <span class='ocrx_word' id='word_1_416' title='bbox 955 4822 1028 4873; x_wconf 71' lang='lat' dir='ltr'>doubs</span> <span class='ocrx_word' id='word_1_417' title='bbox 1039 4824 1071 4873; x_wconf 89' lang='lat' dir='ltr'>de</span> <span class='ocrx_word' id='word_1_418' title='bbox 1088 4822 1172 4871; x_wconf 78' lang='lat' dir='ltr'>l&#39;abbe</span> <span class='ocrx_word' id='word_1_419' title='bbox 1185 4824 1286 4873; x_wconf 78' lang='lat' dir='ltr'>Conrad</span> <span class='ocrx_word' id='word_1_420' title='bbox 1298 4825 1380 4885; x_wconf 84' lang='lat' dir='ltr'>etqui</span> <span class='ocrx_word' id='word_1_421' title='bbox 1392 4824 1559 4873; x_wconf 76' lang='lat' dir='ltr'>uvaitdonnd</span> 
     </span>
     <span class='ocr_line' id='line_1_42' title="bbox 201 4896 1559 4961; baseline -0.003 -12"><span class='ocrx_word' id='word_1_422' title='bbox 201 4902 253 4950; x_wconf 88' lang='lat' dir='ltr'>lieu</span> <span class='ocrx_word' id='word_1_423' title='bbox 264 4906 281 4950; x_wconf 71' lang='lat' dir='ltr'>a</span> <span class='ocrx_word' id='word_1_424' title='bbox 291 4915 327 4948; x_wconf 89' lang='lat' dir='ltr'>un</span> <span class='ocrx_word' id='word_1_425' title='bbox 339 4901 436 4951; x_wconf 84' lang='lat' dir='ltr'>‹louble</span> <span class='ocrx_word' id='word_1_426' title='bbox 446 4900 528 4959; x_wconf 81' lang='lat' dir='ltr'>choix,</span> <span class='ocrx_word' id='word_1_427' title='bbox 548 4899 615 4948; x_wconf 89' lang='lat' dir='ltr'>celui</span> <span class='ocrx_word' id='word_1_428' title='bbox 635 4900 668 4949; x_wconf 89' lang='lat' dir='ltr'>de</span> <span class='ocrx_word' id='word_1_429' title='bbox 680 4896 803 4947; x_wconf 72' lang='lat' dir='ltr'>curuum</span> <span class='ocrx_word' id='word_1_430' title='bbox 822 4898 855 4947; x_wconf 81' lang='lat' dir='ltr'>‹le</span> <span class='ocrx_word' id='word_1_431' title='bbox 868 4899 945 4959; x_wconf 73' lang='lat' dir='ltr'>siege</span> <span class='ocrx_word' id='word_1_432' title='bbox 956 4912 1003 4961; x_wconf 82' lang='lat' dir='ltr'>pur</span> <span class='ocrx_word' id='word_1_433' title='bbox 1020 4912 1071 4947; x_wconf 90' lang='lat' dir='ltr'>une</span> <span class='ocrx_word' id='word_1_434' title='bbox 1088 4899 1170 4960; x_wconf 85' lang='lat' dir='ltr'>partic</span> <span class='ocrx_word' id='word_1_435' title='bbox 1181 4898 1214 4947; x_wconf 84' lang='lat' dir='ltr'>de</span> <span class='ocrx_word' id='word_1_436' title='bbox 1226 4898 1251 4947; x_wconf 81' lang='lat' dir='ltr'>ln</span> <span class='ocrx_word' id='word_1_437' title='bbox 1262 4897 1444 4947; x_wconf 62' lang='lat' dir='ltr'>communium</span> <span class='ocrx_word' id='word_1_438' title='bbox 1455 4904 1482 4947; x_wconf 85' lang='lat' dir='ltr'>et</span> <span class='ocrx_word' id='word_1_439' title='bbox 1493 4898 1559 4949; x_wconf 84' lang='lat' dir='ltr'>celui</span> 
     </span>
     <span class='ocr_line' id='line_1_43' title="bbox 201 4972 1129 5037; baseline -0.004 -14"><span class='ocrx_word' id='word_1_440' title='bbox 201 4974 234 5025; x_wconf 90' lang='lat' dir='ltr'>de</span> <span class='ocrx_word' id='word_1_441' title='bbox 246 4974 332 5024; x_wconf 85' lang='lat' dir='ltr'>Pierre</span> <span class='ocrx_word' id='word_1_442' title='bbox 343 4975 375 5023; x_wconf 85' lang='lat' dir='ltr'>‹le</span> <span class='ocrx_word' id='word_1_443' title='bbox 397 4974 527 5023; x_wconf 85' lang='lat' dir='ltr'>Dedekem</span> <span class='ocrx_word' id='word_1_444' title='bbox 539 4987 585 5037; x_wconf 81' lang='lat' dir='ltr'>par</span> <span class='ocrx_word' id='word_1_445' title='bbox 601 4973 701 5021; x_wconf 82' lang='lat' dir='ltr'>l‘autre.</span> <span class='ocrx_word' id='word_1_446' title='bbox 715 4975 730 5036; x_wconf 89' lang='lat'><em>(</em></span> <span class='ocrx_word' id='word_1_447' title='bbox 736 4972 795 5036; x_wconf 73' lang='lat' dir='ltr'>Req.</span> <span class='ocrx_word' id='word_1_448' title='bbox 808 4972 890 5032; x_wconf 83' lang='lat' dir='ltr'>.lrin.,</span> <span class='ocrx_word' id='word_1_449' title='bbox 905 4974 958 5033; x_wconf 75' lang='lat'>155,</span> <span class='ocrx_word' id='word_1_450' title='bbox 971 4972 998 5021; x_wconf 78' lang='lat' dir='ltr'>ff.</span> <span class='ocrx_word' id='word_1_451' title='bbox 1012 4973 1100 5023; x_wconf 79' lang='lat' dir='ltr'>ll-ilv</span> <span class='ocrx_word' id='word_1_452' title='bbox 1110 4972 1129 5034; x_wconf 93' lang='lat'>.)</span> 
     </span>
    </p>
   </div>
   <div class='ocr_carea' id='block_1_10' title="bbox 0 0 1843 5675">
    <p class='ocr_par' dir='ltr' id='par_1_12' title="bbox 0 0 1843 5675">
     <span class='ocr_line' id='line_1_44' title="bbox 0 0 1843 5675; baseline 0 0"><span class='ocrx_word' id='word_1_453' title='bbox 0 0 1843 5675; x_wconf 95' lang='lat' dir='ltr'> </span> 
     </span>
    </p>
   </div>
  </div>
 </body>
</html>
