3650 5675
307 487 369 553 500
791 487 878 560 1350,
901 485 942 549 80
963 485 1081 549 mars-8
1103 485 1187 549 avril.

308 640 404 704 annis
418 648 453 705 et
468 641 555 705 ultra
580 639 623 704 de
651 659 725 704 can.
751 646 785 703 et
809 641 901 724 preb.
928 636 966 701 B.
984 635 1033 701 M.
1049 637 1303 718 Anthoniensis,
1332 636 1550 705 Cameracen.
1574 640 1672 731 dioc„

308 764 382 808 vac.
397 743 431 807 in
449 741 547 808 Rom.
570 743 661 808 curia
685 762 746 829 per
770 744 825 807 ob.
849 762 937 825 mag.
964 740 1084 818 Jacobi
1110 740 1154 806 de
1179 740 1268 805 Villa
1279 751 1298 821 ¹,
1314 740 1371 825 qui
1386 740 1421 805 in
1436 742 1558 808 eadem
1583 746 1674 811 curia

309 845 398 911 diem
425 846 545 911 clausit
569 853 779 925 extremum3
805 866 874 911 non
899 847 986 910 obst.
1010 847 1087 909 ben.
1112 864 1177 928 que
1203 844 1337 910 obtinet
1363 852 1398 909 et
1424 855 1591 931 expectat,
1607 870 1673 933 que

310 949 342 1015 S.
358 949 397 1015 V.
413 949 569 1034 dignetur
585 950 708 1015 habere
723 970 785 1035 pro
805 948 979 1034 expressis.
994 988 1039 997 —
1055 946 1132 1012 Fiat
1154 947 1196 1014 R.

351 1054 432 1119 Dat.
447 1054 547 1119 Avin.
567 1074 583 1137 3
601 1053 669 1118 kal.
686 1053 779 1139 april.
795 1060 828 1117 a⁰
845 1055 888 1117 8⁰.
905 1053 977 1137 (18,
996 1050 1034 1115 P.
1051 1049 1096 1131 11,
1115 1052 1183 1136 21).

365 1207 665 1290 1920-1921.
1356 1243 1451 1306 1350,
1465 1244 1510 1307 30
1526 1247 1629 1291 mm.

355 1326 456 1412 Supp.
465 1324 663 1411 Raynardus
673 1326 806 1392 Balbeti
816 1341 837 1407 ²,
847 1323 1139 1405 Claromontensis,
1148 1332 1241 1408 quat.
1251 1324 1337 1411 [filio
1346 1346 1407 1392 suo
1419 1326 1521 1393 Petro
1530 1326 1674 1395 Balbeti

312 1429 433 1494 elerico
449 1428 731 1511 Claromontensi,
747 1430 790 1495 de
807 1427 920 1493 officio
942 1427 1135 1491 scolasterie
1162 1448 1221 1493 seu
1247 1427 1289 1494 de
1314 1429 1508 1495 scolasteria
1534 1431 1673 1496 ecclesie

313 1532 487 1615 collegiata
503 1530 545 1595 de
561 1531 696 1615 Lutosa,
720 1531 938 1597 Cameracen.
960 1529 1058 1611 dioc,
1069 1551 1143 1596 vac.
1159 1550 1219 1615 per
1234 1532 1288 1596 ob.
1300 1528 1320 1607 J
1324 1531 1466 1596 ohannis
1483 1531 1675 1619 Crudepen-

312 1634 400 1711 nine,
417 1634 472 1718 qui
489 1642 583 1700 extra
598 1636 725 1701 curiam
740 1636 829 1701 diem
846 1633 965 1699 clausit
980 1640 1178 1713 extremum,
1201 1641 1236 1698 et
1252 1634 1424 1699 collationi
1447 1643 1556 1721 apost.
1572 1657 1675 1701 reser-

312 1748 391 1802 vata
414 1737 596 1822 dignemini
621 1740 819 1823 providere;
849 1757 918 1802 non
946 1739 1032 1801 obst.
1061 1735 1152 1819 quod
1178 1735 1268 1801 idern
1296 1736 1414 1803 Petrus
1441 1758 1516 1804 can.
1532 1747 1568 1804 et
1581 1744 1674 1826 preb.

313 1839 453 1905 ecclesie
476 1840 652 1926 collegiate
675 1841 707 1907 S.
731 1840 878 1927 Caprasii
902 1841 1077 1923 Agennen.
1100 1839 1253 1904 obtinere
1276 1848 1444 1906 noscatur.
1467 1882 1510 1891 -
1533 1840 1610 1907 Fiat
1633 1842 1675 1909 R.

360 1984 458 2044 1921.
483 1976 571 2043 Item
587 1988 677 2063 quat.
697 1978 864 2066 [familiari
881 1999 942 2043 suo
957 1976 976 2055 J
980 1976 1105 2041 ohanni
1123 1974 1262 2061 Majoris
1271 1986 1291 2057 ³,
1307 1976 1520 2064 presbitero],
1535 1979 1675 2045 Ambia-

314 2102 391 2146 nen.
407 2081 504 2162 dioc,
520 2082 562 2147 de
577 2084 713 2168 paroch.
724 2084 805 2148 eccl.
822 2082 864 2147 de
881 2080 1030 2161 Elchele,
1046 2079 1263 2145 Cameracen.
1278 2078 1375 2162 dioc,
1391 2102 1466 2147 vac.
1480 2080 1525 2146 ad
1539 2102 1675 2167 presens

313 2206 373 2270 per
389 2188 441 2251 ob.
457 2186 598 2272 predicti
614 2186 779 2265 Jolrannis
794 2184 1052 2272 Crudepennine
1068 2183 1240 2249 collationi
1255 2192 1364 2270 apost.
1376 2194 1545 2251 reservata
1559 2187 1676 2272 digne-

313 2289 395 2353 mini
411 2287 608 2375 providere;
634 2310 702 2356 non
727 2292 812 2355 obst.
830 2288 921 2373 quod
937 2309 1010 2353 can.
1027 2295 1062 2351 et
1077 2290 1168 2372 preb.
1185 2285 1216 2353 S.
1233 2286 1323 2351 Petri
1340 2286 1530 2369 Insulensis,
1546 2289 1675 2355 Toma-

315 2411 388 2457 oen.
412 2391 510 2472 dioc,
538 2394 764 2478 acceptaverit
780 2392 957 2477 dequibus
978 2392 1011 2455 in
1035 2390 1126 2456 curia
1150 2389 1248 2456 Rom.
1275 2390 1331 2456 diu
1356 2391 1500 2476 litigavit
1515 2401 1551 2457 et
1565 2393 1676 2459 adhuc

314 2494 433 2579 litigat.
457 2535 500 2544 -
525 2494 602 2561 Fiat
627 2496 666 2562 R.

358 2598 438 2665 Dat.
455 2600 554 2665 Avin.
572 2621 589 2684 3
606 2599 673 2666 kal.
690 2600 784 2687 april.
800 2608 833 2666 a⁰
850 2603 892 2665 8⁰.
911 2601 982 2684 (18,
1000 2598 1036 2663 P.
1055 2596 1100 2679 11,
1118 2598 1186 2682 24).

370 2755 507 2839 1922.
985 2754 988 2759 ’
1383 2784 1478 2849 1350,
1496 2766 1517 2829 6
1532 2768 1630 2832 avril.

355 2873 457 2960 Supp.
473 2872 656 2952 Jolranues,
673 2871 849 2958 episcopus
866 2868 994 2954 Regen.
1006 2881 1026 2949 ⁴,
1043 2875 1133 2952 quat.
1150 2866 1170 2946 J
1172 2868 1296 2934 ohanni
1312 2868 1354 2934 de
1370 2871 1527 2955 Aycuria,
1551 2872 1674 2937 clerico

313 2975 501 3057 leodiensi,
524 2976 565 3041 de
591 2979 667 3040 ben.
694 2976 776 3040 ecel.
793 2995 821 3039 c.
838 2994 867 3039 c.
883 2973 937 3037 vel
954 2993 979 3037 s.
996 2992 1024 3037 c.
1049 2979 1226 3057 spectante
1249 2971 1292 3037 ad
1315 2973 1529 3039 collationem
1556 2994 1674 3040 mona-

314 3079 403 3143 sterii
427 3079 458 3144 S.
474 3077 646 3143 Laurentii
663 3098 766 3164 prope
781 3097 893 3142 muros
909 3075 1069 3140 Leodien.
1085 3075 1266 3160 dignemini
1279 3077 1465 3162 providere.
1481 3117 1524 3128 -
1540 3076 1615 3143 Fiat
1632 3076 1673 3142 R.

357 3183 436 3247 Dat.
452 3182 550 3247 Avin.
568 3185 586 3246 8
604 3181 646 3248 id.
663 3182 756 3267 april.
774 3188 808 3246 a⁰
824 3183 867 3245 8⁰.
884 3182 954 3262 (18,
972 3178 1008 3244 P.
1026 3177 1071 3258 11,
1090 3183 1171 3262 271).

367 3335 507 3420 1923
1384 3370 1479 3434 1350,
1495 3353 1629 3416 8avril.

356 3455 457 3540 Supp.
473 3452 645 3532 Jolrannes
670 3451 803 3515 Punfier
829 3450 872 3516 de
897 3450 1048 3514 Liemoir
1059 3457 1080 3531 ⁵,
1096 3459 1187 3534 quat.
1203 3452 1265 3518 sibi
1289 3450 1332 3517 de
1357 3473 1433 3520 can.
1457 3463 1492 3520 et
1517 3458 1609 3540 preb.
1634 3474 1674 3520 ac

312 3559 464 3624 cantoria
480 3557 620 3623 ecclesie
637 3555 675 3620 B.
694 3553 743 3620 M.
759 3555 937 3638 Aquensis,
954 3554 1115 3620 Leodien.
1130 3554 1228 3636 dioc,
1244 3577 1318 3622 vac.
1333 3556 1423 3643 apud
1438 3556 1553 3621 sedem
1564 3567 1673 3641 apost.

312 3683 371 3748 per
386 3665 440 3728 ob.
457 3659 666 3740 Godescalci,
693 3659 865 3742 quondam
888 3658 991 3744 ipsius
1017 3658 1159 3724 ecclesie
1183 3661 1338 3742 cantoris,
1355 3661 1411 3745 qui
1430 3668 1524 3724 extra
1548 3661 1673 3725 curiam

312 3765 464 3846 decessit,
489 3765 582 3849 cujus
605 3761 769 3828 beneficia
792 3769 871 3826 ante
894 3764 949 3826 ob.
966 3761 1098 3827 suerum
1113 3772 1294 3844 reservata,
1310 3784 1440 3848 queque
1456 3763 1607 3830 cantoria
1622 3772 1674 3828 est

311 3868 465 3952 dignitas,
479 3867 634 3950 adquam
647 3864 720 3949 quis
735 3864 910 3929 consuevit
925 3884 985 3950 per
998 3865 1201 3930 electionem
1216 3869 1349 3948 assumi,
1366 3867 1546 3952 dignemini
1562 3867 1673 3953 provi-

312 3971 412 4052 dere;
434 3991 503 4036 non
521 3973 606 4036 obst.
622 3968 713 4053 quod
728 3968 761 4032 in
778 3967 987 4033 Cennacensi
1003 3976 1038 4032 et
1054 3967 1085 4032 S.
1103 3967 1193 4033 Petri
1217 3967 1429 4051 Casletensis,
1454 3969 1615 4036 Leodien.
1637 3977 1674 4034 et

314 4071 481 4140 Morinen.
505 4073 601 4154 dioc,
626 4092 699 4138 can.
715 4080 749 4136 et
772 4071 960 4157 prebendas
982 4071 1130 4137 noscitur
1152 4073 1313 4139 obtinere.
1337 4109 1379 4120 -
1403 4073 1478 4139 Fiat
1502 4073 1544 4139 R.

356 4179 436 4243 Dat.
452 4177 551 4243 Avin.
571 4181 587 4241 6
605 4174 648 4241 id.
666 4175 760 4262 april.
777 4183 811 4240 a⁰
828 4178 870 4240 8⁰.
888 4177 958 4258 (18,
975 4175 1012 4240 P.
1030 4173 1075 4256 11,
1096 4182 1172 4261 15').

367 4331 509 4415 1924.
652 4367 655 4374 ·
1383 4362 1422 4425 13
1425 4360 1478 4423 50,
1494 4343 1516 4406 8
1530 4343 1628 4408 avril.

356 4450 457 4535 Supp.
482 4447 600 4512 Petrus
624 4443 814 4529 Raymundi
841 4445 884 4510 de
909 4444 1151 4530 Rupistangno,
1175 4444 1330 4511 dominus
1351 4445 1394 4512 de
1409 4445 1671 4531 CampagniacO,

313 4553 353 4619 E.
369 4553 402 4618 S.
417 4551 596 4631 familiaris,
621 4557 712 4632 quat.
741 4547 910 4636 [familiari
926 4569 988 4613 suo
1003 4547 1023 4627 J
1025 4549 1159 4629 ohanni,
1175 4557 1258 4614 nato
1275 4547 1407 4615 Nicolai
1425 4547 1614 4616 Collebiaul
1628 4549 1672 4614 de

347 4761 368 4807 1.
385 4755 711 4814 Voirn.1882;Virlnl,n.
729 4756 801 4802 5012.
813 4781 844 4790 -
858 4756 881 4802 2.
899 4753 961 4801 Voir
978 4769 1003 4803 n.
1022 4757 1076 4802 111.
1086 4780 1118 4791 -
1137 4755 1160 4803 3.
1177 4753 1240 4802 Voir
1256 4767 1283 4802 n.
1302 4755 1371 4803 1155.
1382 4780 1415 4789 —
1425 4754 1448 4802 4.
1464 4753 1532 4802 Jonn
1542 4753 1670 4817 torrem.

311 4834 402 4882 uncina
421 4831 579 4881 archirliacre
598 4828 630 4877 de
650 4828 719 4878 Gaea
737 4827 802 4876 dans
820 4827 917 4888 reguse
937 4827 969 4876 de
989 4828 1100 4886 Lisieun
1117 4826 1220 4876 nomme
1230 4826 1329 4888 §reque
1338 4827 1371 4875 de
1382 4827 1443 4875 Rieu
1454 4825 1479 4874 le
1491 4827 1594 4876 llaottt
1608 4828 1670 4875 lars·

311 4906 416 4968 §IlubeL
430 4907 449 4965 1,
462 4905 575 4966 438).-
591 4907 614 4952 5.
635 4903 696 4951 Voir
713 4917 738 4952 n.
757 4904 827 4951 1886.
