3650 5675
703 549 793 628 1346,
814 548 898 611 17-18
921 549 1001 613 aaut.
1477 552 1535 617 211

224 701 373 785 1046.
1231 713 1327 796 1316,
1344 732 1386 797 17
1402 719 1490 781 aurit.

215 821 317 906 Supp.
334 818 500 905 P[etrus],
518 817 794 902 Cesaraugustan.
811 814 1007 900 archiepisc.
1024 825 1042 894 ¹,
1059 822 1151 899 quat.
1171 814 1339 902 [seriitori
1356 839 1416 884 suo
1433 818 1541 885 Iterio·

172 925 214 990 de
232 922 414 1002 Manhaco,
430 922 483 987 lic.
505 921 539 985 in
562 921 661 1000 decr,
687 917 824 985 officiali
852 915 1158 1003 Cesaraugustan.],
1186 918 1534 1004 archipresbiteratum

174 1027 434 1106 Belchitensem,
457 1025 734 1110 Cesaraugustan.
749 1022 847 1100 dioc,
864 1021 1016 1086 conferre
1032 1021 1214 1106 dignemini
1230 1046 1239 1102 ;
1255 1044 1324 1088 non
1341 1028 1426 1091 obst.
1446 1027 1536 1110 quod

176 1151 250 1197 can.
274 1137 309 1194 et
332 1131 425 1215 preb.
449 1129 483 1193 in
509 1130 592 1193 eccl.
619 1127 651 1192 S.
668 1124 856 1208 Walburgis
876 1123 918 1189 de
941 1123 1068 1204 Furnis,
1092 1123 1258 1191 Morinen.
1275 1127 1372 1210 dioc,
1389 1130 1542 1195 noscitur*

176 1235 338 1300 obtinere.
352 1273 396 1282 —
413 1232 489 1298 Fiat
505 1232 546 1298 R.

220 1338 299 1403 Dat.
314 1337 413 1402 Avin.
432 1341 469 1400 16
484 1335 551 1402 kal.
568 1344 653 1422 sept.
669 1341 703 1400 a⁰
721 1341 762 1417 5⁰.
779 1335 844 1416 (ll,
865 1333 951 1416 140).

229 1473 375 1555 1047.
1236 1485 1331 1568 1346,
1348 1487 1391 1549 18
1406 1491 1494 1550 00111.

219 1591 320 1658 Pater
342 1591 407 1656 Sfll'.
432 1589 518 1654 Cum
541 1587 690 1666 Jacobus
705 1586 747 1652 de
765 1585 858 1650 Filiis
874 1584 964 1666 Ursi,
981 1587 1059 1650 cler.
1074 1585 1117 1651 de
1134 1586 1237 1667 Urbe,
1254 1591 1330 1654 ben.
1347 1589 1538 1654 vidandarie

177 1696 259 1761 eccl.
286 1694 516 1760 Paucemitan.
539 1700 562 1774 ⁸,
590 1701 624 1757 et
651 1690 670 1769 J
674 1691 826 1756 ohannes
852 1689 895 1754 de
919 1688 1012 1755 Filiis
1035 1689 1122 1771 Ursi,
1139 1694 1217 1757 cler.
1234 1692 1276 1758 de
1293 1692 1396 1775 Urbe,
1412 1715 1488 1759 can.
1505 1701 1539 1758 et

177 1802 270 1887 preb.
285 1800 368 1864 eccl.
385 1796 532 1883 Hoyen,
545 1795 705 1861 Leodien.
721 1794 818 1873 dioc,
832 1814 915 1877 quos
928 1794 961 1857 in
974 1793 1100 1858 eisdem
1116 1796 1264 1861 ecclesiis
1280 1796 1380 1861 iidem
1393 1796 1412 1874 J
1415 1801 1540 1863 acobus

179 1911 214 1968 et
229 1901 403 1979 Johannes
426 1900 636 1978 obtinebant,
652 1919 695 1962 ex
711 1917 812 1962 causa
827 1897 1085 1982 permutationis
1100 1899 1187 1964 inter
1202 1920 1260 1964 eos
1275 1899 1317 1965 de
1332 1902 1408 1965 ben.
1424 1901 1541 1966 vidan-

180 2006 281 2086 darie,
297 2013 333 2069 et
349 2024 424 2070 can.
440 2012 475 2069 et
490 2006 583 2089 preb.
597 2001 757 2088 predictis
772 2000 917 2065 invicem
940 1999 1101 2082 faciende,
1118 2003 1151 2066 in
1168 2003 1323 2068 manibus
1341 2004 1379 2069 R.
1397 2003 1433 2068 P.
1450 2003 1540 2069 dom.

182 2110 283 2196 episc.
297 2109 329 2174 S.
341 2107 457 2173 ‚Pontii
469 2107 513 2172 de
524 2105 713 2172 Thomeriis
724 2105 827 2169 libere
843 2104 1092 2188 resignaverint,
1110 2104 1265 2190 idemque
1281 2105 1382 2191 episc.
1398 2107 1544 2191 resigna-

182 2213 292 2278 tiones
315 2209 504 2295 hujusmodi
529 2230 570 2273 ex
594 2208 685 2275 dicta
709 2227 821 2287 cansa,
845 2216 960 2273 vestro
981 2208 1129 2290 nomine,
1152 2208 1284 2274 duxerit
1304 2208 1541 2290 admittendas

183 2316 336 2401 dignetur
360 2314 391 2379 S.
409 2313 449 2380 V.
470 2312 602 2391 Jacobo
623 2310 778 2398 predicto
792 2310 834 2376 de
851 2332 926 2377 can.
942 2318 977 2375 et
992 2314 1095 2396 preb,
1111 2319 1146 2377 et
1161 2310 1181 2388 J
1184 2312 1308 2378 ohanni
1332 2313 1484 2398 predicto
1499 2312 1541 2378 de

181 2422 259 2484 ben.
270 2415 464 2482 vidandarie
479 2414 668 2494 antedictis,
684 2414 732 2478 sic
747 2434 831 2493 vac,
849 2423 937 2479 auct.
954 2422 1061 2499 apost.
1074 2414 1260 2499 providere,
1273 2415 1403 2481 etiamsi
1420 2423 1542 2482 canet

182 2524 273 2608 preb.
297 2528 332 2585 et
354 2522 431 2584 ben.
452 2518 646 2584 vidandarie
668 2517 821 2604 predicta
837 2518 1010 2583 collationi
1027 2526 1135 2603 apost.
1151 2518 1273 2584 fuerint
1289 2520 1542 2602 quomodolibet

182 2633 363 2691 reservata.
375 2664 419 2672 --
435 2621 511 2688 Fiat
526 2644 588 2708 pro
603 2631 746 2707 utroque
763 2621 804 2686 R.

227 2729 305 2794 Dat.
321 2728 421 2792 Avin.
443 2747 477 2810 15
495 2725 563 2793 kal.
580 2734 664 2812 sept.
681 2736 713 2792 a⁰
731 2735 772 2811 5⁰.
790 2727 856 2810 (ll,
877 2726 964 2810 147).

237 2864 385 2946 1048.
1242 2877 1336 2960 1316,
1354 2879 1396 2941 18
1411 2883 1499 2945 aortt.

229 2982 318 3067 Sign.
334 2979 508 3059 Joliannes
523 2978 565 3043 de
583 2977 773 3043 Malabailis
787 2988 808 3059 ²,
824 2985 859 3042 et
874 2976 1103 3043 Glriselbertus
1118 2978 1160 3043 de
1177 2978 1403 3045 Walenborch
1418 2990 1438 3062 ³,
1454 2981 1547 3065 quod

185 3086 358 3163 Jolrannes
367 3103 426 3169 per
446 3102 542 3146 suum
553 3090 813 3167 procuratorem,
825 3102 899 3147 can.
910 3089 946 3147 et
955 3081 1256 3167 preb.Trajecten.,
1269 3091 1304 3149 et
1316 3083 1545 3151 Gbiselbertus

184 3187 424 3253 thesaurariam
445 3184 735 3265 Davantriensem,
760 3183 950 3269 Trajecten.
977 3184 1075 3265 dioc,
1102 3186 1327 3269 ecclesiarum,
1354 3208 1438 3271 quos
1463 3196 1544 3253 tunc

185 3292 395 3370 obtinebant,
407 3287 637 3353 desiderantes
653 3289 736 3370 illos,
753 3288 852 3353 certis
863 3308 905 3351 ex
922 3288 1029 3353 causis
1044 3289 1303 3371 rationabilibus,
1315 3291 1458 3357 invicem
1471 3312 1551 3377 per-v

184 3403 326 3474 mutare,
342 3394 376 3456 in
391 3393 544 3457 manibus
561 3392 600 3457 R.
618 3392 655 3457 P.
671 3391 761 3457 dom.
778 3391 865 3457 card.
882 3391 1094 3458 Boloniensis
1110 3393 1199 3479 apud
1210 3394 1323 3460 sedem
1343 3404 1451 3481 apost.
1468 3396 1550 3461 resi-

184 3505 338 3581 gnarunt,
354 3496 510 3579 idemque
526 3494 703 3560 cardinalis
714 3495 902 3581 hujusmodi
919 3496 1177 3581 resignationem
1189 3498 1278 3583 apud
1293 3498 1420 3564 dictam
1432 3498 1545 3565 sedem

186 3602 329 3681 admisit,
341 3600 384 3665 de
395 3599 532 3685 speciali
545 3597 707 3664 mandato
722 3599 754 3664 S.
771 3598 810 3664 V.
827 3599 917 3665 sacto
933 3600 994 3665 sibi
1010 3621 1109 3686 super
1124 3602 1189 3666 hoc
1205 3604 1340 3667 oraculo
1355 3604 1431 3667 vive
1444 3604 1546 3669 uocis.

186 3706 297 3788 Quare
316 3703 516 3789 supplicant,
532 3711 624 3787 quat.
640 3703 659 3782 J
663 3704 788 3769 ohanni
798 3704 840 3769 de
849 3704 1064 3785 thesauraria,
1075 3706 1215 3791 simplex
1226 3706 1373 3771 officium
1384 3708 1417 3772 in
1428 3708 1547 3772 eadem

188 3808 423 3873 Davantriensi
440 3808 582 3873 ecclesia
597 3816 761 3893 reputata,
778 3817 812 3872 et
836 3806 1050 3873 Ghiselberto
1073 3809 1240 3895 predictis
1257 3810 1299 3873 de
1316 3830 1388 3875 can.
1406 3818 1440 3875 et
1455 3814 1547 3897 preb.

187 3913 333 3998 prefatis,
353 3931 486 3977 necnon
510 3910 747 3995 supplemento
770 3919 933 3975 consueto
949 3912 1119 3976 canonicis
1134 3912 1349 3996 prebendatis
1364 3912 1453 3978 dicte
1466 3915 1547 3978 eccl.

188 4016 377 4101 Trajecten.
398 4014 566 4099 assignari,
582 4034 655 4079 vac.
672 4015 725 4078 vel
741 4022 851 4079 vacat.
868 4014 903 4077 in
920 4014 1037 4079 eadem
1054 4016 1135 4080 eccl.
1151 4014 1332 4099 dignemini
1348 4016 1523 4100 providere
1538 4040 1550 4095 ;

187 4140 256 4183 non
273 4122 428 4184 obstante
440 4125 568 4183 statuto
579 4139 637 4183 seu
650 4116 900 4197 consuetudine,
911 4138 979 4201 quo
991 4139 1049 4182 seu
1064 4139 1129 4202 qua
1146 4118 1180 4182 in
1202 4117 1292 4183 dicta
1308 4120 1390 4185 eccl.
1413 4120 1554 4185 Davan-

187 4223 301 4287 triensi
317 4222 427 4287 caveri
443 4230 477 4286 et
493 4222 662 4287 observari
677 4222 807 4302 dicitur,
818 4220 911 4304 quod
921 4222 1029 4285 nullus
1041 4222 1266 4287 thesaurarius
1277 4222 1385 4308 ipsam
1398 4224 1548 4288 obtinere

187 4328 302 4411 possit,
313 4327 376 4391 nisi
403 4326 438 4389 in
462 4325 553 4390 dicta
569 4327 651 4390 eccl.
667 4346 740 4391 can.
756 4328 848 4411 preb.
865 4332 900 4389 et
914 4325 1061 4390 residens
1078 4325 1184 4406 fuerit,
1202 4346 1260 4390 seu
1276 4326 1391 4411 quavis
1405 4328 1548 4413 generali

187 4430 242 4494 vel
266 4429 404 4515 speciali
430 4428 656 4493 reservatione
682 4449 751 4493 non
779 4431 887 4507 obst.;
916 4436 951 4491 et
978 4427 1068 4511 quod
1098 4427 1272 4506 Joliannes
1295 4430 1329 4493 in
1354 4430 1549 4511 Eboracen,

189 4532 220 4598 S.
238 4532 420 4598 Donatiani
437 4531 626 4617 Brugensis,
643 4530 828 4597 Tomacen.
841 4532 940 4612 dioc,
952 4552 1026 4597 can.
1042 4541 1078 4598 et
1093 4535 1195 4618 preb,
1206 4542 1240 4597 et
1251 4533 1285 4597 in
1297 4533 1462 4600 Sedunen.
1475 4556 1551 4600 can.

221 4720 251 4779 ι)
263 4720 394 4769 ΡΘιιῑ-ὂῐτθ
405 4719 495 4767 faut-il
505 4719 554 4769 lire
567 4734 574 4768 z
587 4719 778 4769 Panormitano.

223 4905 591 4969 1.Prerre.ludren,0.S.B,
602 4909 693 4957 aucicu
710 4906 776 4957 abbe
793 4908 825 4957 de
843 4909 868 4957 111
885 4909 981 4967 Graue,
1000 4908 1550 4971 1101111116102111111111315(11111101,1,158).

189 4980 353 5041 -2.1110111,
367 4995 392 5033 n.
403 4982 451 5029 997
464 4996 471 5041 ;
487 4980 570 5045 Cbmpa
582 4982 699 5042 0111111101,
713 4984 767 5032 132.
779 5010 810 5021 -
823 4984 845 5031 3.
859 4982 942 5043 Broni,
957 4983 990 5031 Il.
1004 4996 1029 5047 p.
1042 4984 1098 5035 3118.
