3650 5675
654 525 740 600 1349,
764 527 805 592 26
826 529 934 594 avril-2
957 531 1025 596 mai.
1456 541 1517 606 421

158 677 250 744 roch.
266 677 309 743 de
326 675 547 742 Hockenzele
562 679 733 762 superiori,
748 679 900 765 predicte
917 680 1133 750 Cameracen.
1149 684 1247 768 dioc,
1264 689 1418 756 obtinere
1441 711 1517 758 nos-

159 791 262 863 catur,
288 782 381 866 cujus
403 781 571 847 fructus..
598 802 640 846 20
665 782 774 848 librar.
800 783 926 850 Turon.
948 806 1040 871 parv.
1065 808 1130 855 sec.
1157 791 1365 858 taxationem
1388 794 1517 861 decime

160 888 308 952 valorem
324 905 475 951 annuum
487 905 558 951 non
573 885 773 952 excedunt...
789 926 832 938 —
848 887 924 954 Fiat
942 888 981 955 R.

202 991 280 1056 Dat
296 990 398 1055 Avin.
417 1009 454 1055 11
471 988 540 1055 kal.
554 989 633 1054 maii
650 997 685 1055 a⁰
700 997 743 1072 7⁰.
759 993 827 1075 (17,
845 994 948 1075 260⁰).

211 1125 355 1209 1565.
1207 1165 1303 1232 1549,
1320 1149 1363 1212 26
1378 1152 1474 1217 avril.

203 1243 326 1330 Supp...
343 1241 488 1308 Karolus
502 1241 545 1307 de
561 1241 704 1328 ispania,
721 1263 835 1309 comes
851 1242 1083 1328 Montisfortis,
1097 1256 1188 1332 quat.
1201 1252 1450 1336 consanguineo
1460 1274 1519 1319 suo

161 1346 298 1432 Hugoni
313 1344 356 1411 de
372 1345 404 1411 S.
419 1345 554 1427 Albine,
578 1345 686 1428 militi,
704 1345 846 1412 isabelle
870 1348 941 1433 ejus
967 1350 1060 1416 uxori
1086 1371 1127 1416 ac
1150 1350 1273 1429 Joceto
1299 1374 1414 1421 eorum
1439 1356 1518 1438 lilio,

158 1451 347 1517 Tornacen.
362 1449 461 1531 dioc,
477 1452 610 1536 plenam
627 1451 890 1518 remissionem...
915 1452 1086 1539 indulgere
1108 1454 1301 1539 dignemini.
1318 1497 1361 1508 —
1384 1458 1461 1526 Fiat
1478 1460 1518 1526 R.

202 1555 280 1619 Dat.
295 1554 397 1620 Avin.
415 1559 433 1619 6
449 1553 516 1619 kal.
533 1554 613 1619 maii
629 1561 662 1619 a⁰
679 1561 721 1639 7⁰.
739 1556 807 1640 (17,
824 1557 914 1640 268).

213 1690 356 1774 1566.
1228 1731 1323 1796 1349,
1341 1716 1475 1779 1⁰mai.

201 1809 303 1895 Supp.
320 1808 465 1894 scriptor⁴
476 1816 512 1874 et
527 1808 726 1874 secretarius
739 1817 851 1875 vester
866 1807 886 1886 J
889 1810 1039 1876 ohannes
1063 1811 1106 1878 de
1121 1813 1303 1898 Angicuria
1319 1825 1338 1895 ¹,
1355 1817 1436 1883 olim
1452 1837 1518 1882 ser-

158 1913 248 1978 vitor
277 1913 399 1998 b(one)
425 1912 620 1996 m(emorie)
645 1911 825 1993 Guillelmi,
857 1913 957 1998 episc.
976 1911 1189 2000 Forojulien,
1202 1931 1214 1957 ²
1229 1926 1264 1983 et
1291 1916 1459 2006 Ger(aldi)
1475 1920 1518 1986 de

158 2018 345 2082 Albussaco
360 2016 510 2097 fratrum,
526 2023 620 2100 quat.
635 2014 698 2082 sibi
713 2016 755 2082 de
778 2019 871 2102 preb.
896 2018 1037 2084 ecclesie
1061 2017 1313 2104 Engolismen...
1335 2023 1517 2108 dignemini

159 2120 334 2207 providere
347 2144 356 2201 ;
369 2141 440 2188 non
456 2123 543 2187 obst.
558 2120 681 2206 quod...
696 2121 731 2185 in
748 2123 851 2206 ipsa...
867 2125 928 2187 sub
952 2143 1030 2208 erp.
1050 2127 1143 2208 preb.
1170 2146 1210 2193 ac
1226 2127 1260 2192 in
1276 2128 1311 2195 S.
1327 2127 1452 2195 Mattei
1477 2131 1520 2195 de

162 2225 301 2292 Foliaco
317 2246 393 2292 cum
409 2228 503 2312 preb.
519 2224 737 2292 canonicatus
763 2246 805 2292 ac
820 2226 957 2311 paroch.
979 2228 1061 2293 eccl.
1088 2228 1131 2294 de
1158 2229 1294 2296 Willem
1319 2253 1379 2318 per
1407 2232 1517 2298 Flam-

160 2332 290 2416 mingos
302 2331 526 2413 devastatam,
536 2331 646 2397 eciam
660 2329 785 2396 modici
800 2331 932 2413 valoris,
948 2331 1138 2400 Turnaeen.
1154 2335 1251 2417 dioc,
1268 2337 1358 2403 acin
1375 2338 1520 2404 Suessio

159 2456 236 2501 nen.
252 2435 403 2502 ecclesiis
418 2435 586 2521 quandam
602 2455 696 2521 perp.
712 2436 898 2520 capellan...
913 2436 1064 2503 noscitur
1079 2439 1242 2508 obtinere.
1259 2481 1301 2492 -
1318 2441 1395 2508 Fiat
1412 2443 1451 2509 R.

203 2539 282 2605 Dat.
298 2540 399 2607 Avin.
414 2537 482 2606 kal.
498 2539 577 2605 maii
594 2545 628 2604 a⁰
644 2545 686 2621 7⁰.
704 2539 773 2622 (17,
791 2539 881 2622 271).

214 2675 350 2759 1567·
1227 2712 1323 2776 1349,
1340 2697 1383 2757 1⁰⁰
1398 2696 1475 2757 mai.

204 2791 305 2880 Supp.
322 2791 487 2859 Giraudus
502 2791 623 2872 Amici,
639 2790 730 2858 dom.
747 2790 947 2873 Castrinovi,
971 2791 1115 2860 vicarius
1141 2803 1251 2861 vestre
1276 2794 1423 2861 civitatis
1437 2796 1518 2860 Avi-

162 2896 344 2980 nionensiS,
361 2906 451 2981 quat.
470 2895 639 2983 [familiari
667 2916 728 2962 suo
755 2895 940 2963 Godefrido
955 2895 1114 2963 Willehni
1140 2898 1183 2964 de
1209 2900 1358 2983 Acoche,
1375 2901 1517 2987 simplici

161 3000 301 3087 clerico]
320 3000 482 3067 Leodien.
497 3001 595 3081 dioc,
611 3000 656 3066 de
668 3003 745 3066 ben.
762 3000 866 3067 ecel...
883 3000 928 3067 ad
950 3002 1048 3068 coll...
1061 3002 1201 3089 capituli
1224 3002 1384 3070 Leodien.
1407 3004 1520 3090 digne-

160 3104 242 3170 mini
258 3104 467 3190 providere...
484 3142 526 3155 —
542 3102 619 3169 Fiat
635 3103 675 3169 R.

205 3207 283 3273 Dat.
299 3208 404 3273 Avin.
415 3206 480 3274 kal.
496 3207 576 3273 maii
593 3214 627 3273 a⁰
644 3216 686 3292 7⁰.
703 3212 771 3292 (17,
789 3215 878 3294 276).

213 3345 356 3429 1568.
1248 3381 1379 3445 (3102
1402 3367 1478 3429 mor]

204 3464 305 3551 Supp.
329 3465 429 3530 frater
451 3463 625 3542 Jolrannes
648 3461 805 3528 Courtois
834 3463 876 3529 de
902 3462 1053 3545 Loriaco,
1079 3463 1264 3529 monachus
1288 3465 1454 3550 prioratus
1480 3465 1522 3531 de

161 3568 345 3652 Bertreriis,
361 3568 432 3636 ord.
448 3566 687 3647 Cluniacensis,
704 3565 864 3631 Leodien.
881 3566 979 3649 dioc,
1003 3568 1037 3631 in
1061 3566 1181 3633 eodem
1205 3567 1322 3633 ordine
1345 3568 1521 3654 professus,

160 3682 252 3758 quat.
268 3674 300 3739 ei
315 3672 496 3759 specialem
510 3671 654 3757 gratiam
675 3670 846 3753 facientes,
868 3674 947 3737 ben.
972 3671 1054 3738 eccl.
1082 3692 1110 3737 c.
1137 3692 1165 3739 c.
1191 3672 1247 3736 vel
1271 3692 1297 3738 s.
1325 3692 1365 3753 0.,
1391 3672 1521 3738 etiamsi

161 3786 370 3864 personatus,
386 3776 563 3863 prioratus,
578 3774 825 3840 administratio
841 3782 901 3840 aut
918 3774 1067 3841 officium
1094 3775 1227 3855 existat,
1251 3794 1312 3860 per
1337 3774 1523 3841 monachos

160 3880 244 3946 dicti
259 3878 383 3945 ordinis
398 3878 535 3945 solitum
549 3878 734 3963 gubernari,
751 3886 908 3964 spectans
921 3877 1144 3945 communiter
1155 3879 1211 3943 vel
1221 3877 1354 3943 divisim
1364 3878 1407 3944 ad
1422 3879 1522 3945 colla-

160 3984 331 4049 tionem...
350 3983 468 4069 prioris
490 3990 525 4047 et
551 3989 739 4049 conventus
762 3982 956 4049 monasterii
981 3982 1013 4048 S.
1041 3980 1179 4048 Martini
1195 3982 1249 4075 de
1273 3983 1403 4069 campis
1429 3990 1522 4049 extra

160 4108 274 4153 muros
290 4087 459 4168 Parisien,
475 4084 601 4152 ordinis
615 4087 806 4172 supradicti,
826 4086 916 4173 [vac.
933 4086 988 4151 vel
999 4086 1256 4173 vacat.],eidem
1270 4086 1360 4152 fiatri
1376 4084 1396 4163 J
1399 4086 1522 4151 ohauni

161 4191 414 4272 conferendum,
429 4190 612 4275 dignemini
628 4190 801 4257 collationi
818 4210 877 4255 seu
890 4188 1068 4255 donationi
1085 4189 1271 4275 apostolice
1293 4209 1470 4255 reservare.
1480 4228 1524 4238 —

162 4294 239 4362 Fiat
254 4304 319 4362 etc.
337 4295 378 4362 R.

204 4400 285 4465 Dat.
300 4400 400 4472 Avin.
418 4403 435 4464 6
451 4420 531 4467 nou.
542 4398 621 4465 maii
638 4405 672 4464 a⁰
688 4405 730 4483 7⁰.
746 4400 814 4481 (17,
833 4398 922 4481 271).

216 4536 359 4623 1569.
1253 4567 1349 4631 1349,
1366 4569 1384 4611 2
1403 4568 1479 4613 maz.

207 4656 263 4720 8¹⁰⁰
281 4655 391 4722 Pater.
408 4655 527 4742 Nuper
548 4655 681 4721 devotis
704 4652 893 4720 oratoribus
918 4652 1037 4718 vestris
1059 4650 1215 4729 Jolranne
1239 4650 1282 4717 de
1305 4651 1472 4733 Oratori0‚
1489 4658 1524 4715 et

162 4758 183 4838 J
186 4759 320 4827 ohanne
335 4760 378 4826 de
401 4758 597 4825 Wamerrua
612 4768 633 4840 ³,
649 4778 743 4824 sacre
759 4755 930 4841 theologie
952 4754 1126 4840 magistris,
1150 4754 1320 4821 humiliter
1334 4755 1523 4841 supplican-

197 4898 295 4948 LVoir
305 4913 331 4949 n.
349 4900 388 4948 78.
399 4924 432 4937 -·
449 4900 474 4948 2
492 4896 604 4947 Nummi
622 4910 655 4948 an
673 4898 743 4957 lala
763 4901 832 4945 mort
842 4898 923 4945 avant
936 4895 959 4944 le
971 4898 985 4944 7
996 4894 1063 4944 avril
1075 4895 1138 4943 1346
1150 4895 1255 4958 (nuber,
1273 4894 1374 4956 Laos).
1387 4920 1419 4931 —
1431 4894 1453 4943 3.
1465 4892 1527 4942 Voir

163 4988 190 5021 n.
203 4974 274 5032 1527,
293 4973 365 5021 1529.
