3650 5675
684 508 772 581 1350,
795 507 882 572 2125
905 506 1022 572 lenior.
1474 515 1539 579 495

173 660 340 741 Turenne,
357 668 449 745 quat.
469 660 636 747 [servitori
654 680 714 725 suo
730 657 880 723 Waltero
896 656 938 721 de
954 657 1148 739 Tinemont,
1172 659 1250 724 cler.
1271 658 1480 749 Leodiensi],
1497 663 1539 728 de

172 763 341 829 decanatu
357 772 391 829 et
407 766 499 849 preb.
516 764 655 830 ecclesie
672 763 704 828 S.
719 761 854 827 Andree
870 760 1046 827 Colonien.
1063 783 1136 827 vac.
1151 783 1211 848 per
1227 766 1281 828 ob.
1299 762 1441 830 Menrici
1457 766 1540 832 dicti

173 865 262 931 Galli
281 878 300 948 ¹,
317 867 502 952 dignemini
518 868 704 953 providere.
721 905 764 915 -
781 864 856 931 Fiat
874 864 914 930 R.

217 970 295 1036 Dat.
312 971 412 1035 Avin.
431 991 448 1051 9
464 970 531 1037 kal.
548 979 645 1037 mart.
661 978 694 1036 a⁰
710 972 753 1035 8⁰.
771 969 842 1053 (18,
863 970 951 1053 163).

227 1106 370 1191 1899
1190 1123 1494 1207 1350,21fe‘vrr‘er.

218 1226 319 1312 Supp.
348 1224 485 1310 Egidius
511 1224 672 1309 Vaguelr,
689 1222 860 1289 familiaris
887 1230 1007 1303 vester,
1035 1232 1127 1307 quat.
1147 1222 1286 1309 [clerico
1302 1246 1362 1290 suo
1388 1225 1535 1314 Jacobo]

176 1330 257 1411 Pau,
282 1330 337 1414 qui
364 1329 479 1396 diuet
504 1329 646 1394 fideliter
671 1328 863 1411 utiliterque
888 1326 1035 1407 servivit,
1063 1326 1105 1391 de
1133 1346 1208 1393 can.
1232 1335 1268 1392 et
1290 1331 1382 1413 preb.
1398 1331 1542 1397 ecclesie

175 1433 207 1499 S.
223 1433 406 1499 Salvatoris
420 1435 463 1499 de
481 1431 679 1513 Herlebeca,
695 1430 988 1511 dioc.Tornacen.,
1004 1452 1079 1496 vac.
1096 1430 1138 1496 ad
1153 1451 1289 1516 presens
1303 1454 1364 1518 per
1379 1436 1434 1499 ob.
1450 1456 1538 1521 mag.

175 1536 308 1603 Nicolai
325 1536 367 1601 de
383 1536 483 1601 Petra
494 1546 515 1616 ³,
532 1536 586 1621 qui
604 1542 698 1601 extra
716 1534 814 1601 Rom.
830 1534 956 1600 curiam
968 1533 1058 1599 diem
1075 1534 1194 1600 clausit
1209 1544 1408 1618 extremum,
1425 1537 1541 1623 digne·

173 1641 256 1705 mini
279 1640 477 1727 providere;
505 1660 574 1705 non
596 1642 682 1705 obst.
704 1638 794 1723 quod
820 1637 863 1704 ad
888 1638 965 1704 coll.
981 1638 1130 1724 episcopi
1159 1637 1333 1707 Morinen..
1351 1642 1430 1706 ben.
1457 1643 1538 1707 eccl.

173 1744 323 1811 noscitur
338 1752 526 1830 expectare.
540 1782 581 1793 -
598 1741 676 1808 Fiat
693 1743 733 1808 R.

218 1847 298 1913 Dat.
314 1848 414 1913 Avin.
432 1868 449 1929 9
465 1845 534 1913 kal.
550 1854 647 1912 mart.
665 1854 698 1911 a⁰
715 1848 757 1911 8⁰.
775 1847 846 1931 (18,
867 1846 955 1930 164).

231 1984 376 2067 1900.
1192 2016 1287 2081 1550,
1304 2020 1344 2083 24
1352 2001 1493 2085 feurier.

220 2103 321 2189 Supp.
337 2100 526 2166 Bernardus
542 2099 680 2165 Consilii
692 2112 713 2182 ⁴,
729 2100 875 2166 decanus
902 2100 1043 2165 ecclesie
1068 2100 1244 2185 collegiate
1259 2100 1291 2166 S.
1307 2103 1421 2168 Amati
1447 2103 1539 2170 Dua·

176 2206 293 2287 censis,
309 2208 511 2270 Attrebaten
527 2204 625 2285 dioc,
642 2213 733 2289 quat.
749 2205 809 2269 sibi
826 2203 869 2269 de
884 2207 977 2291 preb.
993 2225 1067 2270 vac.
1079 2204 1123 2270 ad
1131 2225 1269 2290 presens
1279 2206 1313 2270 in
1323 2206 1415 2273 dicta
1430 2211 1537 2275 eccle-

175 2310 223 2375 sia
237 2330 297 2395 per
312 2312 366 2375 ob.
384 2306 564 2373 Michaelis
579 2308 621 2373 de
637 2308 758 2393 Longo
773 2315 872 2393 prato
887 2308 930 2373 al.
946 2308 988 2373 de
998 2306 1166 2391 Wignoul,
1177 2310 1259 2373 olim
1275 2310 1379 2395 ipsius
1395 2313 1537 2377 ecclesie

176 2413 330 2479 canonici
347 2410 557 2499 prebendati,
574 2412 629 2496 qui
645 2432 752 2498 nuper
774 2419 868 2476 extra
896 2411 995 2476 Rom.
1023 2412 1148 2477 curiam
1171 2411 1327 2493 decessit,
1354 2415 1537 2499 dignemini

175 2516 370 2603 providere;
398 2536 467 2581 non
493 2517 579 2581 obst.
603 2516 694 2599 quod
717 2515 845 2581 dictum
869 2515 1072 2581 decanatum
1095 2536 1171 2581 cum
1187 2536 1262 2582 can.
1278 2520 1338 2582 sub
1355 2539 1430 2603 exp.
1446 2521 1538 2605 preb.

176 2641 217 2686 ac
232 2618 482 2686 distributiones
497 2618 685 2685 cotidianas
701 2640 741 2685 ac
757 2620 783 2683 si
800 2628 888 2684 esset
905 2618 1086 2684 canonicus
1100 2619 1326 2705 prebendatus
1341 2621 1375 2684 in
1396 2621 1538 2687 ecclesia

177 2724 327 2811 predicta
342 2731 375 2788 et
392 2744 466 2789 can.
482 2744 559 2789 cum
574 2724 667 2809 preb.
684 2722 824 2787 ecclesie
842 2722 1068 2807 Engolismen.
1086 2730 1120 2787 et
1136 2743 1211 2788 can.
1224 2723 1365 2788 ecclesie
1381 2725 1413 2789 S.
1424 2724 1539 2790 Audo-

177 2828 260 2894 mari
277 2828 319 2894 de
335 2828 365 2893 S.
381 2828 585 2908 Audomaro,
612 2824 779 2892 Morinen.
803 2825 901 2907 dioc,
926 2827 987 2892 sub
1011 2846 1088 2911 exp.
1106 2827 1197 2912 preb.
1222 2835 1258 2892 et
1272 2829 1348 2893 ben.
1364 2829 1446 2894 eccl.
1463 2850 1492 2896 c.
1508 2850 1539 2899 e.

177 2933 232 2997 vel
249 2953 274 2998 s.
291 2953 319 2998 c.
336 2931 379 2997 ad
392 2932 468 2997 coll.
484 2931 678 2996 monasterii
693 2930 735 2996 de
752 2929 867 2995 Beclro
896 2929 1046 3009 Heluini,
1076 2929 1323 3015 Rothomagen.
1348 2931 1446 3012 dioc,
1462 2953 1538 2998 nos-

178 3044 273 3102 catur
289 3036 440 3101 obtinere
457 3035 559 3100 etiam
575 3042 610 3099 et
626 3043 815 3120 expectare.
832 3073 873 3083 -
890 3032 967 3099 Fiat
984 3033 1024 3098 R.

221 3139 300 3206 Dat.
322 3140 420 3206 Avin.
439 3143 456 3204 6
472 3139 540 3204 kal.
556 3147 654 3205 mart.
670 3147 704 3203 a⁰
721 3141 763 3204 8⁰.
781 3141 794 3224 (
799 3145 850 3218 18,
871 3139 974 3222 165').

230 3275 370 3359 1901.
1194 3309 1290 3373 1550,
1307 3292 1496 3378 25sevrier.

221 3395 497 3460 Permutatzones.

222 3498 277 3563 S¹¹¹⁰
289 3498 399 3564 Pater.
412 3499 578 3584 Dignetur
593 3497 625 3563 S.
637 3495 677 3562 V.
690 3495 865 3582 providere
881 3494 1100 3581 infrascriptis
1114 3497 1266 3581 personis
1280 3496 1323 3562 de
1339 3500 1541 3568 beneficiis..

178 3623 238 3688 per
253 3602 513 3687 resignationem
529 3622 625 3667 vac...

223 3705 311 3772 Item
338 3715 428 3792 quat.
454 3727 531 3772 cum
552 3727 641 3791 mag.
669 3706 787 3772 Petrus
804 3705 980 3792 Margariti
991 3713 1013 3787 ⁵,
1030 3706 1059 3769 S.
1076 3703 1116 3770 V.
1133 3705 1284 3792 predicte
1300 3706 1450 3793 scriptor,
1467 3727 1540 3773 can.

179 3815 271 3899 preb.
296 3811 437 3878 ecclesie
464 3810 677 3891 Nivellensis,
705 3809 865 3876 Leodien.
892 3810 991 3890 dioc,
1007 3817 1042 3875 et
1065 3808 1255 3875 Bemardus
1280 3809 1323 3875 de
1351 3808 1540 3892 MalanacO,

180 3937 256 3982 can.
273 3924 308 3981 et
324 3919 417 4002 preb.
434 3915 575 3981 ecclesie
593 3914 748 3996 Reatine,
763 3935 824 4001 per
839 3914 1037 4000 semetipsos
1053 3913 1204 4000 predicta
1218 3914 1382 3980 beneficia
1396 3917 1541 4000 resigna-

180 4029 258 4086 runt
274 4021 307 4085 in
324 4020 477 4084 manibus
504 4017 673 4083 Guillelmi
689 4019 732 4083 de
755 4017 882 4099 ssordis,
909 4018 1063 4102 dignetur
1077 4017 1120 4082 de
1137 4039 1209 4084 can.
1234 4027 1270 4083 et
1284 4021 1376 4104 preb.
1401 4021 1540 4085 ecclesie

181 4123 324 4189 Reatine
351 4143 438 4208 mag.
455 4122 557 4188 Petro
573 4131 608 4186 et
623 4121 665 4187 de
689 4142 764 4187 can.
792 4129 826 4186 et
852 4124 944 4206 preb.
971 4121 1111 4186 ecclesie
1137 4120 1342 4187 Nivellensis
1368 4121 1543 4190 Bemardo

180 4226 366 4313 providere.
390 4265 433 4276 -
457 4225 532 4292 Fiat
557 4225 596 4290 R.

225 4330 302 4396 Dat.
318 4330 418 4395 Avin.
437 4349 453 4414 5
470 4328 534 4394 kal.
550 4337 648 4394 mart.
665 4336 698 4394 a⁰
715 4331 757 4393 8⁰.
775 4331 845 4412 (18,
867 4333 953 4411 166).

234 4468 377 4551 1902.
1194 4496 1290 4560 1350,
1306 4499 1347 4560 25
1355 4480 1496 4566 sdvrrer.

226 4587 371 4653 Rutulus
395 4588 597 4652 electionum.

227 4693 282 4757 8ῙΠΕ
299 4692 409 4758 Pater.
426 4689 618 4776 Dignemini
635 4689 848 4754 electiones...
865 4687 1094 4754 confirmare...

218 4876 239 4921 l.
256 4873 319 4921 Voir
336 4887 361 4922 11.
379 4873 450 4920 1787.
463 4899 494 4908 -
506 4874 529 4918 2.
547 4871 609 4918 Voti·
626 4885 650 4919 n.
669 4873 690 4928 5,
709 4871 762 4928 378,
783 4871 894 4917 12911-
906 4867 1000 4918 avoir
1017 4882 1042 4917 n.
1063 4868 1118 4916 708.
1130 4894 1163 4902 -
1174 4869 1196 4915 4.
1209 4867 1271 4916 l’oir
1283 4882 1308 4918 n.
1320 4871 1359 4927 65,
1372 4871 1426 4928 772,
1445 4869 1500 4918 901.
1512 4897 1544 4908 -

184 4950 207 4993 5.
226 4945 325 5003 ldollot,
338 4961 363 4994 n.
381 4948 427 4993 7111
441 4961 447 5002 ;
460 4944 560 5002 Kimcli,
573 4943 648 5000 Koll,
667 4946 713 4990 206
726 4959 731 5001 ;
744 4944 798 4990 noir
809 4957 833 4992 n.
846 4943 917 4990 2004.
