3650 5675
745 510 831 584 1350,
855 509 939 574 16-17
961 513 1041 575 aurit.
1514 516 1575 580 533

212 663 246 726 in
273 670 335 727 art.
360 660 488 745 regenti
515 661 549 724 in
574 660 664 725 curia
681 660 844 737 Romana,
868 660 1071 725 beneficium
1098 664 1180 727 eccl.
1206 664 1248 727 ad
1275 665 1522 750 collepiscopi
1541 674 1575 731 et

212 765 348 851 capituli
373 763 540 829 Morinen.
564 764 738 848 providere
758 764 951 847 dignemini.
966 805 1010 813 —
1027 764 1102 829 Fiat
1118 766 1221 831 etiam
1237 768 1264 832 si
1280 768 1314 832 in
1331 771 1412 834 eccl.
1429 770 1517 835 cath.
1535 770 1575 835 R.

257 871 337 934 Dat.
353 870 453 933 Avin.
471 871 489 933 8
507 868 550 932 id.
567 889 641 951 aug.
658 876 691 933 a⁰
709 876 750 948 9⁰.
770 870 845 951 (20,
867 870 953 950 110).

264 1032 412 1114 2046·
1285 1068 1369 1130 1350
1386 1052 1427 1112 [ό
1443 1055 1531 1113 norit.

257 1151 358 1237 Supp.
374 1148 537 1233 Georgius
553 1146 707 1241 Clenkes,
725 1147 777 1212 lic.
795 1148 828 1211 in
846 1156 908 1212 art.
925 1158 959 1213 et
974 1151 1049 1214 bac.
1065 1149 1098 1213 in
1116 1150 1252 1234 legibus
1275 1150 1462 1218 Tornacen.
1478 1153 1574 1234 dioc,

214 1262 306 1339 quat.
331 1254 391 1319 sibi
417 1252 458 1318 de
485 1254 560 1315 ben.
589 1252 671 1316 eccl.
688 1272 717 1315 c.
735 1272 764 1315 c.
780 1252 844 1315 vel.
861 1273 886 1317 s.
903 1273 942 1333 c.,
966 1253 1096 1318 etiamsi
1121 1254 1255 1334 vicaria,
1280 1255 1439 1337 officium,
1463 1278 1576 1341 perso

212 1368 320 1438 natus
349 1356 500 1422 custodia
528 1356 580 1418 vel
616 1355 763 1438 regimen
797 1356 962 1420 scolarum
990 1342 1120 1438 enistat,
1148 1367 1336 1442 spectante
1355 1362 1576 1425 communiter

213 1463 268 1525 vel
283 1461 415 1527 divisim
440 1460 483 1525 ad
510 1459 765 1525 collationem...
793 1460 952 1545 episcopi,
977 1460 1095 1526 decani
1112 1469 1146 1525 et
1162 1462 1300 1548 capituli
1328 1465 1467 1529 ecclesie
1494 1464 1576 1530 Tor·

213 1586 343 1645 nacen,
355 1564 457 1629 etiam
474 1563 501 1627 si
517 1563 549 1626 in
566 1562 749 1627 cathedrali
766 1563 907 1627 ecclesia
923 1564 1056 1643 existat,
1069 1565 1094 1628 si
1108 1565 1198 1647 quod
1215 1566 1248 1629 in
1264 1568 1413 1647 ecclesia,
1427 1569 1575 1647 civitate,

215 1670 268 1732 vel
294 1666 420 1733 diocesi
447 1666 632 1731 Tornacen.
657 1674 756 1729 vacat
783 1666 825 1729 ad
851 1686 988 1752 presens
1013 1668 1067 1730 vel
1092 1688 1169 1732 cum
1195 1671 1374 1750 vacaverit,
1392 1672 1574 1756 dignemini

213 1772 388 1859 providere
404 1795 412 1850 ;
429 1791 498 1835 non
514 1773 599 1835 obst.
616 1769 706 1853 quod
722 1756 884 1855 capellan.
901 1772 934 1835 in
952 1772 1093 1835 ecclesia
1109 1774 1261 1857 parroclr.
1279 1774 1310 1838 S.
1328 1764 1425 1858 liligii
1440 1775 1575 1860 Eynen-

215 1878 267 1957 sis,
283 1877 433 1963 predicte
449 1875 546 1954 dioc,
571 1883 728 1939 noscatur
744 1875 905 1940 obtinere.
921 1914 964 1922 —
981 1873 1057 1939 Fiat
1072 1874 1105 1937 in
1124 1873 1229 1939 lomra
1244 1898 1348 1960 usqne
1364 1886 1429 1942 etc.
1447 1878 1488 1942 R.

259 1980 338 2045 Dat.
354 1981 453 2044 Avin.
474 1998 511 2062 17
527 1978 593 2044 kal.
610 1986 694 2063 sept.
710 1986 743 2042 a⁰
760 1987 801 2057 9¹¹.
819 1978 894 2061 (20,
916 1978 1002 2061 111).
1100 2012 1102 2016 ·

266 2142 414 2225 2047.
1273 2178 1369 2240 1350,
1386 2180 1428 2241 17
1444 2166 1532 2224 aare.

258 2260 358 2346 Supp.
386 2258 560 2337 Jobannes
583 2256 625 2321 de
650 2258 804 2338 Bolonia,
831 2258 923 2323 dom.
942 2259 984 2323 de
1010 2258 1220 2343 Mongascon
1243 2271 1261 2336 ¹,
1278 2271 1370 2345 quat.
1397 2263 1576 2349 [Michaeli

216 2365 376 2445 Dencart,
403 2360 603 2449 presbitero]
635 2360 801 2426 Morinen.
826 2362 924 2441 dioc,
940 2363 982 2428 de
998 2366 1074 2428 ben.
1091 2366 1173 2429 eccl.
1190 2385 1219 2428 c.
1236 2384 1264 2429 c.
1280 2367 1333 2430 vel
1350 2387 1375 2431 s.
1407 2388 1447 2446 c.,
1475 2368 1575 2433 etiam

214 2476 395 2553 personatu
410 2470 464 2533 vel
481 2466 594 2531 officio
609 2475 667 2530 aut
682 2466 981 2545 administratione,
995 2476 1170 2551 spectante
1188 2471 1410 2534 communiter
1424 2473 1478 2535 vel
1495 2472 1578 2537 divi-

215 2575 277 2638 sim
293 2573 336 2638 ad
352 2572 599 2639 collationem...
627 2571 785 2657 episcopi,
802 2570 921 2635 decani
938 2580 972 2635 et
989 2571 1124 2656 capituli
1152 2573 1421 2657 singulorumque
1442 2576 1578 2641 canoni

216 2699 331 2743 corum
346 2679 554 2757 Atrebatem,
571 2698 646 2741 rac.
661 2677 716 2739 vel
733 2684 852 2755 vacat,
869 2675 1052 2759 dignemini
1080 2676 1254 2760 providere
1264 2700 1272 2756 ;
1298 2699 1366 2742 uon
1380 2682 1465 2744 obst.
1488 2681 1578 2764 quod

216 2782 370 2868 parroch.
393 2781 570 2848 ecclesiam
594 2780 636 2845 de
666 2778 824 2845 Merkisia
850 2799 956 2865 prope
972 2778 1149 2861 Calesium,
1173 2779 1262 2845 dicte
1287 2779 1454 2848 Morinen.
1481 2782 1579 2864 dioc,

218 2907 281 2970 que
298 2907 357 2972 per
371 2887 532 2970 Anglicos
543 2894 594 2950 est
603 2885 831 2970 multipliciter
843 2884 1358 2966 devastata,nosciturobtinere;
1372 2908 1472 2970 quam
1486 2909 1579 2973 para·

218 3000 272 3056 tus
287 3000 339 3056 est
354 2991 533 3070 dimittere,
551 3011 627 3055 cum
642 2990 756 3073 vigore
773 2988 866 3054 istius
881 2989 987 3072 gratie
1003 2990 1244 3074 possessionem
1269 2991 1405 3055 alterius
1426 2993 1579 3057 beneficii

218 3094 325 3160 curati
341 3095 481 3180 pacifice
498 3095 595 3159 luerit
611 3102 822 3159 assecutus...
849 3135 891 3142 --
916 3092 992 3159 Fiat
1015 3102 1081 3160 etc.
1106 3094 1146 3160 R.

262 3199 342 3264 Dat.
358 3199 459 3263 Avin.
479 3205 516 3263 16
532 3199 598 3264 kal.
622 3207 705 3285 sept.
722 3206 755 3264 a⁰
772 3207 814 3278 9⁰.
831 3199 907 3282 (20,
929 3199 1016 3282 112).

268 3361 418 3444 2048·
1279 3397 1374 3461 1350,
1392 3395 1433 3461 17
1448 3385 1536 3443 aortt

261 3480 362 3564 Supp.
395 3478 602 3544 Godefredus
628 3479 669 3545 de
693 3479 844 3560 Bolonia,
870 3481 966 3546 miles
987 3495 1009 3563 ²,
1041 3491 1131 3567 quat.
1165 3481 1301 3568 [clerico
1331 3501 1391 3546 suo
1421 3489 1456 3547 et
1485 3483 1579 3547 sami-

217 3583 289 3648 liari
305 3583 456 3660 Johanni
473 3583 633 3650 Chatardi
649 3597 670 3664 ³,
686 3585 846 3670 magistro
871 3586 903 3649 in
930 3594 1002 3666 art,
1019 3586 1188 3669 quondam
1205 3584 1347 3650 Parisius
1362 3585 1526 3671 studenti]
1545 3587 1578 3650 in

217 3708 312 3752 sacra
338 3688 471 3772 pagina,
498 3687 540 3753 de
567 3708 639 3753 can.
656 3696 691 3753 et
705 3692 797 3775 preb.
825 3690 966 3755 ecclesie
993 3691 1069 3755 coll.
1096 3690 1127 3756 S.
1151 3690 1302 3774 Quintini
1328 3688 1578 3771 Melbodiensis‚

219 3789 435 3857 Cameracen.
460 3790 559 3872 dioc,
582 3812 657 3858 vac.
684 3791 854 3875 quondam
871 3814 931 3878 per
957 3795 1011 3858 ob.
1036 3791 1163 3858 Nicasii
1186 3793 1228 3857 de
1243 3792 1505 3875 Wanvrechim,
1522 3797 1577 3879 qui

218 3903 315 3960 extra
342 3893 442 3962 Rom.
465 3897 592 3960 curiam
616 3896 769 3977 decessit,
794 3917 835 3962 eo
862 3898 953 3981 quod
979 3906 1060 3963 ante
1087 3898 1157 3982 ejus
1184 3897 1361 3963 obfuerat
1383 3899 1453 3963 sedi
1470 3907 1578 3984 apost

217 4007 396 4080 reservata,
420 4019 478 4064 seu
502 3999 568 4064 alio
595 4000 714 4082 quovis
740 3999 843 4066 modo
868 4001 902 4064 in
930 4001 1020 4066 curia
1050 4000 1233 4080 vacaverit,
1261 4001 1370 4067 eidem
1396 4001 1578 4086 dignemini

217 4103 393 4188 providere
409 4123 487 4169 etun
501 4102 711 4188 plenitudine
724 4104 806 4188 juris
822 4105 975 4170 canonici
991 4113 1026 4170 et
1041 4105 1196 4170 omnibus
1212 4105 1287 4170 aliis
1313 4106 1379 4170 suis
1401 4106 1529 4189 juribus
1544 4115 1579 4171 et

218 4207 430 4292 pertinentiis
457 4208 639 4287 universis;
665 4227 733 4273 non
762 4212 848 4274 obst.
873 4209 963 4293 quod
990 4230 1095 4274 unum
1117 4208 1318 4274 beneficium
1334 4230 1359 4274 s
1376 4230 1405 4274 c.
1423 4231 1462 4294 34
1478 4211 1579 4276 libras

219 4309 333 4392 Paris,
349 4311 534 4377 secundum
549 4313 679 4378 decime
695 4313 914 4394 taxationem,
932 4334 999 4378 non
1016 4313 1191 4392 excedens,
1215 4313 1369 4379 obtineat
1384 4335 1425 4380 ac
1440 4315 1483 4379 ad
1498 4314 1580 4380 duas

218 4416 415 4482 collationes
439 4417 541 4482 etiam
568 4418 611 4483 sit
635 4427 827 4504 expectans,
854 4417 937 4482 alias
973 4418 1008 4482 in
1038 4425 1150 4483 vestra
1179 4417 1452 4484 vicecancellaria
1482 4418 1579 4484 latius

218 4521 478 4588 declarandas..
503 4564 546 4572 -
570 4521 648 4588 Fiat
671 4523 711 4589 R.

262 4625 341 4692 Dat.
357 4625 457 4691 Avin.
478 4631 515 4691 16
531 4625 597 4692 kal.
613 4635 697 4712 sept.
715 4639 749 4691 a0
766 4642 809 4706 90.
828 4627 903 4710 (20,
926 4626 1025 4709 112V).

368 4821 486 4828 ..ο-ρ-

250 4941 272 4987 1.
285 4937 347 4986 Voir
357 4952 382 4986 n.
396 4937 467 4986 1193.
479 4963 510 4974 -
522 4939 545 4986 2.
559 4937 619 4986 Voir
632 4953 655 4986 n.
668 4939 723 4996 905,
738 4941 807 4987 loun.
822 4965 853 4976 -
870 4941 891 4987 3.
907 4937 1012 4996 Denifle,
1030 4936 1124 4996 cnam,
1139 4937 1178 4996 11,Ι
1186 4939 1243 4986 031.
1255 4964 1288 4972 —
1298 4938 1322 4986 4.
1336 4937 1397 4986 Voir
1408 4937 1518 4986 111841.
