3650 5675
325 537 389 624 ttt
840 529 928 618 1847.
952 536 1044 614 1411
1064 529 1174 626 Jutltu.

336 760 339 765 -
378 692 517 780 1228.
646 709 650 718 ’
1159 697 1165 709 ’
1354 693 1448 792 rm,
1466 729 1506 794 ²4
1517 689 1640 791 Jizrllet.

368 819 470 904 Supp.
497 814 625 893 Petrus
652 809 704 878 tit.
731 808 763 878 S.
789 809 973 878 Clementis
992 812 1100 898 presb.
1128 810 1215 879 card.
1233 830 1252 894 ¹,
1269 820 1359 897 quat.
1377 813 1437 878 sibi
1454 812 1488 878 in
1505 835 1685 900 personam

327 920 506 991 Humberti
522 919 565 986 de
581 914 801 983 Montecalvo
812 927 833 996 ²,
849 916 960 982 clerici
974 915 1137 983 Viennen.
1153 917 1250 998 dioc,
1274 917 1328 983 lic.
1352 917 1385 982 in
1409 925 1481 998 art.,
1505 919 1686 1006 specialem

324 1027 465 1114 gratiam
491 1023 663 1102 facientes,
693 1021 737 1086 de
767 1041 841 1088 can.
872 1028 906 1087 et
937 1023 1028 1107 preb.
1059 1021 1141 1087 eccl.
1168 1020 1321 1088 Anicien.
1347 1041 1387 1086 ac
1411 1021 1507 1088 terris
1537 1023 1686 1108 ejusdem

326 1131 476 1211 ecclesie,
493 1128 599 1196 solitis
615 1126 785 1196 canonicis
796 1126 898 1212 ipsius
909 1124 1174 1192 eccldumtaxat
1184 1126 1217 1190 in
1230 1145 1321 1212 perp.
1333 1128 1410 1194 ben.
1423 1127 1686 1194 ecclesiasticum

327 1234 484 1322 assignari
498 1257 506 1314 ;
538 1253 677 1319 quarum
704 1239 868 1298 terrarum
892 1231 1029 1297 collatio
1044 1230 1190 1316 pertinet
1207 1230 1250 1296 ad
1265 1231 1393 1296 dictum
1409 1230 1620 1314 cardinalem,
1637 1253 1687 1300 ra-

326 1341 419 1408 tione
434 1339 618 1406 decanatus
634 1337 683 1403 sui
699 1336 849 1422 ejusdem
864 1336 958 1415 eccl,
975 1355 1015 1401 ac
1032 1355 1171 1420 quarum
1186 1342 1349 1400 terrarum
1373 1334 1538 1402 fructus...
1559 1356 1599 1422 30
1615 1337 1686 1402 libr.

325 1444 450 1512 Turon.
475 1464 577 1530 parv,
600 1462 666 1508 sec.
681 1441 889 1508 taxationem
905 1441 1046 1522 decime,
1063 1441 1214 1506 valorem
1230 1459 1377 1506 annuum
1401 1461 1468 1506 non
1493 1441 1660 1508 excedunt
1677 1464 1685 1522 3

326 1571 398 1618 vac.
412 1554 482 1637 per
504 1551 558 1617 ob.
581 1546 751 1634 quondam
766 1565 854 1632 mag.
870 1544 1000 1611 Alberti
1016 1543 1144 1625 Solorii,
1162 1545 1325 1631 capellani
1341 1545 1401 1627 sui,
1417 1545 1473 1629 qui
1489 1545 1523 1610 in
1539 1547 1688 1632 partibus

324 1655 390 1722 illis
424 1653 577 1735 decessit,
607 1660 643 1718 et
675 1659 755 1718 ante
782 1651 853 1738 ejus
876 1651 1007 1717 obitum
1030 1649 1241 1737 dispositioni
1267 1649 1354 1716 sedis
1378 1659 1485 1736 apost.
1502 1652 1687 1734 reservatis,

326 1760 436 1828 eidem
450 1757 642 1825 Humberto
653 1757 798 1842 gratiose
810 1754 992 1841 dignemini
1005 1752 1180 1840 providere
1193 1777 1202 1836 ;
1219 1774 1287 1821 non
1312 1757 1397 1820 obst.
1414 1753 1504 1839 quod
1520 1755 1554 1820 in
1569 1755 1689 1822 eadem

326 1866 408 1932 eccl.
424 1884 499 1930 can.
516 1865 577 1930 sub
592 1882 669 1948 exp.
684 1864 787 1947 preb,
804 1860 894 1926 acin
910 1860 942 1926 S.
959 1859 1135 1945 Gangerici
1152 1859 1368 1926 Cameracen.
1386 1861 1640 1947 preposituram,
1654 1871 1689 1928 et

326 1969 361 2037 in
388 1969 419 2034 S.
436 1967 609 2052 Gangetici
635 1965 836 2046 Haitrensis,
866 1964 1085 2031 Cameracen.
1112 1966 1209 2048 dioc,
1239 1986 1312 2031 can.
1338 1974 1373 2032 et
1399 1969 1490 2052 preb.
1515 1966 1558 2032 de
1584 1968 1690 2054 gratia

328 2075 359 2140 S.
375 2072 426 2155 V,
443 2080 478 2139 et
506 2073 541 2137 in
574 2071 612 2137 B.
639 2068 687 2137 M.
703 2070 747 2137 de
762 2069 974 2150 Annoniaco,
998 2069 1068 2135 ord.
1085 2069 1117 2136 S.
1133 2071 1230 2156 Aug,
1248 2069 1409 2136 Viennen.
1426 2071 1522 2152 dioc,
1540 2073 1689 2137 ecclesiis

328 2179 522 2246 clericatum
537 2176 651 2258 chori,
676 2197 735 2242 seu
761 2175 947 2242 choreriam
985 2175 1118 2241 solitam
1144 2174 1272 2240 clericis
1296 2175 1496 2240 secularibus
1517 2175 1689 2260 assignari,

328 2305 368 2354 ac
383 2292 492 2353 certas
506 2291 610 2350 terras
624 2282 716 2349 dicte
730 2281 871 2348 ecclesie
886 2281 1050 2362 Anicien,
1067 2279 1183 2348 solitas
1206 2281 1376 2347 canonicis
1396 2279 1572 2346 dumtaxat
1587 2279 1690 2368 ipsius

328 2390 410 2456 eccl.
437 2389 471 2455 in
495 2410 588 2476 perp.
611 2391 688 2454 ben.
715 2386 981 2458 ecclesiasticum
1007 2385 1187 2471 assignari3
1214 2406 1354 2470 quarum
1379 2385 1543 2452 fructus..
1574 2389 1592 2450 6
1616 2385 1689 2452 libr.

328 2495 498 2565 Turonen.
514 2514 657 2582 parvor,
673 2513 738 2560 sec.
760 2493 968 2558 taxationem
996 2491 1135 2573 decime,
1151 2491 1298 2557 valorem
1326 2511 1473 2556 annuum
1498 2510 1566 2555 non
1592 2511 1689 2556 exce·

330 2599 586 2682 dunt,noscitur
601 2598 763 2665 obtinere.
779 2636 822 2650 -
839 2594 917 2662 Fiat
934 2596 974 2662 R.

372 2704 451 2770 Dat.
467 2705 567 2770 Avin.
585 2724 602 2784 9
619 2701 685 2768 kal.
702 2722 776 2787 orig.
792 2709 825 2767 a⁰
843 2705 884 2767 6⁰.
902 2701 977 2784 (29,
998 2719 1033 2786 1¹5
1060 2701 1084 2788 ).

381 2841 519 2925 1229-
1367 2876 1462 2943 1547,
1475 2878 1515 2941 25
1521 2858 1643 2940 juillet.

335 2965 339 2974 '
372 2961 473 3049 Supp.
500 2958 520 3039 J
523 2959 673 3027 ohannes
700 2956 834 3024 Morelli
849 2968 869 3040 ³,
887 2959 1063 3041 Senoneu,
1082 2960 1157 3025 cler.
1175 2958 1394 3027 etfamiliaris
1417 2962 1507 3029 donr.
1523 2961 1542 3039 J
1546 2963 1688 3029 ohannis

328 3067 371 3135 de
387 3066 530 3132 Pistorio
545 3078 565 3148 ⁴,
583 3065 639 3152 qui
654 3084 714 3151 per
729 3065 829 3149 longa
849 3073 1005 3151 tempora
1029 3064 1138 3131 eidem
1162 3064 1300 3135 domino
1323 3064 1342 3143 J
1346 3066 1470 3135 ohanni
1494 3067 1638 3149 servivit,
1653 3075 1688 3132 et

328 3170 544 3257 regestrando
571 3170 832 3258 supplicationes
861 3170 964 3254 ejusd.
992 3171 1023 3236 S.
1045 3168 1085 3236 V.
1112 3179 1147 3236 et
1171 3170 1253 3236 alias
1277 3173 1488 3258 quamplures
1511 3172 1688 3259 scripturas

329 3274 484 3349 iaciendo
509 3276 624 3343 diuet
650 3274 792 3341 fideliter
818 3276 984 3341 laboravit
1011 3286 1045 3341 et
1072 3275 1231 3341 continue
1255 3277 1396 3357 laborat,
1423 3284 1589 3362 quatenus
1626 3277 1686 3343 sibi

328 3381 508 3468 specialem
537 3380 680 3465 gratiam
696 3380 858 3445 facientes
880 3379 928 3445 *de
943 3380 1073 3467 capella
1096 3400 1154 3447 seu
1178 3381 1364 3467 capellania
1388 3382 1501 3448 altaris
1517 3382 1548 3448 S.
1564 3380 1687 3462 Crucis,

329 3486 383 3552 siti
399 3486 432 3552 in
449 3486 531 3553 eccl.
547 3484 743 3572 Lingones,
759 3504 834 3551 vac.
850 3484 894 3551 ad
909 3504 1045 3573 presens
1060 3506 1120 3571 per
1135 3485 1263 3552 obitum
1280 3483 1443 3564 Johannis
1458 3486 1500 3552 de
1518 3484 1660 3551 Herzele
1668 3494 1688 3567 ⁵,

329 3589 500 3657 familiaris
514 3589 595 3657 dicti
612 3589 702 3657 dom.
719 3587 738 3669 J
742 3589 894 3671 ohannis,
911 3598 946 3657 et
961 3590 1062 3677 ipsius
1078 3588 1242 3669 Johannis
1259 3589 1392 3658 Morelli
1408 3592 1488 3658 socii
1505 3591 1688 3678 predilecti,

330 3695 386 3781 qui
402 3695 436 3761 in
453 3694 551 3763 Rom.
562 3695 652 3761 curia
665 3693 755 3761 diem
771 3714 867 3761 suum
883 3695 1003 3763 clausit
1018 3703 1215 3776 extremum,
1226 3697 1279 3762 vel
1293 3694 1360 3761 alio
1371 3716 1572 3780 quocunque
1587 3694 1690 3761 modo

328 3807 437 3883 vacet,
463 3800 573 3867 eidem
599 3798 747 3876 Johanni
775 3797 910 3867 Morelli
934 3799 1117 3885 dignemini
1139 3799 1337 3888 providere;
1354 3820 1422 3867 non
1439 3803 1526 3867 osbt.
1542 3798 1631 3885 quod
1646 3799 1689 3865 de

330 3901 496 3989 Boycour,
524 3911 558 3971 et
574 3902 608 3969 in
624 3903 775 3991 parroch.
797 3903 879 3971 eccl.
906 3903 949 3970 de
974 3902 1181 3971 Miromonte
1207 3905 1419 3992 capellanias,
1445 3905 1619 3973 Ebroicen.
1654 3914 1690 3971 et

329 4011 543 4075 Attrebaten.
568 4008 666 4090 dioc,
690 4008 838 4079 noscitur
865 4008 1040 4091 obtinere;
1069 4028 1127 4075 seu
1153 4009 1243 4094 quod
1269 4010 1311 4076 de
1332 4012 1460 4097 capella
1475 4010 1517 4076 de
1538 4010 1690 4095 Septem-

330 4112 494 4195 salicibus,
510 4132 550 4181 ac
565 4133 639 4181 cun.
655 4120 690 4181 et
704 4115 798 4200 preb.
810 4114 892 4181 eccl.
905 4112 937 4181 S.
950 4113 1089 4179 Servatii
1105 4111 1303 4199 Trajecten,
1322 4112 1460 4180 Remen.
1474 4121 1508 4180 et
1529 4112 1691 4181 Leodien.

329 4217 428 4303 dioc,
445 4217 574 4287 Eadem
590 4217 758 4285 Sanctitas
772 4217 834 4285 sibi
849 4218 981 4287 duxerit
997 4219 1251 4305 providendum,
1274 4220 1353 4286 licet
1377 4220 1419 4285 de
1445 4218 1523 4306 ipsis
1544 4238 1613 4283 non
1646 4220 1690 4285 sit

331 4322 441 4389 adbuc
453 4322 697 4409 possessionem
718 4322 870 4408 adeptae,
883 4324 1026 4408 acquod
1043 4324 1081 4391 E.
1095 4324 1126 4389 S.
1137 4324 1281 4391 eundem
1297 4321 1487 4402 Jolrannem
1505 4321 1637 4389 Morelli
1655 4322 1689 4389 iu

330 4426 389 4494 lite
409 4448 449 4494 ac
465 4428 557 4494 omni
570 4428 653 4513 jure,
664 4427 755 4512 quod
767 4426 935 4498 Gobelino
950 4428 992 4495 de
1008 4428 1209 4514 Cathenayo
1224 4429 1258 4495 in
1274 4428 1356 4495 eccl.
1372 4426 1524 4515 parrocb.
1540 4426 1583 4492 de
1599 4424 1689 4493 Mar-

331 4552 404 4615 cou,
420 4531 511 4599 dicte
528 4530 686 4599 Leodien.
703 4532 800 4615 dioc,
817 4537 1045 4622 competebat,
1069 4543 1223 4623 tempore
1238 4534 1355 4601 mortis
1371 4555 1439 4616 sue,
1461 4533 1690 4619 subrogaverit

330 4638 475 4723 gratiose
490 4637 502 4673 ⁶
516 4660 525 4719 ;
549 4647 583 4704 et
608 4658 684 4704 cum
707 4638 779 4704 aliis
799 4660 867 4705 non
890 4643 1006 4706 obst...
1027 4640 1072 4706 Et
1087 4662 1175 4723 vere,
1192 4640 1339 4728 piissime
1355 4648 1461 4726 pater,
1477 4640 1520 4706 de
1536 4638 1691 4705 omnibus

331 4743 444 4829 gratiis
459 4744 665 4831 supradictis,
681 4744 761 4810 licet
776 4764 845 4811 non
862 4752 929 4812 stet
945 4764 1004 4833 per
1020 4744 1175 4813 Vestram
1192 4745 1424 4825 Sanctitatenr,
1435 4745 1562 4811 nullum
1580 4742 1690 4811 adbuc

363 4954 386 5005 1.
397 4951 483 5005 Pistre
494 4950 629 5013 Benrend,
641 4951 680 5003 ev.
691 4952 815 5015 d’Autun,
828 4954 897 5005 cant.
909 4956 941 5005 20
952 4954 1008 5008 dec.
1021 4956 1089 5013 1331,
1102 4954 1196 5005 clectus
1207 4955 1230 5003 le
1243 4956 1273 5004 24
1286 4952 1343 5015 juin
1357 4954 1419 5003 1318
1431 4952 1535 5016 (Euboi,
1549 4952 1570 5011 1,
1590 4952 1640 5013 15).
1658 4974 1691 4987 -·

330 5030 352 5088 2.
365 5026 428 5084 Voir
439 5041 465 5085 n,
478 5029 547 5088 tlon,
561 5029 632 5082 1112.
643 5054 675 5067 ·-
687 5029 709 5081 ³.
721 5028 783 5081 voit
794 5043 820 5081 n.
833 5031 945 5083 1011).-
963 5032 985 5081 4.
998 5030 1060 5079 Voir
1071 5044 1096 5081 n.
1110 5032 1163 5081 lll.
1175 5056 1207 5065 -
1223 5032 1246 5079 b.
1260 5030 1322 5079 Voir
1334 5030 1426 5079 null.
1444 5056 1476 5071 --‹
1487 5029 1510 5077 6.
1522 5026 1584 5075 Voir
1596 5026 1690 5077 usust.
