3650 5675
303 540 345 603 42
792 536 877 609 1342,
902 535 980 598 10-11
1002 534 1179 614 septembre.

302 686 396 770 dieti,
413 686 444 753 S.
461 686 500 752 V.
517 686 778 774 supplicavimus
801 686 972 750 humiliter
998 692 1034 749 et
1059 685 1183 750 devote
1199 692 1292 768 quat.
1307 684 1497 769 hujusmodi
1512 687 1667 771 gratiam,

302 792 487 859 secundum
503 792 644 857 formam
658 791 845 856 litterarum
860 789 1096 875 predictarum,
1112 788 1277 853 mutando
1293 787 1337 853 ad
1353 786 1393 853 R.
1410 788 1447 853 P.
1463 790 1553 855 do'm.
1566 791 1668 877 episc.

306 898 532 978 Cameracen,
558 896 618 961 sibi
646 894 828 980 dignemini
861 894 1087 973 confirmare3
1117 892 1307 957 cumidem
1332 892 1422 957 dom.
1452 894 1554 977 episc.
1585 892 1668 958 Tor·

304 1020 423 1066 macen.
436 1001 470 1065 in
482 999 654 1065 beneficiis
662 1021 687 1065 s.
699 1020 738 1080 c.,
752 998 983 1085 spectantibus
993 996 1037 1062 ad
1052 996 1122 1081 ejus
1140 996 1215 1061 coll.
1231 1017 1290 1061 seu
1305 996 1541 1081 provisionem,
1557 998 1669 1062 tenuis

304 1104 388 1185 sit...,
399 1104 514 1169 taliter
523 1104 760 1189 supplicationi
777 1110 891 1167 nostre
902 1121 1049 1166 annuere
1064 1099 1257 1185 dignemini,
1270 1107 1308 1163 ut
1324 1098 1412 1163 idem
1429 1100 1518 1180 cler,
1529 1101 1584 1184 qui
1594 1101 1668 1165 nul-

303 1209 373 1273 lum
388 1211 465 1273 ben.
481 1209 563 1274 eccl.
581 1208 693 1273 extitit
716 1214 896 1287 assecutus,
921 1205 1067 1270 securius
1082 1213 1117 1270 et
1132 1204 1287 1270 devotius
1303 1203 1378 1268 Deo
1393 1204 1540 1288 propitio
1555 1205 1669 1269 valeat

306 1311 456 1377 famulari
477 1332 485 1392 ;
512 1310 567 1394 qui
590 1310 734 1395 dirigens
751 1318 847 1375 actus
863 1310 893 1373 S.
910 1308 951 1373 V.
967 1328 1125 1394 prospere
1142 1316 1318 1373 conservet
1334 1309 1424 1372 illam
1440 1329 1499 1394 per
1514 1317 1669 1395 tempora

304 1414 464 1498 longiora.
477 1454 521 1462 —
537 1412 612 1478 Fiat
629 1414 671 1478 ad
687 1414 762 1479 coll.
780 1413 880 1499 episc.
902 1412 1119 1477 Cameracen.
1135 1432 1240 1495 usque
1256 1412 1301 1477 ad
1312 1432 1478 1476 summam
1494 1433 1535 1496 40
1552 1413 1608 1478 lib.
1626 1412 1669 1479 R.

348 1516 428 1583 Dat.
445 1538 496 1603 ap.
513 1516 764 1582 Villamnovam
782 1534 798 1601 5
816 1516 857 1582 id.
882 1524 967 1601 sept.
984 1522 1017 1581 a⁰
1037 1523 1076 1581 1⁰.
1093 1514 1137 1599 (l,
1159 1516 1245 1599 187).

356 1638 470 1719 202.
1266 1668 1360 1731 1342,
1379 1668 1419 1712 ιο
1435 1650 1625 1735 septembre.

348 1754 437 1840 Sign.
454 1754 485 1819 S.
502 1753 542 1818 V.
559 1752 660 1818 vestri
679 1761 829 1819 oratores
839 1752 1025 1837 capitulum
1034 1752 1116 1817 eccl.
1128 1749 1288 1817 Leodien.
1301 1752 1391 1835 quod
1403 1752 1493 1832 olim,
1506 1752 1577 1837 jam
1592 1762 1671 1817 sunt

305 1858 451 1942 quinque
467 1858 557 1938 anni,
574 1878 647 1923 can.
664 1865 699 1922 et
714 1860 807 1943 preb.
834 1855 1032 1922 sacerdotali
1056 1875 1116 1941 per
1132 1858 1186 1922 ob.
1202 1855 1373 1939 quondam
1396 1876 1483 1940 mag.
1499 1854 1670 1920 Guillelmi

307 1961 348 2027 de
365 1960 528 2026 Stokhem
545 1971 563 2039 ¹,
579 1961 681 2046 ipsius
704 1960 786 2025 eccl.
814 1980 899 2041 cam,
917 1959 1125 2038 vacantibus,
1152 1978 1228 2023 ven.
1259 1967 1356 2043 pater
1381 1958 1471 2023 dom.
1494 1958 1672 2043 Adolpbus

307 2064 408 2149 episc.
436 2063 595 2130 Leodien.
622 2063 730 2129 dictas
758 2083 832 2129 can.
849 2069 884 2127 et
899 2065 992 2148 preb.
1010 2062 1082 2126 viro
1097 2060 1240 2147 provido
1255 2068 1290 2125 et
1305 2061 1450 2127 discreto
1476 2062 1566 2127 dom.
1589 2060 1670 2126 Gui-

308 2166 387 2233 doni
403 2167 445 2231 de
462 2166 645 2233 Chamoir’
659 2169 767 2253 presb.
796 2175 883 2232 auct.
911 2165 1077 2232 ordinaria
1105 2164 1248 2231 contulit
1264 2173 1300 2229 et
1315 2166 1462 2251 providit
1488 2167 1530 2232 de
1557 2166 1621 2230 illis
1636 2173 1672 2230 et

309 2274 548 2355 subsequenter
570 2292 632 2337 nos
654 2281 792 2357 propter
817 2272 919 2357 ipsius
945 2269 1181 2336 sufficientiam
1197 2280 1232 2334 et
1254 2269 1478 2356 aptitudinem
1495 2271 1539 2336 ad
1554 2278 1672 2335 canto-

308 2376 393 2440 riam
409 2376 549 2441 ecclesie
565 2375 715 2461 predicte
726 2374 943 2460 postmodum
956 2382 1137 2440 vacantem
1153 2382 1188 2437 et
1204 2373 1337 2437 solitam
1350 2373 1516 2439 canonico
1530 2374 1673 2439 ecclesie

309 2479 459 2563 predicte
473 2479 651 2545 dumtaxat
662 2478 830 2563 assignari,
839 2477 1060 2558 concorditer,
1073 2459 1173 2562 prout
1184 2476 1227 2541 ad
1238 2496 1300 2541 nos
1312 2479 1499 2561 spectabat,
1511 2476 1674 2560 elegimus

309 2592 343 2649 et
359 2582 524 2648 electione
550 2582 739 2667 hujusmodi
767 2581 979 2661 confirmata,
1005 2581 1115 2646 dictos
1142 2600 1217 2646 can.
1244 2586 1280 2644 et
1306 2583 1397 2664 preb.
1425 2587 1460 2644 et
1484 2580 1672 2645 cantoriam

309 2695 432 2752 extunc
447 2686 588 2773 pacifice
604 2694 639 2751 et
654 2685 766 2770 quiete
781 2688 871 2751 bona
896 2685 961 2750 fide
986 2683 1144 2769 possedit,
1161 2692 1196 2747 et
1212 2684 1291 2749 licet
1311 2682 1445 2769 penitus
1467 2682 1565 2747 fuerit
1579 2683 1674 2768 igno·

309 2796 419 2856 ratum
435 2789 525 2874 quod
540 2790 649 2856 dictus
664 2788 878 2856 Guilhermus
894 2788 1042 2854 extiterit
1058 2788 1144 2853 sedis
1160 2795 1268 2873 apost.
1285 2807 1370 2872 cap,
1381 2795 1415 2852 et
1426 2807 1601 2870 nunquam
1611 2808 1674 2874 pro

309 2894 368 2960 tali
384 2914 419 2958 se
442 2895 579 2978 gesserit
605 2893 719 2958 necin
735 2894 853 2958 habitu
880 2893 1132 2978 capellanorum
1159 2891 1248 2956 dicte
1273 2891 1360 2956 sedis
1384 2891 1565 2970 incesserit,
1593 2891 1672 2975 quia

308 3003 424 3060 tamen
440 2995 541 3078 aliqui
557 2994 600 3059 de
615 3014 706 3062 novo
721 2995 868 3061 referunt
884 2997 993 3080 ipsum
1016 2994 1248 3060 Guillrennum
1264 3015 1338 3081 cap.
1355 2994 1454 3060 fuisse
1469 2995 1559 3060 dicte
1575 2995 1671 3077 sedis,

309 3117 404 3183 supp.
415 3096 496 3161 dicti
510 3097 696 3182 capitulum
707 3098 797 3183 quod
813 3119 889 3164 cum
902 3099 973 3184 ipse
986 3097 1097 3163 Guido
1110 3099 1152 3162 sit
1165 3099 1305 3163 ecclesie
1321 3098 1470 3184 predicte
1480 3119 1674 3165 accommo-

308 3203 369 3269 dus
385 3210 420 3268 et
435 3210 534 3288 aptus
549 3223 608 3288 pre
625 3203 698 3268 aliis
715 3203 759 3268 ad
775 3201 923 3268 officium
941 3201 1091 3270 cantorie
1107 3201 1179 3284 sibi,
1196 3221 1296 3285 quem
1311 3204 1438 3267 bonum
1454 3211 1489 3267 et
1501 3201 1673 3288 ydoneum

309 3328 350 3372 ex
364 3306 523 3372 laudabili
541 3305 797 3373 conversatione
813 3313 991 3386 noverunt,
1004 3314 1093 3372 auct.
1110 3312 1218 3391 apost.
1235 3305 1420 3370 concedere
1436 3305 1618 3390 dignemini
1635 3315 1673 3371 ut

308 3410 417 3476 dictos
432 3430 505 3476 can.
522 3418 557 3475 et
572 3414 665 3495 preb.
682 3411 939 3492 sacerdotalem,
963 3412 1067 3475 etiam
1084 3410 1109 3474 si
1125 3410 1234 3476 dictus
1257 3408 1470 3474 Guilhermus
1486 3409 1583 3475 fuerit
1599 3431 1673 3496 cap.

308 3513 397 3580 dicte
414 3512 510 3594 sediS,
527 3515 617 3598 quod
632 3515 778 3580 nescitur
794 3535 855 3600 pro
871 3521 974 3595 certo,
990 3514 1096 3600 possit
1111 3513 1201 3579 licite
1217 3514 1371 3593 retinere,
1386 3534 1455 3579 non
1472 3517 1557 3579 obst.
1580 3514 1672 3580 dicta

308 3615 460 3681 cantoria
476 3636 577 3699 quam
594 3617 734 3682 obtinet.

353 3719 460 3785 Fiat...
479 3719 528 3801 R,
546 3728 581 3785 et
596 3721 623 3786 si
639 3722 694 3786 ille
711 3721 924 3786 Guilhermus
940 3722 1037 3787 fuerit
1054 3742 1139 3807 cap,
1155 3721 1248 3786 dicto
1264 3720 1408 3786 Guidoni
1424 3720 1467 3784 de
1482 3720 1580 3785 dictis
1596 3740 1672 3785 can.

308 3833 342 3888 et
357 3826 449 3909 preb.
466 3825 681 3911 providemus
696 3825 738 3891 de
753 3846 853 3891 novo
872 3824 912 3890 R.

352 3927 431 3993 Dat.
448 3948 501 4014 ap.
519 3927 771 3995 Villamnovam
788 3953 807 4014 4
825 3929 867 3994 id.
884 3936 969 4014 sept.
986 3936 1019 3993 a⁰
1040 3937 1078 3992 1⁰.
1096 3927 1139 4010 (l,
1160 3930 1262 4012 188⁰).

359 4046 475 4133 203.
1262 4078 1358 4142 1342,
1376 4080 1415 4124 11
1438 4061 1629 4146 septembre.

351 4166 452 4252 Supp.
477 4165 656 4230 Durandus
669 4163 712 4228 de
728 4162 888 4248 Thyerno
914 4162 1021 4242 miles
1037 4161 1127 4227 dom.
1144 4161 1186 4226 de
1202 4157 1375 4244 LinihacO,
1391 4169 1479 4246 quat.
1496 4160 1672 4246 [Michaeli

309 4267 470 4348 Larocha,
487 4267 564 4333 cler.
581 4266 831 4332 Claromonten.
849 4265 946 4345 dioc,
962 4266 1064 4348 mag]
1075 4265 1255 4330 liberorum
1271 4285 1416 4347 suorum,
1431 4265 1474 4330 de
1488 4268 1565 4330 ben.
1589 4266 1673 4331 eccl.

308 4371 351 4436 ad
367 4370 441 4436 coll.
458 4370 652 4456 archiepisc.
671 4368 864 4434 Narbonem
881 4368 1062 4453 dignemini
1079 4368 1265 4453 providere,
1278 4370 1333 4434 vel
1349 4369 1392 4434 ad
1414 4369 1490 4432 coll.
1503 4368 1622 4454 prioris
1638 4377 1673 4433 et

305 4495 406 4539 conr.
423 4474 454 4537 S.
472 4472 610 4538 Martini
637 4473 679 4538 de
695 4472 831 4558 Campis
847 4472 880 4536 in
895 4471 1053 4537 suburbio
1069 4471 1237 4553 Parisien,
1253 4472 1308 4536 rel
1323 4471 1358 4536 in
1373 4473 1455 4537 eccl.
1469 4471 1500 4536 S.
1510 4471 1675 4556 Vaburgis

310 4576 338 4640 F
339 4577 498 4657 urnensis,
517 4575 685 4642 Morinen.
702 4576 788 4642 dioc.
805 4615 848 4624 -
865 4574 939 4640 Fiat
957 4573 997 4641 R.

353 4680 431 4746 Dat.
447 4701 500 4766 ap.
516 4679 765 4745 Villamnoram
782 4699 799 4762 3
817 4678 860 4745 id.
877 4686 962 4765 sept.
978 4687 1011 4744 a⁰
1031 4688 1070 4745 1⁰.
1087 4678 1131 4763 (l,
1153 4681 1240 4765 194).

343 4820 364 4867 l.
383 4819 422 4867 Cf.
442 4819 474 4867 rle
497 4819 593 4879 Theux,
614 4817 650 4878 Π,
672 4819 720 4869 71:
743 4818 874 4877 Bormarm
891 4817 960 4866 (lert.
982 4817 1008 4867 S.
1030 4817 1157 4877 samem,
1181 4817 1225 4878 IV,
1247 4821 1297 4877 20;
1316 4817 1463 4877 Sauerland,
1489 4817 1579 4866 Illeciu.
1604 4817 1675 4866 Urit..

310 4893 461 4941 n.1628.-
480 4895 502 4941 2.
515 4893 574 4954 (luy
591 4893 624 4940 elo
636 4891 773 4941 Charneux
785 4893 828 4952 (cl.
848 4891 948 4947 Kirscb,
966 4891 1041 4949 lbet,
1059 4895 1118 4951 266)
1138 4893 1180 4940 lut
1197 4891 1256 4955 plus
1273 4893 1331 4940 tarel
1352 4892 1503 4953 vicedoyen
1521 4896 1548 4941 et
1568 4892 1678 4941 clrantre

310 4965 452 5026 (Bormons,
468 4965 511 5026 lv,
531 4967 553 5026 7,
566 4967 598 5014 50
611 4981 617 5022 ;
636 4965 668 5013 de
688 4965 785 5024 Theux‚
800 4965 834 5024 ll,
856 4967 948 5022 eet-823
962 4964 1088 5024 Ponccleb‚
1102 4965 1180 5026 l'iesx,
1193 4968 1247 5025 29⁴,
1260 4968 1326 5028 lul).
