3650 5675
298 451 358 529 292
807 445 894 520 1347,
918 445 1004 509 10-12
1024 445 1152 527 juvor.

299 599 493 687 appellavit,
510 604 545 662 et
561 617 661 672 causa
675 616 736 682 per
751 596 782 662 S.
798 594 839 662 V.
855 596 955 662 certis
969 596 1175 664 auditoribus
1195 601 1383 683 commissa,
1400 622 1477 668 cum
1492 603 1527 668 in
1543 605 1661 670 eadem

301 705 497 771 conclusum
513 701 622 782 fuerit,
637 701 729 765 idem
752 699 930 782 Gerardus,
946 701 1032 767 sicut
1057 701 1133 768 Deo
1157 704 1294 789 placuit,
1311 704 1346 770 in
1363 705 1462 772 Rom.
1479 727 1546 773 cur.
1573 708 1662 774 diem

301 807 420 875 clausit
435 814 634 871 extremum.
645 804 731 870 Cum
746 812 859 870 autem
874 805 1044 891 predictus
1061 806 1248 890 Durandus,
1264 818 1402 895 propter
1428 810 1663 897 importunita-

300 920 372 977 tem
387 909 586 996 petentium,
603 909 735 973 dubitet
750 909 784 973 in
797 909 869 993 jure
885 929 946 974 suo
961 909 1143 992 molestari,
1160 919 1195 976 et
1219 931 1318 998 super
1334 933 1375 978 eo
1398 915 1528 998 gravari
1545 914 1663 980 labori-

300 1019 363 1082 bus
378 1023 413 1080 et
437 1013 602 1101 expensis,
631 1032 834 1097 quamquam
859 1015 988 1078 bonum
1014 1021 1049 1079 et
1074 1015 1201 1080 clarum
1224 1016 1278 1101 jus
1304 1025 1438 1102 reputet
1465 1039 1500 1083 se
1516 1018 1663 1098 habere3

302 1138 397 1204 supp.
413 1125 504 1202 quat.
521 1117 640 1203 ipsum,
657 1115 702 1180 ad
715 1115 959 1181 removendum
981 1117 1120 1183 dubium
1143 1118 1332 1205 hujusmodi
1360 1129 1395 1186 et
1420 1122 1665 1188 molestationi-

302 1225 364 1286 bus
379 1221 596 1300 obviandum,
613 1219 646 1283 in
663 1219 754 1284 omni
767 1219 841 1305 jure
856 1227 892 1284 et
906 1219 950 1285 ad
966 1241 1067 1286 omne
1078 1223 1142 1308 jus,
1160 1222 1251 1308 quod
1276 1223 1369 1290 dicto
1385 1224 1536 1292 Gerardo
1551 1234 1664 1313 posset

302 1333 496 1411 competere
512 1324 546 1389 in
563 1344 636 1389 can.
653 1332 687 1388 et
703 1325 794 1409 preb.
810 1323 978 1409 predictis
1002 1325 1185 1410 dignemini
1206 1329 1395 1413 subrogare,
1423 1329 1664 1396 constitutione

301 1427 393 1493 dom.
418 1425 582 1493 Bonifacii
608 1446 698 1512 pape
718 1424 803 1490 VIII
831 1447 900 1492 non
927 1431 1024 1509 obst,
1049 1449 1089 1496 ac
1116 1431 1219 1496 etiam
1245 1451 1313 1497 non
1341 1434 1427 1498 obst.
1452 1434 1606 1498 omnibus
1630 1434 1664 1499 in

304 1532 402 1597 dictis
417 1532 537 1596 litteris
548 1531 729 1611 contentis,
746 1538 780 1595 et
796 1551 895 1617 super
910 1531 976 1598 hoc
992 1533 1151 1598 mandare
1177 1534 1247 1598 fieri
1264 1535 1394 1601 litteras
1417 1557 1494 1602 cum
1510 1538 1665 1604 clausulis

305 1635 479 1721 oportunis
494 1644 529 1699 et
545 1634 788 1700 executoribus.
804 1673 845 1683 —
863 1633 940 1700 Fiat
953 1634 993 1700 R.

347 1738 426 1803 Dat.
442 1737 544 1804 Avin.
560 1738 626 1804 kal.
638 1739 765 1823 januar.
782 1745 815 1802 a⁰
832 1745 874 1822 5⁰.
891 1739 963 1822 (10,
982 1739 1050 1824 73).

356 1875 487 1956 1121·
920 1954 923 1960 ,
1309 1910 1463 1977 1347,10
1477 1892 1621 1974 sanarer.

347 1991 449 2079 Supp.
466 1992 498 2057 S.
511 1991 552 2058 V.
566 1990 727 2057 Matheus
742 1990 784 2057 ad
800 1990 904 2058 Latus
917 2002 937 2074 ¹,
955 1993 989 2058 in
1005 1993 1221 2061 Parlamento
1235 1997 1321 2082 regis
1338 1995 1479 2063 Francie
1495 1997 1665 2083 quondam

304 2096 406 2183 ipsius
421 2105 626 2182 procurator,
642 2105 733 2182 quat.
749 2098 811 2162 sibi
837 2099 880 2165 de
904 2099 1017 2164 media
1041 2100 1196 2185 portione
1221 2101 1375 2187 parroch.
1391 2102 1473 2167 eccl.
1496 2102 1539 2168 de
1554 2100 1665 2186 Braya

306 2199 439 2265 comitis
463 2199 613 2280 Roberti,
641 2199 799 2267 Parisien.
823 2201 921 2284 dioc,
947 2202 1131 2286 dignemini
1156 2203 1354 2289 providere;
1375 2224 1445 2270 non
1472 2206 1557 2269 obst.
1574 2204 1665 2288 quod

306 2323 380 2368 can.
397 2310 432 2368 et
444 2305 536 2388 preb.
553 2305 635 2369 eccl.
653 2301 821 2371 Morinen.
837 2314 872 2370 et
888 2327 962 2372 can.
979 2309 1038 2371 sub
1063 2327 1139 2392 exp.
1162 2309 1256 2393 preb.
1273 2310 1355 2374 eccl.
1371 2308 1571 2373 Ambianen.
1587 2327 1664 2372 nos-

307 2408 393 2473 citur
408 2408 571 2473 obtinere.
587 2447 631 2457 —-
647 2405 722 2473 Fiat
739 2409 779 2474 R.
1187 2417 1188 2420 ’

348 2511 427 2578 Dat.
442 2511 543 2577 Avin.
560 2535 579 2597 4
596 2511 640 2577 id.
652 2511 781 2596 januar.
797 2519 830 2578 a⁰
848 2520 889 2597 5⁰.
906 2514 979 2598 (10,
997 2513 1058 2598 ἲ).

357 2649 486 2730 1122.
1315 2684 1410 2752 1347,
1426 2688 1467 2733 rr
1477 2665 1621 2748 janvier.

349 2766 451 2853 Supp.
466 2765 635 2831 Arnoldus
651 2764 744 2848 Loel‚
760 2786 887 2852 pauper
911 2767 990 2832 cler.
1005 2767 1240 2854 Trajectensis‚
1256 2771 1391 2836 scolaris
1416 2771 1449 2835 in
1464 2771 1538 2857 leg„
1559 2790 1666 2856 nepos

270 2922 273 2927 .
305 2870 468 2937 Florentii
484 2870 526 2935 de
541 2868 673 2947 Jutfaes
687 2880 709 2951 ²,
731 2870 819 2935 sedis
835 2878 942 2955 apost.
967 2874 1142 2957 capellani,
1159 2881 1249 2959 quat.
1265 2875 1308 2940 de
1335 2894 1407 2940 can.
1424 2884 1459 2940 et
1473 2878 1565 2960 preb.
1582 2875 1665 2940 eccl.

304 2974 336 3039 S.
353 2972 491 3039 Martini
508 2972 679 3053 Leodien.,
696 2994 771 3039 vac.
797 2994 858 3059 per
882 2977 936 3040 ob.
963 2973 1101 3041 Gerardi
1122 2977 1164 3042 de
1189 2976 1302 3043 Comu
1316 2988 1337 3060 ³,
1362 2980 1509 3045 cantoris
1529 2986 1564 3043 et
1590 2999 1664 3044 can.

304 3076 453 3163 ejusdem
468 3077 561 3156 eccl,
578 3076 634 3161 qui
659 3086 755 3143 extra
770 3077 869 3144 Rom.
897 3099 965 3145 cur.
993 3079 1146 3162 decessit,
1174 3082 1356 3167 dignemini
1380 3082 1578 3168 providere;
1595 3102 1665 3147 non

304 3183 390 3247 obst.
406 3180 497 3265 quod
511 3182 588 3246 ben.
605 3180 650 3246 ad
664 3182 741 3247 coll.
758 3202 831 3268 cap.
847 3182 879 3249 S.
897 3182 987 3249 Petri
1003 3183 1226 3270 Trajectensis
1252 3187 1402 3252 noscitur
1417 3194 1607 3273 expectare.
1628 3224 1660 3234 -

306 3283 381 3349 Fiat
398 3283 439 3349 R.

346 3388 425 3453 Dat.
441 3388 542 3451 Avin.
559 3408 577 3472 3
595 3386 639 3454 id.
653 3388 781 3473 januar.
796 3397 829 3456 a⁰
846 3398 888 3475 5⁰.
906 3391 1079 3476 (12,180).

357 3525 646 3613 1123-1124.
1154 3572 1156 3577 ·
1314 3559 1409 3627 1947,
1426 3563 1467 3607 12
1478 3540 1621 3623 yunvr'er.

347 3645 451 3732 Supp.
479 3642 638 3724 Mathias,
657 3643 758 3729 episc.
785 3643 1072 3729 Trapesondinen.
1088 3657 1111 3727 ⁴,-
1126 3666 1213 3730 mag.
1229 3646 1263 3710 in
1279 3646 1393 3728 theol,
1418 3646 1487 3712 ord.
1503 3644 1540 3710 B.
1557 3644 1606 3710 M.
1623 3645 1666 3712 de

307 3748 428 3815 Monte
444 3747 599 3828 Carmeli,
610 3748 644 3812 in
660 3748 748 3814 dioc.
765 3746 979 3815 Cameracen.
996 3770 1218 3831 commorans,
1230 3759 1320 3835 quat.
1334 3749 1518 3836 Margarite
1529 3749 1572 3816 de
1586 3749 1667 3814 Ber-

304 3855 374 3918 laer
389 3861 424 3917 et
441 3851 534 3918 Hille
550 3851 592 3916 de
609 3850 830 3917 Barenchove
845 3872 886 3917 ac
902 3852 1097 3935 Katherine,
1119 3854 1186 3919 filie
1203 3851 1366 3921 Beatricis
1388 3854 1533 3941 Spapen‚
1549 3853 1666 3919 mulie-

304 3958 394 4022 ribus
418 3955 633 4022 Cameracen.
659 3955 757 4038 dioc,
792 3955 876 4042 [ind.
903 3958 938 4022 in
967 3967 1067 4025 mort.
1091 3957 1168 4045 art]
1201 3958 1383 4043 dignemini
1413 3958 1591 4042 indulgere.
1621 3998 1667 4007 —

307 4059 385 4126 Fiat
409 4059 449 4126 R.

349 4203 450 4263 1124.
469 4196 557 4262 Item
573 4217 668 4283 supp.
684 4197 774 4263 idem
789 4197 891 4284 episc.
907 4205 998 4282 quat.
1015 4199 1085 4283 ejus
1100 4198 1222 4265 clerico
1234 4197 1376 4265 Matheo
1388 4198 1430 4265 de
1442 4197 1570 4279 vellen,
1586 4198 1666 4263 cler.

307 4297 526 4365 Cameracen.
550 4300 647 4381 dioc,
664 4301 707 4366 de
732 4303 810 4368 ben.
835 4302 917 4367 eccl.
944 4307 1049 4386 spect.
1074 4301 1117 4367 ad
1143 4303 1249 4368 coll...
1278 4301 1351 4368 dec.
1367 4310 1404 4367 et
1426 4323 1500 4388 cap.
1527 4302 1608 4367 eccl.
1625 4298 1664 4367 B.

306 4401 428 4468 Gudile
444 4402 709 4469 Bruxeliensis...
727 4404 903 4490 providere
919 4405 1111 4490 dignemini.
1127 4446 1171 4455 -
1187 4405 1265 4472 Fiat
1281 4404 1321 4471 R.

350 4504 438 4571 Item
453 4526 551 4593 supp.
567 4515 658 4592 quat.
675 4505 831 4591 Mariam,
848 4509 951 4573 filiam
976 4507 996 4586 J
1000 4508 1142 4575 ohannis
1161 4508 1303 4574 Gherais
1325 4508 1368 4575 de
1392 4507 1557 4591 Bruxella,
1572 4508 1666 4594 puel·

306 4610 375 4673 lam
395 4611 590 4693 litteratam,
607 4609 825 4677 Cameracen.
849 4611 946 4693 dioc..
971 4613 1130 4679 mandare
1154 4611 1337 4698 dignemini
1361 4614 1464 4700 recipi
1491 4614 1524 4677 in
1547 4632 1665 4678 mona-

337 4817 359 4863 1.
371 4814 434 4862 Voir
444 4829 470 4863 n.
483 4815 522 4864 18.
538 4844 571 4853 -
585 4818 609 4866 2.
620 4816 684 4864 Voir
694 4830 721 4867 n.
733 4818 788 4867 322.
804 4844 838 4852 -
854 4818 877 4867 3.
893 4818 1021 4879 Ponoelet,
1040 4818 1118 4880 Fiefr,
1139 4819 1191 4867 los.
1210 4816 1308 4867 Gerard
1325 4816 1366 4865 del
1381 4816 1428 4865 Cor
1444 4818 1484 4864 est
1498 4814 1550 4864 cite
1565 4828 1666 4863 commo

303 4888 412 4938 cbantre
422 4903 454 4937 en
467 4890 531 4938 1330
542 4889 756 4961 (schoonbroodt
766 4890 916 4953 St-Manin,
929 4905 954 4955 p.
966 4893 1017 4953 56),
1031 4898 1057 4941 et
1068 4892 1092 4941 le
1105 4894 1135 4940 19
1146 4906 1215 4941 mars
1227 4894 1289 4941 1339
1299 4891 1353 4955 (ib,
1363 4890 1414 4952 63).
1424 4918 1457 4925 -
1467 4890 1490 4938 4.
1498 4890 1560 4937 Voir
1571 4903 1597 4939 n.
1608 4889 1665 4937 914.
