3650 5675
286 535 346 599 586
812 535 894 616 1351,
920 538 1107 603 12-1320r1t.

184 774 186 779 Ι
287 687 423 772 Hugoni
440 689 590 755 Arnaudi
609 698 628 768 ¹,
644 690 697 755 lic.
723 690 756 753 in
782 691 855 773 leg,
872 691 1013 776 vicario]
1040 692 1188 776 ejusdem
1212 693 1359 779 episcopi
1377 695 1409 759 in
1433 697 1639 780 prepositura

285 793 445 859 Leodien.
461 806 483 874 ²,
499 794 540 859 de
558 815 630 860 cau.
648 802 682 859 et
698 797 788 880 preb.
805 794 894 860 dicte
920 795 1079 861 Leodien.
1103 798 1253 877 ecclesie,
1279 818 1340 883 per
1355 796 1386 862 S.
1399 796 1439 863 V.
1454 800 1639 878 reservatis,

284 918 357 963 vac.
373 918 432 983 per
448 900 500 964 ob.
517 897 536 975 J
539 898 680 964 olraunis
695 899 737 963 de
748 899 871 963 Sancto
882 898 910 963 T
912 899 1039 965 rudone
1048 908 1071 980 ¹²,
1078 901 1242 985 capellani
1261 910 1292 965 et
1309 902 1477 967 familiaris
1492 902 1639 985 ejusdem

285 1002 432 1088 episcopi
449 1015 470 1083 ³,
487 1023 563 1067 cum
580 1004 734 1067 omnibus
747 1003 873 1087 juribus
889 1012 923 1068 et
939 1004 1148 1089 pertinentiis
1158 1005 1234 1085 suis,
1244 1004 1427 1088 dignemini
1440 1006 1615 1090 providere
1630 1027 1637 1083 ;

284 1126 360 1170 cum
377 1106 532 1171 clausulis
547 1106 712 1186 anteferri,
729 1127 768 1171 ac
785 1107 902 1172 ceteris
918 1128 986 1172 non
1003 1108 1222 1189 obstantibus,
1235 1117 1271 1173 et
1286 1109 1441 1174 clausulis
1468 1110 1640 1194 oportunis

285 1229 325 1275 ac
342 1210 573 1275 executoribus
589 1232 596 1288 ;
614 1231 682 1274 uon
699 1212 784 1276 obst.
801 1210 891 1293 quod
907 1210 996 1276 idem
1011 1232 1099 1295 mag.
1117 1211 1220 1297 Hugo
1244 1233 1318 1278 can.
1334 1221 1369 1277 et
1384 1214 1475 1297 preb.
1499 1212 1639 1277 ecclesie

284 1313 498 1394 Cavallicen,
516 1335 556 1379 ac
572 1314 724 1399 parrocb.
741 1314 917 1378 ecclesiam
935 1314 966 1380 S.
983 1314 1073 1379 Petri
1089 1316 1131 1381 de
1145 1315 1275 1399 Dyons,
1285 1316 1372 1381 dioc.
1390 1314 1536 1395 Uticen,
1553 1316 1639 1380 obti-

263 1432 265 1437 ’
284 1439 363 1483 nere
378 1428 545 1483 noscatur.
561 1460 604 1466 -
622 1416 696 1483 Fiat
714 1415 753 1482 R.

327 1521 402 1587 Dat
420 1522 518 1601 Avin.
537 1544 553 1607 3
572 1522 613 1587 id.
630 1543 704 1606 aug.
720 1530 753 1587 a⁰
773 1529 834 1587 10⁰.
851 1524 923 1607 (21,
942 1526 1025 1609 98‘).

335 1659 483 1742 2260.
1339 1696 1433 1760 1351,
1451 1698 1490 1741 12
1507 1683 1595 1743 aurit.

328 1777 429 1863 Supp.
447 1775 686 1862 G(uillelmus),
697 1779 886 1864 patriarcba
898 1777 1182 1855 Jherosolimitan.
1197 1792 1218 1859 ⁴,
1235 1788 1326 1863 quat.
1340 1780 1507 1865 [familiari
1524 1791 1558 1846 et
1573 1802 1639 1846 ser-

286 1882 384 1946 vitori
402 1902 461 1946 suo
477 1889 511 1946 et
528 1882 559 1945 in
578 1882 643 1946 suis
659 1884 825 1967 obsequiis
841 1884 1001 1948 continue
1016 1883 1171 1948 existenti
1196 1882 1376 1951 Guillelmo
1399 1884 1557 1965 Viriaudi,
1573 1888 1639 1951 cle-

283 1984 370 2069 rico]
390 1983 594 2050 Lemovicen
610 1985 708 2065 dioc,
724 1986 766 2050 de
783 2006 855 2051 can.
871 1996 906 2052 et
921 1989 1013 2072 preb.
1024 1988 1164 2053 ecclesie
1177 1988 1208 2053 S.
1221 1987 1396 2073 Gangetici
1413 1987 1638 2069 Cameracen,

283 2109 358 2154 vac.
374 2109 434 2173 per
449 2091 502 2154 ob.
520 2087 688 2153 Guillelmi
705 2088 746 2155 de
763 2090 794 2155 S.
812 2089 941 2173 Egidio,
958 2091 1013 2174 qui
1035 2111 1141 2177 nuper
1163 2101 1256 2158 extra
1274 2092 1371 2158 Rom.
1399 2093 1523 2158 curiam
1549 2092 1639 2158 diem

283 2214 379 2258 suum
395 2201 583 2257 extremum
599 2194 729 2274 clausit,
746 2203 780 2258 et
796 2201 875 2259 ante
891 2196 962 2279 ejus
977 2196 1105 2261 obitum
1128 2197 1315 2277 reservatis,
1331 2196 1512 2280 dignemini
1528 2196 1639 2283 provi-

283 2295 361 2361 dere
377 2319 386 2376 ;
403 2316 470 2362 non
499 2300 585 2363 obst.
612 2296 702 2382 quod
725 2298 969 2384 prepositatum
993 2306 1029 2365 et
1044 2320 1117 2365 can.
1141 2300 1176 2365 in
1201 2299 1412 2366 Monasten'o
1430 2299 1640 2382 Rausiliensi,

282 2401 372 2468 dicte
400 2400 615 2469 Lemovieen.
631 2401 728 2482 dioc,
754 2402 905 2468 obtineat
920 2426 928 2482 ;
946 2423 1022 2467 cum
1047 2403 1118 2468 aliis
1145 2404 1299 2469 omnibus
1320 2425 1391 2470 non
1418 2404 1639 2470 obstantibus.

283 2548 327 2557 —-
345 2505 419 2571 Fiat
437 2505 477 2573 R.

326 2611 406 2677 Dat.
423 2611 523 2678 Avin.
540 2632 557 2675 2
583 2610 627 2676 id.
651 2630 725 2694 aug.
742 2617 776 2675 a⁰
795 2618 856 2677 10⁰.
875 2611 946 2694 (21,
968 2609 1056 2692 108).

332 2746 469 2829 2261Ι
1337 2780 1431 2845 1351,
1449 2781 1488 2845 13
1506 2764 1594 2826 aortt.

323 2867 411 2951 Sign.
428 2867 459 2931 S.
476 2866 517 2932 V.
532 2865 680 2930 decanus
706 2872 741 2930 et
768 2865 951 2950 capitulum
981 2863 1123 2929 ecclesie
1151 2865 1326 2950 Aquensis,
1352 2865 1513 2931 Leodien.
1538 2865 1638 2947 dioc,

281 2970 371 3054 quod
403 2969 442 3034 R.
473 2968 511 3034 P.
541 2969 630 3034 dom.
659 2967 865 3049 Wilbelmus,
894 2967 1164 3054 archiepiscopus
1188 2967 1373 3049 Colonien.,
1400 2969 1442 3034 de
1473 2990 1638 3036 consensu

281 3071 419 3138 Gerardi
435 3079 455 3148 ⁵,
472 3072 632 3158 prepositi
648 3071 789 3137 ecclesie
806 3070 843 3136 B.
861 3069 911 3136 M.
927 3070 1088 3156 predicte,
1104 3071 1236 3157 patroni
1260 3073 1361 3137 solius
1384 3081 1418 3137 et
1445 3073 1478 3137 in
1495 3073 1636 3139 solidum

281 3177 433 3265 parrocb.
451 3176 591 3241 ecclesie
608 3177 641 3240 in
668 3175 852 3261 Synaeglre,
878 3173 1053 3240 Colonien.
1080 3174 1177 3256 dioc,
1206 3176 1448 3242 interveniente
1474 3198 1637 3242 consensu

281 3281 330 3346 sui
346 3281 481 3366 capituli
497 3280 638 3346 ecclesie
655 3278 840 3358 Colonien.,
866 3279 975 3343 eidem
1000 3279 1139 3344 ecclesie
1166 3280 1314 3363 Aquensi
1340 3301 1446 3366 nuper
1472 3302 1514 3346 ex
1537 3281 1637 3346 ratio

282 3385 413 3450 nalibus
429 3385 536 3450 causis
552 3383 694 3449 eandem
710 3382 862 3468 parrocb.
879 3381 1057 3447 ecclesiam
1078 3382 1315 3468 incorporavit,
1340 3387 1500 3450 annexuit
1516 3394 1552 3450 et
1566 3385 1639 3448 uni-

280 3487 340 3569 vit,
354 3489 446 3553 salva
460 3507 608 3571 congrua
621 3487 775 3574 portione
791 3507 851 3572 pro
867 3494 1019 3571 tempore
1041 3485 1165 3552 vicario
1188 3497 1352 3572 perpetuo
1368 3489 1469 3574 ipsius
1484 3488 1639 3574 parrocb.

280 3592 420 3656 ecclesie
436 3591 591 3676 quotiens
606 3591 776 3656 vacaverit
798 3609 857 3677 per
879 3589 1086 3675 prepositum
1111 3590 1201 3655 dicte
1217 3591 1357 3656 ecclesie
1383 3591 1549 3675 Aquensis
1574 3611 1637 3677 pro

280 3705 433 3782 tempore
449 3695 675 3781 presentando
700 3694 742 3760 ad
765 3693 906 3760 eandem
922 3694 943 3758 ⁶.
965 3693 1076 3777 Quare
1091 3715 1186 3780 supp.
1203 3703 1294 3779 quat.
1318 3695 1506 3779 hujusmodi
1530 3695 1638 3760 incor-

278 3800 500 3884 porationem,
517 3799 674 3864 unionem
691 3807 725 3865 et
749 3799 984 3878 annexiouem,
1011 3807 1046 3864 et
1072 3799 1230 3883 quicquid
1252 3800 1371 3866 exinde
1387 3807 1422 3864 et
1445 3809 1581 3885 propter
1604 3800 1638 3865 id

279 3913 430 3970 secutum
446 3913 506 3984 est,
524 3926 565 3970 ex
581 3912 674 3970 certa
690 3905 830 3970 scientia
845 3903 1027 3988 dignemini
1040 3905 1247 3985 continuare,
1263 3912 1298 3969 et
1308 3925 1443 3969 omnem
1456 3903 1638 3983 defectum,

279 4008 305 4072 si
322 4009 394 4092 quis
410 4011 453 4074 sit
479 4009 513 4074 in
540 4009 612 4090 biis,
638 4009 790 4095 supplere
813 4017 848 4073 et
870 4010 1079 4094 approbare;
1098 4028 1174 4073 cum
1197 4007 1351 4074 omuibus
1374 4028 1442 4073 uon
1471 4010 1578 4073 obst...
1594 4047 1640 4056 -

282 4111 357 4178 Fiat
375 4111 414 4178 R.

325 4217 402 4283 Dat.
418 4218 519 4283 Ario.
537 4218 579 4284 id.
596 4238 668 4301 aug.
686 4225 719 4283 a⁰
740 4225 800 4284 10⁰.
818 4219 831 4302 (
837 4218 890 4298 21,
911 4218 999 4301 110).

311 4405 340 4466 a)
356 4404 412 4454 (lul.
427 4405 592 4454 Scoturdoue.

313 4541 334 4586 l.
346 4538 409 4585 Voir·
421 4553 446 4586 n.
461 4540 530 4587 1511.
541 4565 574 4572 -
594 4541 617 4586 2,
637 4539 698 4586 l'oir
715 4552 740 4586 n.
753 4539 791 4594 28,
805 4539 859 4584 792.
873 4567 904 4574 -
923 4539 946 4584 3.
958 4537 990 4584 de
1003 4537 1098 4593 Tbcux,
1112 4538 1146 4597 ΙΙ,
1162 4539 1216 4588 186.
1232 4541 1256 4585 A
1267 4538 1411 4598 distinguer
1422 4537 1483 4585 d'uu
1495 4543 1570 4584 autre
1581 4551 1640 4600 per·

278 4626 389 4671 sormage
409 4611 443 4658 du
462 4611 544 4659 meme
562 4625 622 4658 nom
639 4610 690 4659 cite
707 4625 737 4659 eu
753 4611 811 4658 1381
827 4610 1540 4673 (rin-ruineAnalibla,1V,tri,r503);ct.bonine.
1557 4610 1639 4659 (bvrr-

278 4686 332 4744 iul,
347 4686 394 4742 111,
408 4687 445 4744 29,
459 4687 513 4733 235.
526 4713 556 4722 -
577 4687 600 4733 4.
620 4685 767 4732 (luillaume
786 4687 876 4744 Amici,
897 4692 1057 4746 narrar-avant
1078 4684 1176 4745 §reque
1192 4686 1272 4748 d'Apt
1283 4686 1353 4734 etde
1365 4685 1485 4733 chartres
1497 4685 1604 4746 (Euboi,
1619 4686 1639 4737 1.

279 4761 332 4818 173,
346 4759 414 4818 287).
427 4785 458 4796 -
470 4762 492 4806 5.
505 4757 604 4806 (idmrd
615 4759 647 4806 de
660 4759 829 4817 Virneuburg.
842 4787 873 4793 -
885 4761 907 4806 6.
921 4758 1040 4806 Labulle
1052 4760 1200 4820 pontificale
1217 4760 1302 4807 donne
1312 4763 1405 4819 quatre
1416 4757 1506 4806 lettres
1517 4758 1641 4808 relatives

279 4836 294 4882 A
314 4836 382 4880 cetto
400 4833 484 4888 union,
507 4834 568 4878 trois
587 4832 619 4878 de
636 4832 812 4892 Rutubamque
830 4833 984 4891 (luillsume,
1004 4832 1099 4891 d'aont,
1121 4834 1265 4895 septembre
1275 4839 1301 4881 et
1319 4832 1574 4882 omousianos
1587 4847 1641 4881 une

280 4907 324 4954 des
342 4919 493 4968 procureurs
512 4905 547 4953 du
563 4905 679 4954 cardinal
697 4906 799 4954 Nicolas
810 4906 841 4954 de
854 4907 878 4955 S.
892 4905 926 4953 M.
939 4907 964 4952 in
977 4906 1090 4965 vialata,
1102 4907 1260 4956 archidiucre.
1271 4907 1347 4954 dudit
1358 4907 1409 4954 lieu
1421 4905 1486 4954 daus
1496 4905 1594 4966 l'eglise
1605 4907 1640 4956 de

284 4979 396 5041 Colugne
409 4979 485 5041 (Hcp.
499 4980 581 5035 driu,
596 4981 649 5038 118,
663 4979 693 5028 it.
706 4981 833 5040 aaa-238).
