3650 5675
649 504 738 581 1352,
758 504 799 568 24
817 502 968 585 juillet-13
989 508 1070 569 aout.
1480 508 1542 571 637

233 658 382 739 2444.
999 679 1001 682 ·
1211 688 1305 752 1352,
1322 692 1362 753 24
1374 668 1497 750 juillet.

225 776 281 840 §¹¹²⁰
295 784 400 862 pater.
418 774 503 839 Cum
518 773 644 839 dudum
660 774 829 858 quondam
844 770 864 849 J
868 772 1019 837 ohannes
1036 771 1171 852 Floreti,
1195 783 1305 838 rector
1327 774 1541 839 ecclesiarum

182 878 437 965 parrochialium
453 878 496 943 de
510 875 530 954 J
534 877 605 941 orni
627 884 661 941 et
676 877 719 942 de
732 876 912 959 Robergas,
922 874 1067 940 invicem
1082 875 1296 957 annexarum,
1309 886 1343 943 et
1354 876 1542 943 Bemardus

182 982 319 1048 Amaldi
346 988 527 1068 perpetuus
553 980 695 1046 vicarius
722 978 862 1044 ecclesie
889 980 1043 1063 parroch.
1069 980 1112 1044 de
1139 979 1285 1064 Salgues,
1312 979 1480 1047 Morinen.
1507 990 1542 1045 et

184 1084 361 1149 Mimaten.
388 1084 486 1163 dioc,
511 1084 668 1149 ecclesias
684 1090 718 1147 et
733 1082 896 1147 vicariam
921 1082 1137 1167 supradictas,
1163 1104 1262 1149 causa
1287 1085 1542 1169 permutationis

184 1189 327 1254 invicem
343 1188 505 1267 faciende,
522 1194 557 1251 et
569 1208 637 1252 non
654 1186 746 1267 aliae,
763 1185 852 1272 apud
867 1185 983 1250 sedem
1005 1194 1113 1271 apost.
1129 1186 1301 1252 duxissent
1316 1188 1542 1273 resignandas,

184 1300 217 1358 et
233 1292 322 1358 dicte
338 1292 477 1358 ecclesie
502 1290 683 1371 Bemardo,
700 1298 734 1355 et
749 1289 872 1355 vicaria
899 1287 1047 1366 Johanni
1074 1290 1211 1375 prelatis
1234 1311 1294 1377 per
1317 1291 1348 1356 S.
1365 1290 1405 1356 V.
1422 1292 1543 1356 collate

184 1397 331 1477 fuissent,
358 1404 475 1461 tamen
500 1394 588 1460 idem
614 1392 798 1473 Johannes,
823 1400 1006 1476 antequam
1031 1392 1132 1479 ipsius
1155 1394 1278 1459 vicarie
1301 1395 1543 1480 possessionem

184 1509 271 1566 esset
297 1500 447 1584 adeptus,
480 1498 569 1584 apud
600 1497 727 1564 dictam
754 1496 868 1562 sedern
895 1496 1007 1561 extitit
1038 1497 1108 1563 vita
1134 1497 1294 1578 functus3
1323 1497 1423 1582 quare
1448 1519 1542 1584 supp.

184 1604 324 1669 servitor
339 1610 451 1667 vester
461 1601 501 1666 G.
514 1602 556 1666 de
568 1598 759 1685 Margarita,
770 1600 875 1681 miles,
888 1608 979 1685 quat.
995 1600 1037 1666 de
1052 1600 1143 1666 dicta
1155 1600 1289 1683 vicaria,
1300 1624 1359 1688 per
1371 1604 1425 1667 ob.
1440 1602 1543 1688 ipsius

185 1709 203 1787 J
207 1709 349 1774 ohannis
362 1708 408 1772 sic
432 1707 485 1771 vel
502 1707 567 1771 alio
583 1706 702 1789 quovis
717 1706 819 1770 modo
835 1714 990 1785 vacante,
1001 1706 1080 1770 licet
1095 1727 1155 1792 per
1171 1707 1274 1772 aliurn
1290 1706 1430 1773 detenta
1444 1705 1543 1770 fuerit

184 1820 219 1876 et
244 1811 434 1876 detineatur
467 1810 614 1879 indebite
645 1817 819 1895 occupata,
851 1810 1005 1875 familiari
1030 1830 1091 1875 suo
1117 1810 1354 1901 Ray(mun)do
1382 1810 1542 1891 Brolheti,

185 1916 306 1981 clerico
322 1913 498 1981 Caturcen.
514 1914 610 1993 dioc,
627 1913 807 1997 dignemini
824 1913 1009 1999 providere.
1025 1952 1069 1963 —
1086 1912 1162 1979 Fiat
1185 1913 1225 1980 R.

229 2018 304 2083 Dat.
321 2017 421 2082 Avin.
440 2038 457 2097 9
474 2016 542 2083 kal.
558 2036 632 2099 aug.
648 2024 681 2081 a⁰
701 2024 762 2081 11⁰.
780 2016 856 2101 (22,
875 2019 959 2100 76*').

235 2164 386 2247 2445.
1212 2198 1308 2261 1352,
1325 2198 1366 2261 25
1377 2176 1500 2259 juillet.

227 2282 327 2369 Supp.
340 2282 501 2365 Rogerius
513 2280 554 2345 de
565 2280 944 2362 Vintrorm,camerarius
953 2281 1043 2347 dom.
1054 2281 1229 2346 cardinalis
1240 2280 1542 2365 Petragoricensis¹,

184 2396 275 2471 quat.
294 2386 414 2473 [famil.
438 2407 498 2451 suo
519 2385 731 2450 Theodorico
755 2386 797 2451 de
826 2385 1012 2466 Hastieres,
1029 2386 1165 2468 clerico]
1190 2384 1352 2450 Leodien.
1378 2386 1476 2466 dioc,
1500 2386 1542 2451 de

184 2493 258 2556 ben.
276 2492 357 2556 eccl.
374 2511 403 2556 c.
419 2512 448 2556 e.
464 2492 519 2556 vel
535 2511 560 2555 s
577 2511 606 2555 c.
621 2511 693 2556 vac.
710 2492 764 2556 vel
776 2499 885 2556 vacat.
899 2499 1075 2576 spectante
1089 2490 1133 2555 ad
1145 2492 1221 2555 coll.
1237 2490 1407 2575 prepositi,
1423 2491 1542 2555 decani

184 2604 218 2660 et
245 2594 382 2680 capituli
404 2596 486 2661 eccl.
513 2594 552 2659 B.
574 2594 623 2659 M.
644 2594 820 2679 Aquensis,
847 2594 939 2660 dicte
968 2594 1066 2674 dioc,
1093 2594 1274 2679 dignemini
1299 2594 1484 2678 providere.
1507 2630 1538 2642 —

186 2698 261 2764 Fiat
274 2697 314 2764 R.

229 2804 308 2868 Dat.
324 2802 425 2868 Avin.
442 2806 460 2868 8
477 2802 542 2868 kal.
559 2822 632 2886 aug.
649 2810 682 2867 a‘*
703 2809 762 2871 11⁰.
780 2802 857 2886 (22,
875 2803 957 2885 79*‘).

234 2947 383 3030 2446.
1213 2982 1307 3045 1552,
1325 2980 1367 3043 25
1370 2964 1460 3044 juill
1468 2969 1507 3040 ²2.¹

230 3063 329 3130 Motu
343 3066 478 3150 proprio
494 3065 707 3150 providemus
723 3066 907 3146 Pictavin0,
932 3066 1066 3130 basilice
1087 3064 1167 3130 XII.
1183 3066 1411 3152 apostolorum
1434 3071 1541 3151 presb.

186 3171 344 3235 cardinali
362 3183 383 3251 ²,
400 3171 442 3236 de
458 3171 606 3256 prioratu
621 3171 663 3236 de
680 3170 826 3236 Bornem
841 3182 862 3250 ³,
887 3171 1100 3257 dependente
1117 3193 1137 3236 a
1159 3171 1363 3236 monasterio
1381 3169 1541 3256 Halllige-

186 3273 279 3338 nensi
296 3273 337 3337 O.
354 3274 385 3337 S.
403 3273 451 3354 B,
469 3273 685 3340 Cameracen.
701 3274 799 3355 dioc,
816 3296 888 3340 vae.
905 3295 964 3360 per
974 3274 1233 3358 resignationem
1243 3274 1286 3339 de
1297 3275 1370 3361 ipso
1382 3275 1541 3360 prioratu,

186 3388 266 3443 tunc
281 3379 453 3444 collationi
469 3387 503 3442 et
518 3378 726 3464 dispositioni
744 3385 851 3464 apost.
878 3387 1058 3458 reservato,
1080 3379 1112 3442 in
1137 3379 1292 3443 manibus
1315 3379 1446 3444 abbatis
1468 3400 1540 3464 pre-

185 3480 266 3547 dicti
282 3482 476 3547 monasterii
497 3502 556 3566 per
579 3480 772 3558 Jolrannem
799 3482 928 3548 dictum
955 3480 1117 3562 Blawere,
1136 3483 1198 3566 ,qui
1223 3482 1332 3567 ipsum
1358 3483 1542 3568 prioratum

187 3587 368 3664 obtinebat,
386 3585 487 3649 libere
504 3585 638 3666 laetam,
655 3586 757 3650 etiarn
773 3585 800 3649 si
815 3586 862 3650 sic
889 3586 944 3649 vel
971 3586 1037 3650 alio
1064 3586 1182 3670 quovis
1208 3585 1311 3651 modo
1334 3595 1434 3651 vacet
1449 3610 1457 3665 ;
1474 3607 1542 3652 non

186 3690 271 3753 obst.
288 3688 378 3772 quod
403 3709 463 3773 per
488 3689 669 3771 quemdam
696 3689 808 3770 alium,
835 3709 1045 3774 perannum
1072 3699 1107 3755 et
1122 3690 1273 3776 amplius,
1296 3711 1336 3754 ex
1364 3691 1543 3755 collatione

186 3790 265 3856 dicti
283 3791 421 3872 abbatis,
438 3791 594 3857 detentus
610 3791 707 3858 fuerit
723 3802 758 3857 et
773 3792 882 3858 adhuc
897 3792 1087 3859 detineatur
1104 3802 1318 3879 occupatus...
1342 3835 1385 3842 —
1410 3793 1486 3858 Fiat
1503 3794 1543 3860 R.

230 3894 276 3959 Et
290 3894 452 3959 habemus
466 3895 630 3960 beneficia
646 3915 707 3980 pro
723 3896 895 3981 expressis
913 3904 947 3960 et
963 3897 1193 3982 dispensamus
1210 3896 1249 3960 R.

230 3999 310 4064 Dat.
326 3999 424 4065 Avin.
442 4002 460 4064 8
476 3997 544 4064 kal.
561 4019 635 4083 aug.
653 4007 686 4064 a⁰
707 4009 766 4064 11⁰.
785 3999 860 4084 (22,
879 4001 961 4082 81⁸).

237 4144 383 4225 2447.
1241 4179 1335 4242 1352,
1353 4181 1392 4244 15
1410 4166 1499 4225 norit.

229 4263 330 4348 Supp.
348 4259 457 4326 Maria
473 4259 662 4341 Bellifortis‚
678 4270 769 4346 quat.
789 4261 823 4348 [J
827 4262 954 4326 olranni
970 4261 1012 4326 de
1029 4261 1240 4342 Brunavalle,
1268 4263 1419 4350 clerico]¹
1435 4263 1543 4331 Lexo-

186 4368 272 4432 vien.
288 4367 384 4448 dioc,
401 4367 443 4432 de
458 4366 585 4431 duabus
601 4367 803 4451 capellaniis,
820 4386 887 4430 una
904 4365 966 4428 sita
984 4365 1017 4428 in
1033 4368 1174 4432 ecclesia
1197 4368 1228 4432 S.
1245 4367 1428 4432 Audonrari
1456 4367 1542 4432 Lile-

186 4469 310 4550 riensis,
329 4469 494 4534 Morinen.
522 4468 618 4548 dioc,
643 4489 716 4534 vac.
742 4490 801 4555 per
826 4476 971 4534 mortem
995 4467 1160 4546 Johannis
1186 4471 1228 4536 de
1255 4470 1404 4550 Wavrin,
1428 4472 1483 4555 qui
1507 4471 1542 4535 in

186 4576 303 4640 itinere
321 4573 475 4638 Romano
490 4572 633 4638 decessit
648 4596 657 4652 3
674 4575 777 4639 altera
793 4573 857 4638 sita
872 4574 905 4638 in
924 4571 1066 4638 ecclesia
1089 4571 1132 4636 de
1160 4570 1328 4654 Mesnillo,
1356 4571 1385 4636 T
1387 4594 1541 4639 ornacen.

185 4677 283 4760 dioc,
298 4698 371 4744 vac.
387 4697 447 4762 per
462 4685 606 4741 mortem
621 4675 789 4753 Johannis·
803 4675 943 4757 Picardi,
960 4676 1016 4760 qui
1033 4676 1123 4761 apud
1139 4675 1252 4742 sedem
1264 4685 1371 4762 apost.
1388 4677 1540 4757 decessit,

219 4938 240 4986 1.
254 4923 309 4985 tue
321 4937 474 4999 rarayrann.
485 4966 518 4976 -
530 4940 551 4988 a
570 4936 631 4985 von
643 4939 748 4988 aaron.
761 4965 793 4975 -
806 4940 828 4987 a.
840 4938 901 4986 von
913 4951 939 4988 n.
951 4938 1022 4986 rasa.
