3650 5675
279 482 341 547 492
718 481 806 553 1350,
829 479 870 545 30
889 479 1060 561 jamin-rs
1080 480 1197 546 1611111.

279 655 339 720 per
350 642 493 718 quatuor
507 654 613 700 annos
628 634 682 699 vel
699 634 787 699 circa
803 653 872 698 non
890 653 1011 699 curans
1022 633 1245 720 capellaniam
1261 633 1448 720 predictam
1463 635 1642 704 dimittere.

280 742 392 824 Quare
408 741 514 827 suppl.
532 740 641 807 eidem
657 740 689 805 S.
702 739 742 806 V.
758 738 929 807 Walterus
943 740 1114 826 predictus
1129 745 1221 822 quat
1233 738 1294 803 sibi
1317 738 1352 803 in
1366 759 1546 824 personam
1561 740 1642 808 dicti

282 846 518 931 consanguinei
535 846 595 926 sui,
612 864 689 910 cum
705 844 777 929 ipse
791 844 919 909 multos
933 845 1064 909 labores
1073 842 1195 906 exinde
1209 842 1402 907 sustinuerit
1417 850 1454 907 et
1468 862 1643 930 expensas,

282 949 462 1034 specialem
477 949 620 1033 gratiam
632 947 795 1013 facientes
811 967 914 1013 omne
925 948 989 1032 jus,
996 946 1022 1013 si
1033 946 1125 1029 quod
1135 944 1244 1011 dictus
1253 944 1453 1011 Wilhelmus
1462 946 1498 1011 in
1514 948 1644 1034 capella

281 1051 432 1136 predicta
448 1050 567 1117 habuit
576 1051 631 1116 vel
644 1060 838 1137 competere
849 1050 1139 1137 poterit,conferre
1147 1048 1330 1134 dignemini
1342 1049 1436 1116 dicto
1446 1049 1644 1118 Hermanno

282 1163 316 1219 et
332 1155 373 1220 de
389 1155 447 1220 illo
462 1155 648 1243 providere,
665 1155 720 1219 vel
743 1154 869 1220 dictam
896 1154 1071 1238 capellam,
1088 1174 1165 1218 cum
1181 1152 1238 1218 illa
1253 1174 1314 1238 per
1336 1154 1589 1240 promotionem
1610 1155 1645 1221 S.

281 1256 321 1323 V.
352 1257 479 1325 factam
507 1258 647 1325 ecclesie
679 1256 870 1324 Coloniensi
896 1257 940 1323 de
965 1277 1110 1343 persona
1136 1256 1217 1322 dicti
1245 1255 1440 1322 Wilhelmi¹
1466 1269 1501 1323 et
1524 1280 1645 1324 munus

282 1360 543 1427 consecrationis
573 1360 839 1447 impendendum
873 1360 1011 1447 [vacare
1042 1358 1238 1447 contigerit]
1267 1360 1503 1427 conferendam
1534 1361 1644 1428 eidem

284 1462 484 1529 Hermanno
500 1463 674 1529 donationi
691 1472 799 1549 apost.
815 1462 998 1549 dignemini
1014 1483 1192 1544 reservare,
1208 1484 1278 1529 non
1302 1466 1388 1529 obst.
1404 1464 1495 1548 quod
1519 1486 1594 1531 can.
1610 1474 1645 1530 et

283 1568 374 1653 preb.
391 1568 424 1631 in
448 1568 588 1633 ecclesia
604 1568 635 1633 S.
652 1567 797 1633 Servacii
813 1568 1038 1652 Trajectensis
1054 1567 1194 1633 obtinet.
1211 1606 1253 1616 -
1270 1566 1346 1632 Fiat
1369 1566 1410 1632 R.

326 1670 404 1735 Dat.
420 1670 521 1736 Avin.
539 1690 557 1755 3
573 1670 642 1739 kal.
659 1671 740 1737 febr.
772 1680 804 1737 a⁰
821 1674 863 1738 8⁰.
881 1672 954 1757 (18,
975 1672 1063 1757 144).

336 1806 480 1890 1886.
1289 1840 1386 1904 1350,
1399 1842 1445 1905 3⁰
1454 1821 1601 1905 ybuvier.

326 1924 429 2011 Supp.
443 1923 464 2001 J
467 1924 616 1990 ohannes
632 1923 766 1991 Punfier
775 1940 798 2007 ²,
819 1933 912 2011 quat.
926 1945 1088 2010 germano
1099 1945 1160 1991 suo
1177 1922 1197 2003 J
1200 1928 1309 1991 acobo
1325 1924 1460 1991 Punfier
1474 1939 1486 1976 ³
1501 1925 1544 1991 de
1554 1926 1646 1992 Lier-

283 2029 366 2109 noir,
384 2028 505 2095 elerico
521 2028 710 2110 Leodiensi,
726 2028 769 2094 de
796 2050 869 2095 can.
885 2037 921 2094 et
936 2032 1029 2114 preb.
1050 2030 1133 2094 eccl.
1157 2030 1407 2116 Ayncuriensis,
1431 2030 1523 2096 dicte
1545 2030 1644 2112 dioc,

283 2132 325 2197 de
349 2132 467 2217 quibus
482 2132 608 2199 dudum
623 2132 644 2210 J
646 2136 754 2199 acobo
769 2132 811 2198 de
829 2132 918 2198 Villa
932 2132 1125 2218 providistis
1139 2144 1161 2215 ⁴,
1177 2153 1236 2218 per
1251 2133 1354 2219 ipsius
1372 2132 1392 2210 J
1395 2134 1490 2200 acobi
1508 2137 1573 2215 ob,
1588 2135 1647 2219 qui

284 2236 373 2321 apud
388 2236 503 2302 sedem
518 2245 627 2322 apost.
643 2234 734 2302 diem
759 2236 878 2303 clausit
904 2244 1093 2303 extremum
1118 2256 1209 2302 nunc
1234 2257 1309 2304 vac.
1335 2239 1390 2302 vel
1405 2237 1488 2303 alias
1512 2238 1647 2322 quovis·

285 2338 387 2405 modo
409 2339 593 2425 dignemini
617 2340 818 2427 providere;
839 2360 910 2407 non
937 2344 1024 2407 obst.
1050 2340 1142 2425 quod
1167 2340 1256 2407 idem
1282 2340 1430 2419 Jacobus
1455 2341 1646 2409 custodiam

285 2443 425 2510 ecclesie
449 2443 652 2529 Dyonensis,
668 2443 829 2511 Leodien.
845 2445 944 2525 dioc,
959 2446 1109 2510 noscitur
1124 2444 1286 2511 obtinere.
1301 2485 1344 2495 -
1360 2443 1437 2511 Fiat
1453 2444 1495 2511 R.

330 2546 408 2613 Dat.
424 2547 525 2613 Avin.
541 2568 559 2633 3
575 2546 641 2613 kal
657 2546 738 2614 febr.
754 2554 786 2613 aC
800 2550 846 2615 8⁰.
871 2550 944 2635 (18,
965 2549 1068 2633 145').

339 2682 482 2766 1887.
1294 2716 1390 2781 1350,
1403 2718 1448 2782 3ο
1458 2696 1603 2780 y'crnvier.

330 2800 428 2889 Supp.
446 2799 643 2888 Balduynus
659 2800 821 2888 Riquardi
837 2818 858 2884 ⁵,
886 2801 1060 2888 presbiter,
1086 2810 1208 2867 tenens
1233 2800 1378 2887 sigillum
1405 2802 1495 2868 curie
1510 2821 1646 2868 camere

287 2906 436 2992 ejusdem
460 2906 492 2972 S.
514 2904 564 2987 V.,
592 2914 683 2991 quat.
700 2907 760 2972 sibi
777 2906 819 2972 de
836 2926 909 2972 can.
926 2914 961 2971 et
985 2909 1077 2992 preb.
1103 2905 1244 2971 ecclesie
1267 2905 1298 2972 S.
1314 2905 1432 2971 Amati
1448 2905 1647 2986 Duacensis,

288 3012 502 3075 Attrebaten.
518 3009 616 3090 dioc,
632 3030 706 3074 vac.
723 3010 757 3074 in
773 3009 864 3076 curia
876 3030 937 3095 per
953 3012 1007 3074 ob.
1023 3007 1042 3086 J
1046 3009 1188 3074 ohannis
1204 3008 1370 3092 Pipelardi
1385 3009 1398 3047 ⁶
1413 3018 1508 3074 extra
1524 3009 1650 3074 curiam

291 3113 389 3179 Rom.
405 3112 610 3194 decedentis,
626 3112 716 3199 apud
731 3113 846 3179 sedem
862 3121 970 3199 apost.
986 3112 1163 3178 reservatis
1172 3110 1356 3197 dignemini
1370 3112 1546 3199 providere
1555 3135 1564 3192 3
1580 3132 1651 3177 non

290 3219 377 3283 obst.
403 3216 493 3302 quod
518 3217 655 3303 paroch.
672 3217 849 3283 ecclesiam
876 3216 919 3282 de
943 3216 1122 3282 Wormout
1149 3225 1184 3281 et
1208 3217 1371 3303 capellan.
1388 3216 1419 3282 S.
1436 3215 1551 3282 Crucis
1565 3216 1601 3280 in
1616 3215 1650 3281 S.

290 3321 495 3401 Audomar0,
512 3341 577 3405 que
592 3319 727 3406 quidem
746 3320 936 3406 capellania
950 3327 1088 3407 propter
1102 3319 1305 3386 tenuitatem
1320 3319 1487 3385 fluctuum
1502 3319 1546 3385 ad
1561 3318 1651 3384 deci·

291 3445 381 3490 mam
396 3445 464 3490 non
480 3432 625 3505 taxatur,
642 3425 793 3489 obtinere
803 3432 973 3505 noscatur,
989 3432 1024 3489 et
1039 3424 1130 3508 quod
1145 3423 1206 3488 sibi
1228 3422 1346 3488 eadem
1363 3422 1395 3489 S.
1411 3421 1451 3488 V.
1466 3423 1509 3488 de
1524 3443 1599 3488 can.
1614 3430 1652 3487 et

288 3528 523 3613 preb.ecclesie
536 3527 567 3594 S.
581 3527 672 3592 Petri
688 3527 960 3613 Casletensis,qui
973 3535 1055 3592 tunc
1064 3547 1185 3592 vacare
1196 3525 1392 3592 dicebantur
1402 3547 1463 3613 per
1474 3528 1528 3592 ob.
1540 3526 1650 3592 ultimi

287 3631 471 3698 detinentis
486 3631 633 3712 eosdem,
641 3631 699 3716 qui
714 3630 824 3696 adhuc
839 3631 934 3712 vivit,
951 3651 1093 3714 quorum
1107 3631 1352 3716 possessionem
1361 3651 1421 3716 per
1438 3651 1496 3696 sex
1517 3649 1651 3694 menses

288 3737 443 3816 obtinuit,
460 3736 592 3802 duxerit
607 3735 863 3822 providendum.
886 3773 918 3784 -
940 3734 1016 3801 Fiat
1033 3735 1073 3801 R.

332 3841 411 3907 Dat.
426 3840 528 3905 Avin.
546 3861 563 3924 3
579 3839 649 3906 kal.
666 3839 745 3905 febr.
762 3847 794 3905 a⁰
811 3841 854 3906 8⁰.
872 3841 944 3924 (18,
966 3843 1067 3924 145').

344 3978 644 4061 1888·1889.
1047 4005 1050 4008 ’
1299 4006 1394 4071 1350,
1417 3987 1606 4074 fisclvrier.

333 4095 435 4182 Supp.
452 4094 634 4162 Balduinus
649 4094 794 4176 Buillon,
810 4096 892 4164 alias
903 4096 946 4162 de
961 4095 1095 4160 Wisant
1110 4112 1130 4172 ⁷,
1150 4093 1290 4160 clericus
1305 4091 1484 4173 Morinen.,
1499 4099 1589 4176 quat.
1604 4089 1649 4155 de

290 4221 364 4267 can.
388 4202 471 4267 eccl.
487 4200 519 4268 S.
536 4200 627 4266 Petri
641 4198 855 4281 Casletensis,
881 4198 1049 4265 Morinen.
1073 4197 1171 4279 dioc,
1186 4197 1368 4282 dignemini
1384 4195 1446 4262 sibi
1460 4194 1647 4281 providere,

289 4307 380 4390 preb.
404 4324 479 4369 vac.
494 4305 549 4369 vel
565 4310 676 4369 vacat.
692 4312 911 4384 reservantes,
927 4323 996 4368 non
1021 4305 1107 4368 obst.
1122 4301 1214 4386 quod
1227 4303 1304 4367 ben.
1319 4301 1402 4366 eccl.
1418 4319 1443 4364 s.
1459 4319 1489 4365 c.
1504 4298 1548 4364 ad
1569 4299 1646 4364 coll.

289 4407 427 4493 capituli
444 4407 584 4473 ecclesie
602 4405 770 4472 Morinen.
784 4413 964 4492 expectare
975 4413 1142 4470 noscatur.

233 4557 235 4560 ’
334 4551 436 4613 1889.
460 4543 550 4610 Item
565 4565 660 4631 supp.
676 4543 850 4622 Johannes
865 4544 908 4610 de
925 4541 1018 4608 Liers
1043 4541 1065 4624 ⁸,
1091 4542 1229 4608 clericus
1256 4539 1416 4607 Leodien.
1441 4539 1539 4621 dioc,
1554 4546 1648 4624 quat.

321 4781 343 4827 l.
355 4777 503 4826 Guillaume
524 4777 556 4825 de
576 4777 684 4840 Gennep
696 4777 737 4824 fut
749 4775 852 4825 nomme
871 4791 904 4823 au
925 4775 1035 4837 siegede
1056 4776 1167 4838 Cologne
1187 4776 1211 4824 le
1232 4777 1262 4824 18
1273 4773 1408 4824 decembre
1428 4775 1491 4823 1319
1508 4773 1647 4836 (Eubel,1,

289 4855 401 4912 116).-
413 4854 437 4901 9.
449 4851 511 4900 Voir
527 4865 555 4898 n.
566 4852 638 4898 1199.
649 4877 682 4888 ·-
693 4851 716 4900 3.
727 4851 790 4898 Voir
807 4865 833 4900 n.
851 4851 922 4898 1591.
939 4877 972 4887 -
988 4857 1011 4900 4.
1029 4850 1210 4910 Voirn.1850,
1225 4851 1304 4899 1892..
1320 4875 1353 4888 -
1372 4853 1396 4898 5.
1407 4848 1470 4897 Voit
1488 4862 1515 4898 n.
1533 4848 1603 4897 1454.
1615 4873 1648 4885 -·

290 4929 313 4974 (1.
327 4925 389 4973 11111
399 4939 425 4974 n.
444 4926 514 4974 1892.
527 4951 558 4962 —
576 4925 598 4972 7.
609 4923 672 4971 Voir
683 4937 708 4970 n.
719 4925 789 4972 1181.
801 4951 832 4962 -
850 4925 872 4972 8.
886 4923 986 4983 Kiracb,
999 4923 1074 4982 Keil,
1088 4924 1142 4986 340,
1154 4925 1208 4983 352,
1222 4925 1276 4974 364.
