3650 5675
293 529 357 593 424
827 525 916 598 tutu,
941 523 1027 588 lo-la
1048 523 1116 589 mai.

339 678 427 745 Item
442 700 538 767 supp.
555 688 718 766 quatenus
742 678 882 760 isabele,
906 677 1074 744 abbatisse
1097 677 1131 741 in
1155 675 1306 759 Foresto,
1323 697 1363 744 ae
1386 676 1495 745 Marie
1510 680 1552 746 de
1568 680 1656 748 Cab-

295 786 439 864 choven,
455 783 619 870 priorisse,
638 782 828 869 Margarete
843 780 980 848 domine
991 781 1033 846 de
1050 779 1203 861 Oescort,
1222 779 1331 847 Marie
1346 782 1389 848 de
1412 782 1655 868 Liedenkerke,

298 888 482 955 Katherine
504 888 546 953 de
571 886 799 972 Meckinghen
810 886 953 972 gratiam
969 903 1029 970 per
1040 886 1175 971 plenam
1191 893 1408 971 peccatorum
1423 889 1653 956 remissionem

296 1013 316 1058 a
339 1013 428 1077 pena
452 1000 486 1056 et
509 992 607 1077 culpa
623 990 808 1057 concedere
823 987 1006 1074 dignemini
1022 996 1060 1053 ut
1082 989 1116 1052 in
1140 988 1256 1055 sonna.
1272 1029 1314 1040 -
1339 988 1415 1055 Fiat
1432 989 1472 1056 R.

340 1098 419 1163 Dat.
435 1097 535 1163 Avin.
550 1118 631 1162 non.
646 1097 727 1162 maii
744 1101 776 1161 a⁰
793 1101 836 1178 7⁰.
853 1093 923 1178 (17,
941 1092 1031 1175 293).

350 1235 488 1319 1575·
1364 1265 1458 1329 1349,
1476 1246 1517 1311 16
1535 1249 1611 1313 mai.

341 1354 464 1439 Supp...
488 1351 722 1438 St(ephanus),
738 1349 790 1415 tit.
819 1348 874 1414 SS.
904 1346 1071 1425 Johannis
1097 1355 1131 1413 et
1158 1347 1252 1413 Pauli
1268 1351 1376 1434 presb.
1405 1348 1493 1414 card.
1519 1363 1539 1431 ¹,
1565 1358 1656 1434 quat.

300 1457 426 1544 [Bindo
442 1457 484 1522 de
508 1455 600 1520 Pillis
616 1467 637 1535 ²,
654 1452 830 1539 capellano
852 1458 888 1516 et
903 1450 1109 1537 procuratori
1135 1471 1196 1517 suo
1223 1452 1255 1516 in
1279 1452 1411 1536 Anglia,
1435 1451 1508 1538 lie]
1527 1453 1560 1517 in
1577 1454 1656 1538 legi-

294 1564 366 1641 bus,
387 1561 428 1626 de
444 1581 520 1626 can.
536 1569 571 1625 et
585 1561 677 1645 preb.
690 1558 772 1623 eccl.
789 1555 959 1636 Paduane,
967 1554 1149 1640 dignemini
1165 1555 1362 1641 providere;
1379 1576 1448 1622 non
1464 1559 1549 1622 obst.
1566 1557 1656 1641 quod

296 1671 417 1729 canet
438 1663 627 1748 prebendas
648 1662 682 1726 in
705 1661 920 1726 Attrebaten.
943 1665 978 1725 et
1001 1659 1033 1724 S.
1049 1658 1229 1724 Salvatoris
1246 1658 1513 1742 Herlebecensis,
1529 1659 1656 1726 Toma-

295 1788 368 1834 cen.
384 1767 481 1848 dioc,
497 1774 657 1832 noscatur
672 1764 825 1830 obtinere
834 1771 871 1828 et
885 1762 977 1848 quod
992 1783 1066 1829 can.
1082 1766 1142 1829 sub
1158 1785 1233 1851 exp.
1246 1767 1338 1852 preb.
1355 1765 1506 1831 obtineat
1523 1766 1555 1830 in
1572 1767 1656 1833 eccl.

295 1873 483 1938 Tomacen.
498 1911 542 1922 -
558 1869 636 1935 Fiat
653 1869 693 1935 R.

339 1976 418 2041 Dat.
434 1975 534 2040 Avin.
563 1992 599 2057 17
615 1973 683 2039 kal.
697 1973 781 2058 junii
796 1979 829 2038 a⁰
846 1979 889 2055 7⁰.
907 1973 976 2056 (17,
994 1972 1099 2056 300').

264 2179 268 2185 .
348 2114 490 2198 1576.
1365 2144 1460 2209 1349,
1478 2127 1521 2189 18
1533 2127 1609 2191 mai.

339 2232 440 2317 Supp.
458 2230 585 2309 Petrus,
601 2229 654 2293 tit.
678 2226 710 2292 S.
727 2225 776 2291 M.
799 2247 888 2293 nove
904 2227 1005 2308 card,
1022 2235 1113 2311 quat.
1133 2225 1210 2313 [suo
1224 2228 1430 2313 procuratori
1448 2227 1597 2296 Roberto
1612 2230 1656 2296 de

294 2335 414 2401 Tuicio
429 2343 450 2415 ³,
473 2333 516 2398 de
539 2353 613 2398 can.
645 2340 680 2396 et
704 2332 795 2417 preb.
821 2337 857 2394 et
879 2328 1051 2395 scolastria
1085 2330 1225 2395 ecclesie
1252 2328 1449 2412 Bunnensis
1477 2330 1654 2400 Colonien.

295 2439 393 2520 dioc,
409 2457 482 2504 vac.
498 2457 558 2523 per
572 2439 626 2500 ob.
644 2433 812 2501 Gostcalci
828 2433 872 2500 de
888 2432 1053 2518 Kirbergh
1083 2433 1155 2520 [qui
1181 2441 1275 2499 extra
1300 2433 1398 2500 Rom.
1415 2435 1542 2502 curiam
1565 2435 1654 2502 diem

294 2563 391 2610 suum
407 2543 527 2609 clausit
541 2537 745 2625 extremum]
764 2538 940 2604 donationi
953 2546 1060 2624 apost.
1076 2537 1266 2623 specialiter
1279 2539 1464 2621 reservatis,
1480 2540 1655 2625 providere

295 2669 372 2715 cum
389 2646 544 2714 clausulis
560 2642 743 2731 oportunis,
760 2650 795 2707 et
809 2641 1044 2708 executoribus
1069 2649 1165 2706 motu
1180 2641 1325 2727 proprio,
1341 2661 1521 2727 secumque
1536 2651 1573 2708 ut
1590 2642 1654 2708 alia

295 2752 460 2819 beneficia
474 2749 544 2817 sive
560 2748 671 2816 officia
686 2767 884 2832 quecunque
908 2765 974 2830 que
997 2744 1138 2826 obtinet,
1155 2744 1286 2810 etiamsi
1310 2745 1524 2812 residentiam
1547 2747 1655 2830 requi-

296 2864 373 2923 rant
387 2855 609 2942 personalem,
625 2872 665 2917 ac
688 2850 1001 2917 archidiaconatum
1028 2857 1179 2914 curatum
1202 2849 1244 2914 de
1270 2848 1454 2932 Famenna,
1470 2859 1505 2916 et
1530 2870 1603 2917 can.
1620 2859 1655 2916 et

296 2962 389 3046 preb.
406 2960 440 3023 in
456 2958 596 3023 eeclesia
607 2954 778 3034 Leodien,
790 2973 889 3039 super
904 2952 1023 3037 quibus
1037 2952 1156 3037 litigat,
1173 2953 1199 3018 si
1216 2952 1289 3019 illos
1304 2954 1452 3035 evicerit,
1467 2954 1558 3020 licite
1573 2954 1657 3020 reci-

298 3083 387 3148 pere,
404 3071 439 3126 et
462 3080 621 3126 unacum
638 3077 711 3124 can.
728 3063 762 3122 et
777 3059 870 3142 preb.
887 3077 929 3121 ac
943 3056 1115 3122 scolastria
1131 3058 1272 3123 ecclesie
1295 3056 1483 3125 Bunnensis
1497 3058 1657 3145 predictis

298 3168 401 3233 libere
416 3171 452 3230 et
466 3164 559 3230 licite
574 3162 729 3242 retinere,
745 3170 781 3225 et
795 3160 952 3226 fructus...
979 3180 1021 3225 ex
1045 3160 1171 3227 eisdem
1197 3162 1371 3249 percipere
1386 3162 1421 3228 in
1436 3164 1542 3230 altero
1569 3164 1657 3249 ipso-

298 3291 372 3337 rum
387 3267 564 3333 residendo
578 3267 700 3345 valeat,
716 3285 759 3329 ex
785 3263 928 3330 uberiori
953 3264 1044 3330 dono
1069 3264 1176 3349 gratie
1196 3274 1292 3331 motu
1307 3265 1459 3351 predicto
1474 3267 1655 3352 dignemini

297 3374 501 3459 dispensare.
513 3407 556 3420 -
569 3369 657 3450 Fiat,
673 3376 708 3434 et
723 3368 965 3455 dispensamus,
981 3377 1017 3432 et
1031 3368 1198 3453 exprimat
1218 3369 1382 3436 beneficia
1398 3370 1431 3434 in
1448 3370 1658 3451 cancellaria,

343 3582 423 3647 Dat.
439 3579 538 3644 Avin.
559 3598 595 3663 15
612 3576 680 3643 kal.
693 3575 777 3662 junii
793 3582 826 3641 a⁰
843 3582 885 3660 7⁰.
903 3577 972 3661 (17,
990 3576 1079 3661 303).

353 3717 491 3800 1577.
1364 3747 1460 3812 1349,
1477 3730 1520 3792 18
1537 3730 1612 3793 anai.

343 3837 445 3922 Supp.
462 3833 623 3918 P(etrus),
639 3830 742 3917 episc.
759 3828 983 3910 PenestrinuS,
1000 3836 1090 3914 quat.
1116 3850 1192 3896 cum
1223 3850 1329 3916 nuper
1345 3829 1388 3896 ad
1404 3831 1506 3916 ipsius
1531 3832 1659 3897 instan-

299 3941 380 4006 tiam
396 3938 547 4005 familiari
563 3957 624 4002 suo
636 3934 798 4001 continuo
814 3932 1033 4000 commensali
1049 3931 1069 4010 J
1072 3936 1181 4000 acobo
1192 3932 1234 3999 de
1250 3934 1473 4001 Abbatisvilla
1488 3946 1509 4016 ⁴,
1525 3936 1658 4018 cleric0,

299 4044 342 4110 de
372 4042 509 4130 paroch.
540 4040 622 4107 eccl.
649 4039 691 4105 de
718 4036 917 4123 Esquerdes,
946 4034 1113 4103 Morinen.
1140 4036 1237 4119 dioc,
1265 4059 1330 4122 que
1353 4047 1435 4105 tunc
1462 4040 1661 4105 credebatur

299 4167 431 4228 vacare,
445 4146 516 4233 ipsa
527 4143 696 4210 Sanctitas
717 4141 910 4229 providerit,
927 4139 1008 4206 licet
1023 4141 1093 4226 ejus
1118 4141 1363 4228 possessionem
1389 4142 1563 4229 pacificam
1579 4142 1659 4227 quia

299 4273 369 4319 non
393 4253 538 4317 vacabat
560 4246 690 4332 assequi
715 4244 916 4331 nequiverit,
944 4253 1058 4329 quat...
1093 4243 1135 4309 de
1161 4243 1299 4332 paroch.
1327 4246 1410 4313 eccl.
1440 4245 1483 4311 de
1510 4244 1659 4327 Carleto,

298 4354 469 4422 Valentin.
485 4353 583 4434 dioc,
609 4349 792 4437 dignemini
815 4346 1002 4436 providere,
1017 4348 1249 4435 dispensantes
1265 4369 1342 4414 cum
1365 4368 1406 4414 eo
1432 4348 1467 4413 in
1492 4354 1546 4433 24⁰
1568 4366 1660 4413 anno

301 4481 359 4528 sue
371 4459 472 4525 etatis
483 4456 668 4524 constituto
678 4474 737 4520 seu
747 4474 817 4520 nou
831 4455 917 4518 obst.
928 4451 1019 4537 quod
1030 4455 1106 4518 ben.
1119 4454 1162 4517 ad
1178 4453 1254 4518 coll.
1271 4452 1399 4518 abbatis
1415 4460 1450 4518 et
1465 4450 1659 4517 monasterii

301 4564 334 4630 S.
350 4562 440 4628 Petri
456 4562 498 4628 de
515 4557 803 4625 Houdembourch
819 4563 987 4643 expectat.
1010 4594 1054 4605 —
1070 4552 1145 4619 Fiat
1163 4554 1203 4619 R.

345 4668 426 4733 Dat.
442 4665 542 4731 Avin.
562 4684 599 4749 15
615 4663 683 4728 kal.
695 4660 780 4748 junii
797 4666 831 4726 a⁰
846 4667 890 4746 7⁰.
904 4662 973 4747 (17,
988 4660 1093 4743 304').

333 4911 366 5031 l.3
374 4908 485 5029 Etilqnlqe
501 4906 608 4959 Aubert,
626 4904 685 4968 plus
700 4902 760 4953 tani
778 4902 906 4952 Innocent
917 4902 963 4953 Vl.
975 4926 1006 4939 -
1024 4904 1046 4951 2.
1061 4900 1121 4950 Voir
1137 4914 1163 4949 n.
1177 4902 1230 4949 120.
1241 4926 1273 4935 -—
1285 4900 1307 4949 8.
1325 4898 1387 4948 Voir
1398 4912 1423 4948 n.
1437 4898 1506 4947 1336.
1519 4926 1550 4936 -
1562 4898 1584 4945 l.
1596 4896 1663 4947 Voir

291 4994 317 5032 n.
334 4984 349 5031 7
367 4985 393 5043 5,
476 5015 483 5029 .
