3650 5675
643 519 730 594 1343,
753 517 849 584 24-25
871 519 998 588 octobre.
1449 526 1505 592 125

141 669 298 751 Arbosio,
318 671 410 737 fratri
429 692 489 738 suo
506 682 526 754 ¹,
542 671 584 738 de
605 691 677 739 can.
694 675 754 738 sub
770 692 845 759 exp.
860 675 952 759 preb.
974 673 1007 738 iu
1024 677 1104 740 eccl.
1122 673 1153 740 S.
1170 674 1328 761 Stephani
1352 675 1503 759 Trecen.,

141 783 320 858 spectante
352 776 395 842 ad
426 778 538 841 collat.
561 778 616 842 vel
649 786 793 862 present.
818 778 1011 844 thesaurarii
1043 779 1132 845 dicte
1167 781 1259 861 eccl..
1292 802 1424 848 necnon
1462 782 1504 848 de

141 879 310 945 decanatu
336 880 426 946 dicte
451 883 543 961 eccl,
568 882 661 966 cujus
685 881 840 948 fructus...
864 904 904 967 30
920 884 975 948 lib.
1001 883 1089 964 Tur,
1106 905 1171 950 sec.
1189 892 1257 950 tax.
1273 885 1412 968 decime,
1434 908 1503 952 non

142 983 323 1065 excedunt,
342 1006 415 1051 vac.
439 1006 499 1071 per
525 988 578 1051 ob.
600 1006 687 1070 mag.
715 986 869 1052 Galcheri
894 986 937 1052 de
964 985 1094 1068 insulis,
1114 989 1283 1072 quondam
1308 989 1396 1055 dicte
1421 993 1503 1057 eccl.

141 1085 216 1152 dec.
234 1098 255 1166 ²,
287 1089 342 1172 qui
372 1089 462 1155 diem
493 1089 527 1152 in
551 1089 700 1175 partibus
730 1090 848 1156 clausit
872 1099 1069 1172 extremum,
1100 1092 1280 1176 dignemini
1306 1093 1503 1178 providere;

142 1211 213 1256 non
253 1194 338 1257 obst.
380 1192 471 1277 quod
500 1213 559 1277 per
589 1193 790 1260 electionem
820 1195 863 1260 ad
892 1195 1019 1261 dictum
1058 1195 1256 1260 decanatum
1295 1197 1505 1262 consueverit

141 1295 217 1378 quis
235 1296 368 1376 assumi,
387 1304 421 1361 et
446 1316 558 1362 curam
579 1297 701 1363 habeat
719 1299 916 1380 animarum,
936 1321 994 1364 seu
1012 1300 1102 1383 quod
1118 1321 1191 1365 can.
1207 1307 1241 1364 et
1265 1303 1356 1386 preb.
1373 1301 1407 1365 in
1423 1303 1505 1366 eccl.

141 1399 285 1464 Trecen.
301 1400 463 1465 duntaxat
488 1401 662 1480 obtineat;
690 1410 724 1466 et
749 1402 838 1486 quod
861 1411 949 1468 auct.
977 1411 1086 1468 vestra
1102 1403 1144 1469 ad
1166 1405 1242 1468 ben.
1259 1424 1287 1469 c.
1305 1425 1333 1468 c.
1350 1406 1403 1469 vel
1424 1427 1448 1470 s.
1465 1427 1504 1485 c.,

142 1511 303 1588 spectans
318 1504 541 1569 communiter
557 1506 611 1569 vel
638 1504 771 1570 divisim
786 1505 829 1570 ad
855 1507 953 1572 coll...
970 1508 1081 1592 episc,
1105 1507 1176 1572 dec.
1202 1516 1236 1572 et
1264 1529 1337 1593 cap.
1347 1507 1504 1590 ‘Trecen.,

142 1607 171 1671 si
189 1627 217 1671 c.
234 1628 263 1672 c.
279 1607 322 1673 ad
337 1628 502 1674 summam
530 1627 580 1693 70,
597 1610 623 1674 si
650 1630 675 1674 s.
692 1631 720 1675 c.
739 1631 778 1694 50
803 1610 938 1677 lib.Tur.
964 1612 1006 1677 ad
1026 1612 1201 1692 decimam,
1220 1612 1307 1677 idem
1332 1612 1448 1679 Petrus
1464 1615 1505 1680 sit

142 1719 338 1795 expectans,
369 1712 420 1776 cui
451 1714 677 1800 expectationi
701 1723 836 1801 paratus
859 1725 910 1780 est
937 1716 1134 1796 renuntiare,
1160 1717 1185 1781 si
1213 1715 1252 1781 V.
1278 1718 1439 1801 placuerit
1464 1718 1505 1798 S.,

144 1815 402 1899 quamprimum
418 1816 643 1902 predictorum
660 1839 733 1883 can.
749 1828 783 1883 et
799 1821 890 1904 preb.
906 1839 946 1884 ac
959 1820 1141 1885 decanatus
1157 1820 1400 1906 possessionem
1416 1822 1505 1907 paci-

144 1919 245 1984 ficam
261 1919 359 1984 fuerit
373 1930 555 1988 assecutus.
571 1964 614 1972 -
632 1923 706 1989 Fiat
728 1922 769 1988 R.

191 2021 270 2088 Dat.
286 2024 386 2090 Avin.
407 2046 441 2090 11
461 2024 526 2091 kal.
543 2047 621 2092 nov.
637 2035 670 2092 a⁰
687 2035 729 2092 2⁰.
746 2028 793 2108 (3,
812 2029 898 2112 270).

197 2160 310 2243 557.
1156 2198 1250 2262 1343,
1268 2201 1307 2264 24
1326 2183 1462 2250 octobre.
1521 2161 1525 2170 ’

191 2278 292 2365 Supp.
309 2277 464 2363 G(uido),
480 2280 532 2345 tit.
561 2279 592 2345 S.
609 2279 734 2345 Cecilie
749 2283 857 2365 presb.
874 2279 973 2361 card,
989 2280 1079 2365 quod
1106 2302 1182 2346 cum
1205 2294 1435 2368 procuratores
1457 2286 1505 2352 sui

145 2381 182 2446 in
191 2384 364 2467 provincia
374 2383 524 2464 Reman,
536 2384 660 2449 virtute
674 2385 780 2468 gratie
795 2405 854 2470 per
869 2405 930 2449 vos
942 2385 1002 2449 sibi
1014 2385 1111 2466 facte,
1123 2389 1373 2472 acceptaverint
1383 2391 1506 2476 priora-

143 2495 219 2551 tum
236 2486 277 2552 de
294 2487 415 2552 Fieves
428 2498 449 2569 ³,
465 2487 652 2553 Tornacen.
668 2487 766 2567 dioc,
776 2488 818 2554 de
834 2489 967 2554 abbatia
984 2488 1014 2552 S.
1032 2487 1194 2573 Nychasii
1213 2492 1352 2560 Remen.
1368 2516 1506 2560 moven-

144 2601 227 2672 tem,
243 2599 394 2657 taxatum
410 2593 453 2659 ad
468 2592 632 2658 decimam
644 2591 688 2658 ad
714 2597 775 2657 260
800 2592 866 2672 lib,
883 2590 1002 2672 eidem,
1019 2593 1044 2656 si
1063 2593 1095 2656 in
1113 2593 1203 2659 dicta
1219 2596 1308 2661 curia
1324 2601 1504 2679 vacaverit,

145 2695 297 2760 conferre
312 2695 505 2780 dignemini.
521 2736 565 2744 —
581 2693 658 2761 Fiat
675 2695 715 2761 R.

191 2799 269 2865 Dat.
284 2800 384 2867 Avin.
403 2821 420 2882 9
437 2799 502 2866 kal.
519 2821 597 2867 nov.
613 2808 646 2866 a⁰
663 2808 705 2865 2⁰.
723 2801 771 2886 (3,
789 2799 825 2866 P.
843 2798 888 2881 Il,
907 2799 953 2885 5).

198 2939 310 3021 558·
1154 2976 1249 3041 1343,
1267 2978 1308 3039 25
1324 2963 1460 3027 octobre.

189 3055 291 3143 Supp.
307 3056 494 3123 Bernardus
508 3057 551 3123 de
566 3055 729 3123 Viridario
744 3058 786 3124 de
802 3056 1022 3139 Bellovidere,
1040 3059 1116 3125 cler.
1134 3060 1294 3127 Sarlaten.
1320 3064 1416 3145 dioc,
1433 3066 1504 3131 nul-

144 3162 215 3226 lum
231 3164 307 3226 beu.
323 3163 403 3227 eccl.
419 3170 597 3244 assecutus,
610 3170 700 3245 quat.
716 3162 825 3227 eidem
840 3162 882 3228 de
899 3184 971 3228 can.
985 3170 1019 3227 et
1035 3166 1125 3248 preb.
1141 3167 1223 3231 eccl.
1240 3166 1356 3252 colleg.
1378 3169 1409 3234 S.
1426 3169 1505 3235 Bar-

145 3265 310 3331 tholomei
327 3264 497 3346 Leodien,
514 3286 586 3332 vac.
603 3287 663 3351 per
677 3269 731 3331 ob.
746 3267 917 3351 Aymerici
942 3267 984 3333 de
999 3268 1142 3349 Aurelio,
1166 3270 1258 3354 cujus
1280 3273 1355 3337 ben.
1372 3272 1505 3341 fuerunt

145 3389 207 3454 per
229 3368 319 3434 dom.
344 3367 535 3448 Johannem
551 3390 673 3456 papam
700 3381 778 3456 post
804 3370 931 3437 dictum
958 3374 1011 3436 ob.
1037 3381 1214 3455 reservata,
1240 3396 1297 3441 seu
1323 3378 1405 3443 alias
1431 3401 1503 3446 vac.

147 3472 381 3555 quovismodo,
396 3473 579 3559 dignemini
594 3474 780 3559 providere.
797 3515 840 3524 —
856 3474 932 3540 Fiat
949 3474 990 3541 R.

192 3575 270 3640 Dat.
286 3576 386 3641 Avin.
403 3578 421 3641 8
438 3575 503 3641 kal.
520 3598 597 3642 nov.
621 3585 654 3642 a⁰
670 3586 712 3643 2⁰.
730 3580 778 3663 (3,
795 3577 832 3644 P.
850 3577 895 3658 Il,
914 3580 959 3663 9).

198 3714 310 3798 559·
1158 3755 1251 3819 1343,
1269 3756 1310 3817 25
1327 3740 1463 3803 octobre.

191 3832 280 3919 Sign.
297 3832 517 3918 Raymundus
539 3834 582 3900 de
607 3833 764 3916 Petr0n0,
781 3837 858 3902 cler.
875 3836 962 3902 dioc.
979 3836 1009 3901 S.
1037 3835 1137 3918 Flori,
1163 3840 1253 3922 quod
1275 3841 1387 3905 olim...
1405 3842 1506 3927 episc.

149 3934 318 4003 Morinen.
332 3938 500 4021 quandam
516 3940 633 4024 capell.
656 3961 730 4006 vac.
746 3940 780 4004 in
796 3940 878 4007 eccl.
896 3938 1075 4023 Morinen.,
1092 3962 1151 4027 per
1168 3944 1220 4006 ob.
1237 3942 1327 4007 dom.
1346 3943 1435 4009 Petri
1463 3945 1504 4011 de

148 4040 247 4108 Mota
272 4046 391 4128 presb,
418 4043 512 4128 cujus
535 4044 652 4129 capell.
669 4045 806 4110 collatio
830 4045 872 4111 ad
896 4044 1023 4110 dictum
1041 4046 1141 4131 episc.
1158 4046 1306 4112 noscitur
1330 4049 1506 4133 pertinere,

147 4146 239 4213 dicto
256 4146 459 4231 Raymundo
475 4147 627 4227 contulit,
643 4155 679 4214 et
693 4148 831 4214 demum
856 4149 962 4234 ipsam
991 4151 1108 4235 capell.
1125 4148 1214 4214 idem
1231 4150 1450 4237 Raymundus
1466 4176 1506 4218 ex

149 4250 248 4315 certis
263 4249 363 4315 licitis
374 4257 409 4314 et
423 4250 580 4335 legitimis
595 4251 702 4317 causis
717 4254 921 4337 permutavit
946 4274 1022 4319 cum
1051 4254 1132 4318 eccl.
1163 4262 1276 4319 curata
1291 4255 1333 4321 de
1351 4254 1506 4323 Hondes-

149 4363 236 4436 cota,
248 4352 417 4420 Morinen.
431 4355 529 4437 dioc,
545 4376 647 4439 quam
658 4356 862 4423 Bertrandus
877 4358 919 4423 de
943 4358 1146 4438 Roccavilla,
1175 4360 1251 4423 cler.
1277 4359 1363 4425 dioc.
1381 4360 1506 4427 Tholo-

148 4480 228 4541 san,
244 4460 407 4526 canonice
431 4460 616 4527 obtinebat.
633 4459 758 4527 Verum
784 4483 861 4528 cum
887 4471 965 4549 post
989 4462 1140 4549 predicta
1163 4462 1272 4529 dictus
1289 4463 1507 4551 Raymundus

149 4564 349 4630 intellexerit
376 4564 466 4648 quod
483 4564 574 4631 dicta
589 4568 716 4651 capell,
743 4576 823 4633 ante
851 4568 927 4633 coll.
953 4566 1013 4633 sibi
1039 4566 1161 4632 saetam
1176 4588 1236 4655 per
1251 4567 1378 4634 dictum
1395 4571 1506 4656 episc,

149 4668 260 4733 extitit
271 4688 331 4753 per
347 4667 378 4732 S.
396 4667 435 4733 V.
452 4669 622 4734 collationi
638 4679 745 4755 apost.
762 4678 940 4750 reservata,
957 4678 990 4733 et
1015 4678 1152 4755 propter
1176 4672 1241 4736 hoc
1263 4672 1394 4738 dubitet
1418 4673 1505 4739 idem

182 4912 204 4959 l.
216 4908 279 4958 Voir
289 4924 315 4959 u.
328 4912 427 4959 181).-
446 4912 469 4958 2.
487 4909 544 4958 cite
561 4910 627 4958 daus
645 4923 682 4958 un
700 4910 892 4980 11511111111111111·
910 4911 974 4959 1343
986 4908 1072 4973 (Grrtl.
1084 4910 1177 4971 clatet,
1189 4910 1251 4969 ΧΗ,
1265 4913 1333 4973 530),
1347 4942 1377 4948 -
1389 4914 1411 4962 3.
1424 4914 1505 4977 Fivuu,

150 4982 251 5047 prieure
262 4981 321 5047 pres
331 4984 365 5032 de
376 4982 442 5032 Lille
453 4999 459 5042 ;
470 4984 504 5033 cf.
516 4982 614 5033 Batlct.
625 4982 657 5033 de
668 4983 695 5032 lc
707 4984 760 5034 Soc.
772 4983 814 5033 dcc
827 4983 923 5033 Etudca
933 4983 965 5033 dc
977 4984 1002 5033 lc
1011 5000 1084 5049 proc.
1095 4984 1126 5035 dc
1141 4986 1269 5047 carm-ar,
1283 4986 1311 5046 V,
1327 4989 1439 5039 rau-143.
