<?xml version="1.0" encoding="UTF-8"?>
<!DOCTYPE html PUBLIC "-//W3C//DTD XHTML 1.0 Transitional//EN"
    "http://www.w3.org/TR/xhtml1/DTD/xhtml1-transitional.dtd">
<html xmlns="http://www.w3.org/1999/xhtml" xml:lang="en" lang="en">
 <head>
  <title>
</title>
<meta http-equiv="Content-Type" content="text/html;charset=utf-8" />
  <meta name='ocr-system' content='tesseract 3.04.00' />
  <meta name='ocr-capabilities' content='ocr_page ocr_carea ocr_par ocr_line ocrx_word'/>
</head>
<body>
  <div class='ocr_page' id='page_1' title='image "./suppliquesdeclm00berlgoog_0510.png"; bbox 0 0 3650 5675; ppageno 0'>
   <div class='ocr_carea' id='block_1_1' title="bbox 676 488 1538 569">
    <p class='ocr_par' dir='ltr' id='par_1_1' title="bbox 676 488 1538 569">
     <span class='ocr_line' id='line_1_1' title="bbox 676 488 1538 569; baseline 0.007 -18"><span class='ocrx_word' id='word_1_1' title='bbox 676 488 764 562; x_wconf 80' lang='lat'>1349,</span> <span class='ocrx_word' id='word_1_2' title='bbox 787 488 856 555; x_wconf 70' lang='lat'><strong>10¹·8</strong></span> <span class='ocrx_word' id='word_1_3' title='bbox 878 489 1051 569; x_wconf 76' lang='lat' dir='ltr'>septembre.</span> <span class='ocrx_word' id='word_1_4' title='bbox 1476 492 1538 557; x_wconf 75' lang='lat' dir='ltr'>les</span> 
     </span>
    </p>
   </div>
   <div class='ocr_carea' id='block_1_2' title="bbox 174 638 1537 1350">
    <p class='ocr_par' dir='ltr' id='par_1_2' title="bbox 174 638 1537 1226">
     <span class='ocr_line' id='line_1_2' title="bbox 176 638 1536 725; baseline 0.003 -20"><span class='ocrx_word' id='word_1_5' title='bbox 176 660 251 705; x_wconf 91' lang='lat' dir='ltr'>can.</span> <span class='ocrx_word' id='word_1_6' title='bbox 268 646 303 705; x_wconf 89' lang='lat' dir='ltr'>et</span> <span class='ocrx_word' id='word_1_7' title='bbox 317 640 404 719; x_wconf 86' lang='lat' dir='ltr'>loco,</span> <span class='ocrx_word' id='word_1_8' title='bbox 421 639 552 725; x_wconf 90' lang='lat' dir='ltr'>capella</span> <span class='ocrx_word' id='word_1_9' title='bbox 568 646 603 703; x_wconf 90' lang='lat' dir='ltr'>et</span> <span class='ocrx_word' id='word_1_10' title='bbox 618 638 805 725; x_wconf 84' lang='lat' dir='ltr'>capellania</span> <span class='ocrx_word' id='word_1_11' title='bbox 820 641 912 707; x_wconf 89' lang='lat' dir='ltr'>nulla</span> <span class='ocrx_word' id='word_1_12' title='bbox 934 640 1118 707; x_wconf 80' lang='lat' dir='ltr'>reservatio</span> <span class='ocrx_word' id='word_1_13' title='bbox 1132 640 1223 707; x_wconf 86' lang='lat' dir='ltr'>facta</span> <span class='ocrx_word' id='word_1_14' title='bbox 1240 641 1365 723; x_wconf 84' lang='lat' dir='ltr'>fuisset,</span> <span class='ocrx_word' id='word_1_15' title='bbox 1381 664 1440 708; x_wconf 91' lang='lat' dir='ltr'>seu</span> <span class='ocrx_word' id='word_1_16' title='bbox 1456 644 1536 709; x_wconf 91' lang='lat' dir='ltr'>alias</span> 
     </span>
     <span class='ocr_line' id='line_1_3' title="bbox 176 741 1537 831; baseline 0.005 -24"><span class='ocrx_word' id='word_1_17' title='bbox 176 741 359 808; x_wconf 87' lang='lat' dir='ltr'>eorundem</span> <span class='ocrx_word' id='word_1_18' title='bbox 377 744 599 809; x_wconf 88' lang='lat' dir='ltr'>canonicatus</span> <span class='ocrx_word' id='word_1_19' title='bbox 611 752 645 809; x_wconf 89' lang='lat' dir='ltr'>et</span> <span class='ocrx_word' id='word_1_20' title='bbox 661 745 726 810; x_wconf 92' lang='lat' dir='ltr'>loci</span> <span class='ocrx_word' id='word_1_21' title='bbox 741 745 916 831; x_wconf 89' lang='lat' dir='ltr'>dispositio</span> <span class='ocrx_word' id='word_1_22' title='bbox 932 745 1104 812; x_wconf 89' lang='lat' dir='ltr'>adsedem</span> <span class='ocrx_word' id='word_1_23' title='bbox 1121 752 1229 831; x_wconf 85' lang='lat' dir='ltr'>apost.</span> <span class='ocrx_word' id='word_1_24' title='bbox 1245 747 1428 831; x_wconf 83' lang='lat' dir='ltr'>pertineret</span> <span class='ocrx_word' id='word_1_25' title='bbox 1442 772 1451 827; x_wconf 89' lang='lat'>;</span> <span class='ocrx_word' id='word_1_26' title='bbox 1467 769 1537 814; x_wconf 91' lang='lat' dir='ltr'>non</span> 
     </span>
     <span class='ocr_line' id='line_1_4' title="bbox 177 845 1536 935; baseline 0.005 -24"><span class='ocrx_word' id='word_1_27' title='bbox 177 848 263 911; x_wconf 90' lang='lat' dir='ltr'>obst.</span> <span class='ocrx_word' id='word_1_28' title='bbox 279 845 370 929; x_wconf 94' lang='lat' dir='ltr'>quod</span> <span class='ocrx_word' id='word_1_29' title='bbox 386 866 460 911; x_wconf 89' lang='lat' dir='ltr'>can.</span> <span class='ocrx_word' id='word_1_30' title='bbox 477 847 508 912; x_wconf 88' lang='lat' dir='ltr'>S.</span> <span class='ocrx_word' id='word_1_31' title='bbox 525 846 701 931; x_wconf 88' lang='lat' dir='ltr'>Gaugerici</span> <span class='ocrx_word' id='word_1_32' title='bbox 725 846 953 931; x_wconf 84' lang='lat' dir='ltr'>Cameracen,</span> <span class='ocrx_word' id='word_1_33' title='bbox 971 858 1006 915; x_wconf 90' lang='lat' dir='ltr'>et</span> <span class='ocrx_word' id='word_1_34' title='bbox 1032 849 1380 935; x_wconf 87' lang='lat' dir='ltr'>parroch.&#39;ecclesiam</span> <span class='ocrx_word' id='word_1_35' title='bbox 1395 851 1438 917; x_wconf 93' lang='lat' dir='ltr'>de</span> <span class='ocrx_word' id='word_1_36' title='bbox 1454 850 1536 918; x_wconf 91' lang='lat' dir='ltr'>Bus-</span> 
     </span>
     <span class='ocr_line' id='line_1_5' title="bbox 177 950 1536 1039; baseline 0.004 -24"><span class='ocrx_word' id='word_1_37' title='bbox 177 950 278 1031; x_wconf 86' lang='lat' dir='ltr'>siaco,</span> <span class='ocrx_word' id='word_1_38' title='bbox 295 970 335 1015; x_wconf 92' lang='lat' dir='ltr'>ac</span> <span class='ocrx_word' id='word_1_39' title='bbox 357 958 572 1037; x_wconf 89' lang='lat' dir='ltr'>patronatum</span> <span class='ocrx_word' id='word_1_40' title='bbox 584 950 627 1015; x_wconf 91' lang='lat' dir='ltr'>de</span> <span class='ocrx_word' id='word_1_41' title='bbox 643 950 822 1018; x_wconf 87' lang='lat' dir='ltr'>Villaribus</span> <span class='ocrx_word' id='word_1_42' title='bbox 849 973 949 1039; x_wconf 90' lang='lat' dir='ltr'>supra</span> <span class='ocrx_word' id='word_1_43' title='bbox 969 953 1083 1034; x_wconf 87' lang='lat' dir='ltr'>Athie,</span> <span class='ocrx_word' id='word_1_44' title='bbox 1107 951 1331 1019; x_wconf 89' lang='lat' dir='ltr'>Matisconen.</span> <span class='ocrx_word' id='word_1_45' title='bbox 1348 964 1383 1021; x_wconf 92' lang='lat' dir='ltr'>et</span> <span class='ocrx_word' id='word_1_46' title='bbox 1398 956 1536 1021; x_wconf 85' lang='lat' dir='ltr'>Ambia-</span> 
     </span>
     <span class='ocr_line' id='line_1_6' title="bbox 174 1053 1534 1147; baseline 0.007 -30"><span class='ocrx_word' id='word_1_47' title='bbox 174 1074 252 1119; x_wconf 91' lang='lat' dir='ltr'>nen.</span> <span class='ocrx_word' id='word_1_48' title='bbox 268 1053 365 1133; x_wconf 81' lang='lat' dir='ltr'>dioc,</span> <span class='ocrx_word' id='word_1_49' title='bbox 390 1054 540 1119; x_wconf 89' lang='lat' dir='ltr'>noscitur</span> <span class='ocrx_word' id='word_1_50' title='bbox 564 1054 726 1137; x_wconf 85' lang='lat' dir='ltr'>obtinere,</span> <span class='ocrx_word' id='word_1_51' title='bbox 747 1064 782 1121; x_wconf 91' lang='lat' dir='ltr'>et</span> <span class='ocrx_word' id='word_1_52' title='bbox 806 1077 903 1142; x_wconf 92' lang='lat' dir='ltr'>super</span> <span class='ocrx_word' id='word_1_53' title='bbox 919 1059 1012 1143; x_wconf 90' lang='lat' dir='ltr'>preb.</span> <span class='ocrx_word' id='word_1_54' title='bbox 1024 1056 1165 1123; x_wconf 87' lang='lat' dir='ltr'>ecclesie</span> <span class='ocrx_word' id='word_1_55' title='bbox 1176 1057 1208 1125; x_wconf 91' lang='lat' dir='ltr'>S.</span> <span class='ocrx_word' id='word_1_56' title='bbox 1224 1056 1399 1145; x_wconf 86' lang='lat' dir='ltr'>Gangerici</span> <span class='ocrx_word' id='word_1_57' title='bbox 1415 1058 1534 1147; x_wconf 86' lang='lat' dir='ltr'>litiget,</span> 
     </span>
     <span class='ocr_line' id='line_1_7' title="bbox 174 1157 932 1226; baseline 0.005 -4"><span class='ocrx_word' id='word_1_58' title='bbox 174 1177 215 1223; x_wconf 85' lang='lat' dir='ltr'>ac</span> <span class='ocrx_word' id='word_1_59' title='bbox 231 1177 308 1223; x_wconf 89' lang='lat' dir='ltr'>cum</span> <span class='ocrx_word' id='word_1_60' title='bbox 324 1157 397 1223; x_wconf 90' lang='lat' dir='ltr'>aliis</span> <span class='ocrx_word' id='word_1_61' title='bbox 412 1178 481 1223; x_wconf 92' lang='lat' dir='ltr'>non</span> <span class='ocrx_word' id='word_1_62' title='bbox 498 1160 719 1225; x_wconf 75' lang='lat' dir='ltr'>obstantibus</span> <span class='ocrx_word' id='word_1_63' title='bbox 741 1197 773 1209; x_wconf 93' lang='lat'><em>-</em></span> <span class='ocrx_word' id='word_1_64' title='bbox 795 1158 873 1226; x_wconf 84' lang='lat' dir='ltr'>Fiat</span> <span class='ocrx_word' id='word_1_65' title='bbox 890 1160 932 1226; x_wconf 90' lang='lat' dir='ltr'>R.</span> 
     </span>
    </p>

    <p class='ocr_par' dir='ltr' id='par_1_3' title="bbox 219 1260 1145 1350">
     <span class='ocr_line' id='line_1_8' title="bbox 219 1260 1145 1350; baseline 0.005 -24"><span class='ocrx_word' id='word_1_66' title='bbox 219 1260 298 1327; x_wconf 88' lang='lat' dir='ltr'>Dat.</span> <span class='ocrx_word' id='word_1_67' title='bbox 313 1261 414 1327; x_wconf 87' lang='lat' dir='ltr'>Avin.</span> <span class='ocrx_word' id='word_1_68' title='bbox 432 1283 449 1347; x_wconf 87' lang='lat'>3</span> <span class='ocrx_word' id='word_1_69' title='bbox 467 1260 534 1331; x_wconf 89' lang='lat' dir='ltr'>kal.</span> <span class='ocrx_word' id='word_1_70' title='bbox 552 1270 636 1349; x_wconf 91' lang='lat' dir='ltr'>sept.</span> <span class='ocrx_word' id='word_1_71' title='bbox 653 1270 687 1328; x_wconf 89' lang='lat' dir='ltr'>a⁰</span> <span class='ocrx_word' id='word_1_72' title='bbox 704 1265 753 1329; x_wconf 78' lang='lat'>8⁰.</span> <span class='ocrx_word' id='word_1_73' title='bbox 765 1265 835 1349; x_wconf 88' lang='grc'><strong>(19,</strong></span> <span class='ocrx_word' id='word_1_74' title='bbox 856 1266 944 1350; x_wconf 86' lang='lat'>143).</span> <span class='ocrx_word' id='word_1_75' title='bbox 1025 1287 1030 1293; x_wconf 89' lang='lat'><strong>·</strong></span> <span class='ocrx_word' id='word_1_76' title='bbox 1141 1274 1145 1280; x_wconf 84' lang='grc'><strong>’</strong></span> 
     </span>
    </p>
   </div>
   <div class='ocr_carea' id='block_1_3' title="bbox 173 1398 1537 2749">
    <p class='ocr_par' dir='ltr' id='par_1_4' title="bbox 229 1398 1491 1503">
     <span class='ocr_line' id='line_1_9' title="bbox 229 1398 1491 1503; baseline 0.004 -24"><span class='ocrx_word' id='word_1_77' title='bbox 229 1398 365 1481; x_wconf 77' lang='grc'><strong>1787.</strong></span> <span class='ocrx_word' id='word_1_78' title='bbox 1131 1437 1227 1501; x_wconf 80' lang='grc'><strong>1349,</strong></span> <span class='ocrx_word' id='word_1_79' title='bbox 1243 1423 1286 1483; x_wconf 69' lang='lat'>1²¹</span> <span class='ocrx_word' id='word_1_80' title='bbox 1301 1419 1491 1503; x_wconf 84' lang='lat' dir='ltr'>septembre.</span> 
     </span>
    </p>

    <p class='ocr_par' dir='ltr' id='par_1_5' title="bbox 173 1514 1537 2639">
     <span class='ocr_line' id='line_1_10' title="bbox 218 1514 1534 1604; baseline 0.004 -23"><span class='ocrx_word' id='word_1_81' title='bbox 218 1516 320 1602; x_wconf 91' lang='lat' dir='ltr'>Supp.</span> <span class='ocrx_word' id='word_1_82' title='bbox 338 1514 544 1601; x_wconf 77' lang='lat' dir='ltr'>N(icolaus&#39;),</span> <span class='ocrx_word' id='word_1_83' title='bbox 561 1518 592 1582; x_wconf 92' lang='lat' dir='ltr'>S.</span> <span class='ocrx_word' id='word_1_84' title='bbox 610 1515 659 1583; x_wconf 93' lang='lat' dir='ltr'>M.</span> <span class='ocrx_word' id='word_1_85' title='bbox 676 1518 709 1581; x_wconf 96' lang='lat' dir='ltr'>in</span> <span class='ocrx_word' id='word_1_86' title='bbox 726 1518 781 1583; x_wconf 92' lang='lat' dir='ltr'>via</span> <span class='ocrx_word' id='word_1_87' title='bbox 804 1518 875 1584; x_wconf 92' lang='lat' dir='ltr'>lata</span> <span class='ocrx_word' id='word_1_88' title='bbox 901 1519 988 1591; x_wconf 89' lang='lat' dir='ltr'>diac.</span> <span class='ocrx_word' id='word_1_89' title='bbox 1003 1519 1191 1601; x_wconf 90' lang='lat' dir='ltr'>cardinalis,</span> <span class='ocrx_word' id='word_1_90' title='bbox 1208 1529 1301 1604; x_wconf 90' lang='lat' dir='ltr'>quat.</span> <span class='ocrx_word' id='word_1_91' title='bbox 1317 1521 1534 1587; x_wconf 89' lang='lat' dir='ltr'>collationem</span> 
     </span>
     <span class='ocr_line' id='line_1_11' title="bbox 174 1622 1535 1708; baseline 0.001 -21"><span class='ocrx_word' id='word_1_92' title='bbox 174 1630 209 1688; x_wconf 89' lang='lat' dir='ltr'>et</span> <span class='ocrx_word' id='word_1_93' title='bbox 224 1622 451 1708; x_wconf 88' lang='lat' dir='ltr'>provisionem</span> <span class='ocrx_word' id='word_1_94' title='bbox 467 1623 668 1689; x_wconf 90' lang='lat' dir='ltr'>auctoritate</span> <span class='ocrx_word' id='word_1_95' title='bbox 684 1623 850 1690; x_wconf 90' lang='lat' dir='ltr'>ordinaria</span> <span class='ocrx_word' id='word_1_96' title='bbox 875 1622 1002 1689; x_wconf 84' lang='lat' dir='ltr'>factam</span> <span class='ocrx_word' id='word_1_97' title='bbox 1025 1623 1232 1708; x_wconf 84' lang='lat' dir='ltr'>procuratori</span> <span class='ocrx_word' id='word_1_98' title='bbox 1247 1632 1282 1689; x_wconf 89' lang='lat' dir='ltr'>et</span> <span class='ocrx_word' id='word_1_99' title='bbox 1307 1623 1458 1689; x_wconf 81' lang='lat' dir='ltr'>familiari</span> <span class='ocrx_word' id='word_1_100' title='bbox 1474 1644 1535 1690; x_wconf 86' lang='lat' dir='ltr'>suo</span> 
     </span>
     <span class='ocr_line' id='line_1_12' title="bbox 176 1724 1534 1813; baseline -0.001 -19"><span class='ocrx_word' id='word_1_101' title='bbox 176 1725 395 1794; x_wconf 84' lang='lat' dir='ltr'>commensali</span> <span class='ocrx_word' id='word_1_102' title='bbox 410 1724 564 1793; x_wconf 90' lang='lat' dir='ltr'>Waltero</span> <span class='ocrx_word' id='word_1_103' title='bbox 578 1725 621 1792; x_wconf 89' lang='lat' dir='ltr'>de</span> <span class='ocrx_word' id='word_1_104' title='bbox 638 1726 839 1796; x_wconf 87' lang='lat' dir='ltr'>Hemetines</span> <span class='ocrx_word' id='word_1_105' title='bbox 856 1738 876 1807; x_wconf 85' lang='lat'>¹,</span> <span class='ocrx_word' id='word_1_106' title='bbox 892 1724 935 1791; x_wconf 91' lang='lat' dir='ltr'>de</span> <span class='ocrx_word' id='word_1_107' title='bbox 958 1746 1034 1798; x_wconf 87' lang='lat' dir='ltr'>can.</span> <span class='ocrx_word' id='word_1_108' title='bbox 1049 1735 1085 1793; x_wconf 93' lang='lat' dir='ltr'>et</span> <span class='ocrx_word' id='word_1_109' title='bbox 1099 1729 1192 1813; x_wconf 89' lang='lat' dir='ltr'>preb.</span> <span class='ocrx_word' id='word_1_110' title='bbox 1208 1727 1348 1793; x_wconf 90' lang='lat' dir='ltr'>ecclesie</span> <span class='ocrx_word' id='word_1_111' title='bbox 1364 1726 1534 1808; x_wconf 90' lang='lat' dir='ltr'>Leodieu.,</span> 
     </span>
     <span class='ocr_line' id='line_1_13' title="bbox 175 1829 1536 1916; baseline 0.002 -22"><span class='ocrx_word' id='word_1_112' title='bbox 175 1850 250 1895; x_wconf 91' lang='lat' dir='ltr'>vac.</span> <span class='ocrx_word' id='word_1_113' title='bbox 265 1850 326 1916; x_wconf 87' lang='lat' dir='ltr'>per</span> <span class='ocrx_word' id='word_1_114' title='bbox 341 1833 395 1895; x_wconf 95' lang='lat' dir='ltr'>ob.</span> <span class='ocrx_word' id='word_1_115' title='bbox 412 1831 583 1915; x_wconf 89' lang='lat' dir='ltr'>quondam</span> <span class='ocrx_word' id='word_1_116' title='bbox 602 1829 743 1897; x_wconf 87' lang='lat' dir='ltr'>Menrici</span> <span class='ocrx_word' id='word_1_117' title='bbox 769 1830 856 1897; x_wconf 92' lang='lat' dir='ltr'>Galli</span> <span class='ocrx_word' id='word_1_118' title='bbox 871 1846 893 1911; x_wconf 84' lang='lat'>²,</span> <span class='ocrx_word' id='word_1_119' title='bbox 910 1830 1012 1915; x_wconf 89' lang='lat' dir='ltr'>ipsius</span> <span class='ocrx_word' id='word_1_120' title='bbox 1035 1831 1177 1897; x_wconf 87' lang='lat' dir='ltr'>ecclesie</span> <span class='ocrx_word' id='word_1_121' title='bbox 1192 1832 1355 1911; x_wconf 89' lang='lat' dir='ltr'>canonici,</span> <span class='ocrx_word' id='word_1_122' title='bbox 1372 1832 1428 1916; x_wconf 94' lang='lat' dir='ltr'>qui</span> <span class='ocrx_word' id='word_1_123' title='bbox 1440 1841 1536 1897; x_wconf 87' lang='lat' dir='ltr'>extra</span> 
     </span>
     <span class='ocr_line' id='line_1_14' title="bbox 176 1933 1535 2021; baseline 0.002 -24"><span class='ocrx_word' id='word_1_124' title='bbox 176 1934 301 1999; x_wconf 90' lang='lat' dir='ltr'>curiam</span> <span class='ocrx_word' id='word_1_125' title='bbox 316 1933 407 1999; x_wconf 89' lang='lat' dir='ltr'>diem</span> <span class='ocrx_word' id='word_1_126' title='bbox 422 1935 542 1999; x_wconf 88' lang='lat' dir='ltr'>clausit</span> <span class='ocrx_word' id='word_1_127' title='bbox 558 1942 756 2015; x_wconf 85' lang='lat' dir='ltr'>extremum,</span> <span class='ocrx_word' id='word_1_128' title='bbox 780 1936 883 2001; x_wconf 90' lang='lat' dir='ltr'>etiam</span> <span class='ocrx_word' id='word_1_129' title='bbox 906 1934 933 1999; x_wconf 93' lang='lat' dir='ltr'>si</span> <span class='ocrx_word' id='word_1_130' title='bbox 960 1934 1083 2003; x_wconf 85' lang='lat' dir='ltr'>fuerint</span> <span class='ocrx_word' id='word_1_131' title='bbox 1105 1934 1293 2021; x_wconf 86' lang='lat' dir='ltr'>specialiter</span> <span class='ocrx_word' id='word_1_132' title='bbox 1318 1936 1374 2000; x_wconf 94' lang='lat' dir='ltr'>vel</span> <span class='ocrx_word' id='word_1_133' title='bbox 1399 1956 1535 2020; x_wconf 85' lang='lat' dir='ltr'>genera-</span> 
     </span>
     <span class='ocr_line' id='line_1_15' title="bbox 175 2037 1536 2125; baseline 0.001 -24"><span class='ocrx_word' id='word_1_134' title='bbox 175 2037 251 2102; x_wconf 88' lang='lat' dir='ltr'>liter</span> <span class='ocrx_word' id='word_1_135' title='bbox 265 2039 435 2119; x_wconf 85' lang='lat' dir='ltr'>reservati,</span> <span class='ocrx_word' id='word_1_136' title='bbox 450 2038 633 2123; x_wconf 85' lang='lat' dir='ltr'>dignemini</span> <span class='ocrx_word' id='word_1_137' title='bbox 651 2061 692 2104; x_wconf 87' lang='lat' dir='ltr'>ex</span> <span class='ocrx_word' id='word_1_138' title='bbox 709 2048 800 2105; x_wconf 89' lang='lat' dir='ltr'>certa</span> <span class='ocrx_word' id='word_1_139' title='bbox 816 2039 958 2105; x_wconf 91' lang='lat' dir='ltr'>scientia</span> <span class='ocrx_word' id='word_1_140' title='bbox 984 2039 1181 2105; x_wconf 89' lang='lat' dir='ltr'>confirmare</span> <span class='ocrx_word' id='word_1_141' title='bbox 1197 2048 1232 2105; x_wconf 88' lang='lat' dir='ltr'>et</span> <span class='ocrx_word' id='word_1_142' title='bbox 1244 2042 1438 2125; x_wconf 89' lang='lat' dir='ltr'>approbare,</span> <span class='ocrx_word' id='word_1_143' title='bbox 1455 2060 1536 2123; x_wconf 89' lang='lat' dir='ltr'>qua·</span> 
     </span>
     <span class='ocr_line' id='line_1_16' title="bbox 174 2142 1536 2231; baseline 0.002 -24"><span class='ocrx_word' id='word_1_144' title='bbox 174 2161 308 2225; x_wconf 92' lang='lat' dir='ltr'>cunque</span> <span class='ocrx_word' id='word_1_145' title='bbox 322 2142 564 2208; x_wconf 89' lang='lat' dir='ltr'>constitutione</span> <span class='ocrx_word' id='word_1_146' title='bbox 581 2144 748 2210; x_wconf 89' lang='lat' dir='ltr'>contraria</span> <span class='ocrx_word' id='word_1_147' title='bbox 774 2164 844 2209; x_wconf 92' lang='lat' dir='ltr'>non</span> <span class='ocrx_word' id='word_1_148' title='bbox 871 2146 968 2225; x_wconf 80' lang='lat' dir='ltr'>obst,</span> <span class='ocrx_word' id='word_1_149' title='bbox 984 2144 1039 2209; x_wconf 90' lang='lat' dir='ltr'>vel</span> <span class='ocrx_word' id='word_1_150' title='bbox 1061 2143 1104 2210; x_wconf 90' lang='lat' dir='ltr'>de</span> <span class='ocrx_word' id='word_1_151' title='bbox 1129 2145 1194 2210; x_wconf 89' lang='lat' dir='ltr'>illis</span> <span class='ocrx_word' id='word_1_152' title='bbox 1216 2144 1370 2231; x_wconf 88' lang='lat' dir='ltr'>predicto</span> <span class='ocrx_word' id='word_1_153' title='bbox 1385 2142 1536 2210; x_wconf 90' lang='lat' dir='ltr'>Waltero</span> 
     </span>
     <span class='ocr_line' id='line_1_17' title="bbox 173 2245 1537 2335; baseline 0.002 -24"><span class='ocrx_word' id='word_1_154' title='bbox 173 2245 217 2311; x_wconf 92' lang='lat' dir='ltr'>de</span> <span class='ocrx_word' id='word_1_155' title='bbox 240 2266 331 2311; x_wconf 93' lang='lat' dir='ltr'>novo</span> <span class='ocrx_word' id='word_1_156' title='bbox 344 2247 520 2333; x_wconf 90' lang='lat' dir='ltr'>providere</span> <span class='ocrx_word' id='word_1_157' title='bbox 537 2268 613 2313; x_wconf 86' lang='lat' dir='ltr'>curn</span> <span class='ocrx_word' id='word_1_158' title='bbox 630 2248 785 2314; x_wconf 90' lang='lat' dir='ltr'>clausulis</span> <span class='ocrx_word' id='word_1_159' title='bbox 808 2256 843 2313; x_wconf 90' lang='lat' dir='ltr'>et</span> <span class='ocrx_word' id='word_1_160' title='bbox 857 2268 927 2314; x_wconf 93' lang='lat' dir='ltr'>non</span> <span class='ocrx_word' id='word_1_161' title='bbox 951 2250 1038 2314; x_wconf 91' lang='lat' dir='ltr'>obst.</span> <span class='ocrx_word' id='word_1_162' title='bbox 1050 2248 1224 2335; x_wconf 90' lang='lat' dir='ltr'>oportunis</span> <span class='ocrx_word' id='word_1_163' title='bbox 1238 2270 1247 2326; x_wconf 86' lang='lat'>;</span> <span class='ocrx_word' id='word_1_164' title='bbox 1263 2268 1333 2313; x_wconf 90' lang='lat' dir='ltr'>non</span> <span class='ocrx_word' id='word_1_165' title='bbox 1345 2250 1431 2313; x_wconf 88' lang='lat' dir='ltr'>obst.</span> <span class='ocrx_word' id='word_1_166' title='bbox 1447 2248 1537 2331; x_wconf 94' lang='lat' dir='ltr'>quod</span> 
     </span>
     <span class='ocr_line' id='line_1_18' title="bbox 176 2350 1537 2437; baseline 0.001 -23"><span class='ocrx_word' id='word_1_167' title='bbox 176 2351 210 2415; x_wconf 91' lang='lat' dir='ltr'>in</span> <span class='ocrx_word' id='word_1_168' title='bbox 237 2350 268 2416; x_wconf 87' lang='lat' dir='ltr'>S.</span> <span class='ocrx_word' id='word_1_169' title='bbox 286 2350 379 2415; x_wconf 88' lang='lat' dir='ltr'>Pauli</span> <span class='ocrx_word' id='word_1_170' title='bbox 408 2360 442 2417; x_wconf 90' lang='lat' dir='ltr'>et</span> <span class='ocrx_word' id='word_1_171' title='bbox 467 2350 675 2417; x_wconf 89' lang='lat' dir='ltr'>Cennacensi</span> <span class='ocrx_word' id='word_1_172' title='bbox 702 2373 742 2418; x_wconf 89' lang='lat' dir='ltr'>ac</span> <span class='ocrx_word' id='word_1_173' title='bbox 768 2350 956 2417; x_wconf 88' lang='lat' dir='ltr'>Nivellensi</span> <span class='ocrx_word' id='word_1_174' title='bbox 983 2352 1202 2417; x_wconf 90' lang='lat' dir='ltr'>canonicatus</span> <span class='ocrx_word' id='word_1_175' title='bbox 1226 2359 1261 2416; x_wconf 86' lang='lat' dir='ltr'>et</span> <span class='ocrx_word' id='word_1_176' title='bbox 1289 2351 1485 2437; x_wconf 85' lang='lat' dir='ltr'>prebendas,</span> <span class='ocrx_word' id='word_1_177' title='bbox 1502 2360 1537 2416; x_wconf 88' lang='lat' dir='ltr'>et</span> 
     </span>
     <span class='ocr_line' id='line_1_19' title="bbox 177 2452 1535 2541; baseline 0.001 -22"><span class='ocrx_word' id='word_1_178' title='bbox 177 2453 209 2519; x_wconf 88' lang='lat' dir='ltr'>S.</span> <span class='ocrx_word' id='word_1_179' title='bbox 226 2452 369 2519; x_wconf 91' lang='lat' dir='ltr'>Dionisii</span> <span class='ocrx_word' id='word_1_180' title='bbox 381 2455 540 2537; x_wconf 87' lang='lat' dir='ltr'>ecclesiis,</span> <span class='ocrx_word' id='word_1_181' title='bbox 557 2452 718 2521; x_wconf 92' lang='lat' dir='ltr'>Leodien.</span> <span class='ocrx_word' id='word_1_182' title='bbox 743 2455 891 2521; x_wconf 87' lang='lat' dir='ltr'>civitatis</span> <span class='ocrx_word' id='word_1_183' title='bbox 906 2461 942 2520; x_wconf 89' lang='lat' dir='ltr'>et</span> <span class='ocrx_word' id='word_1_184' title='bbox 956 2454 1054 2535; x_wconf 89' lang='lat' dir='ltr'>dioc,</span> <span class='ocrx_word' id='word_1_185' title='bbox 1070 2455 1240 2537; x_wconf 88' lang='lat' dir='ltr'>quandam</span> <span class='ocrx_word' id='word_1_186' title='bbox 1259 2475 1353 2539; x_wconf 89' lang='lat' dir='ltr'>perp.</span> <span class='ocrx_word' id='word_1_187' title='bbox 1370 2457 1535 2541; x_wconf 90' lang='lat' dir='ltr'>capellan.</span> 
     </span>
     <span class='ocr_line' id='line_1_20' title="bbox 177 2557 826 2639; baseline 0.002 -17"><span class='ocrx_word' id='word_1_188' title='bbox 177 2578 203 2623; x_wconf 92' lang='lat' dir='ltr'>s.</span> <span class='ocrx_word' id='word_1_189' title='bbox 219 2578 258 2639; x_wconf 93' lang='lat' dir='ltr'>c.,</span> <span class='ocrx_word' id='word_1_190' title='bbox 281 2558 430 2623; x_wconf 88' lang='lat' dir='ltr'>noscitur</span> <span class='ocrx_word' id='word_1_191' title='bbox 454 2560 616 2625; x_wconf 89' lang='lat' dir='ltr'>obtinere.</span> <span class='ocrx_word' id='word_1_192' title='bbox 632 2594 675 2605; x_wconf 89' lang='lat'><em>-</em></span> <span class='ocrx_word' id='word_1_193' title='bbox 691 2557 768 2624; x_wconf 84' lang='lat' dir='ltr'>Fiat</span> <span class='ocrx_word' id='word_1_194' title='bbox 784 2558 826 2623; x_wconf 93' lang='lat' dir='ltr'>R.</span> 
     </span>
    </p>

    <p class='ocr_par' dir='ltr' id='par_1_6' title="bbox 221 2660 922 2749">
     <span class='ocr_line' id='line_1_21' title="bbox 221 2660 922 2749; baseline 0 -24"><span class='ocrx_word' id='word_1_195' title='bbox 221 2661 300 2727; x_wconf 89' lang='lat' dir='ltr'>Dat.</span> <span class='ocrx_word' id='word_1_196' title='bbox 315 2662 417 2727; x_wconf 88' lang='lat' dir='ltr'>Avin.</span> <span class='ocrx_word' id='word_1_197' title='bbox 433 2660 500 2727; x_wconf 89' lang='lat' dir='ltr'>kal.</span> <span class='ocrx_word' id='word_1_198' title='bbox 516 2670 601 2749; x_wconf 90' lang='lat' dir='ltr'>sept.</span> <span class='ocrx_word' id='word_1_199' title='bbox 618 2670 650 2728; x_wconf 89' lang='lat' dir='ltr'>a⁰</span> <span class='ocrx_word' id='word_1_200' title='bbox 667 2664 709 2728; x_wconf 91' lang='lat'>8⁰.</span> <span class='ocrx_word' id='word_1_201' title='bbox 727 2664 797 2747; x_wconf 88' lang='lat'><strong>(19,</strong></span> <span class='ocrx_word' id='word_1_202' title='bbox 819 2663 922 2746; x_wconf 57' lang='lat' dir='ltr'>143l&#39;).</span> 
     </span>
    </p>
   </div>
   <div class='ocr_carea' id='block_1_4' title="bbox 174 2799 1539 4146">
    <p class='ocr_par' dir='ltr' id='par_1_7' title="bbox 230 2799 1493 2896">
     <span class='ocr_line' id='line_1_22' title="bbox 230 2799 1493 2896; baseline -0.002 -18"><span class='ocrx_word' id='word_1_203' title='bbox 230 2799 368 2883; x_wconf 84' lang='lat'>1788·</span> <span class='ocrx_word' id='word_1_204' title='bbox 1135 2830 1230 2896; x_wconf 79' lang='lat'><em>1349,</em></span> <span class='ocrx_word' id='word_1_205' title='bbox 1247 2816 1290 2878; x_wconf 63' lang='grc' dir='ltr'>ι’*</span> <span class='ocrx_word' id='word_1_206' title='bbox 1304 2810 1493 2896; x_wconf 70' lang='lat' dir='ltr'>septembre.</span> 
     </span>
    </p>

    <p class='ocr_par' dir='ltr' id='par_1_8' title="bbox 174 2914 1539 4022">
     <span class='ocr_line' id='line_1_23' title="bbox 220 2914 1538 3004; baseline -0.004 -22"><span class='ocrx_word' id='word_1_207' title='bbox 220 2918 321 3004; x_wconf 90' lang='lat' dir='ltr'>Supp.</span> <span class='ocrx_word' id='word_1_208' title='bbox 345 2917 487 2983; x_wconf 89' lang='lat' dir='ltr'>servitor</span> <span class='ocrx_word' id='word_1_209' title='bbox 510 2925 622 2982; x_wconf 89' lang='lat' dir='ltr'>vester</span> <span class='ocrx_word' id='word_1_210' title='bbox 645 2917 801 3000; x_wconf 89' lang='lat' dir='ltr'>antiquus</span> <span class='ocrx_word' id='word_1_211' title='bbox 826 2914 986 2982; x_wconf 89' lang='lat' dir='ltr'>Matbeus</span> <span class='ocrx_word' id='word_1_212' title='bbox 1006 2915 1049 2981; x_wconf 92' lang='lat' dir='ltr'>ad</span> <span class='ocrx_word' id='word_1_213' title='bbox 1067 2916 1179 2980; x_wconf 85' lang='lat' dir='ltr'>latus³</span> <span class='ocrx_word' id='word_1_214' title='bbox 1204 2914 1294 2998; x_wconf 92' lang='lat' dir='ltr'>quod</span> <span class='ocrx_word' id='word_1_215' title='bbox 1321 2934 1398 2979; x_wconf 91' lang='lat' dir='ltr'>curn</span> <span class='ocrx_word' id='word_1_216' title='bbox 1413 2915 1538 2978; x_wconf 76' lang='lat' dir='ltr'>sirtute</span> 
     </span>
     <span class='ocr_line' id='line_1_24' title="bbox 174 3018 1537 3107; baseline -0.002 -22"><span class='ocrx_word' id='word_1_217' title='bbox 174 3022 280 3104; x_wconf 81' lang='lat' dir='ltr'>gratie</span> <span class='ocrx_word' id='word_1_218' title='bbox 295 3041 355 3107; x_wconf 91' lang='lat' dir='ltr'>per</span> <span class='ocrx_word' id='word_1_219' title='bbox 370 3041 432 3086; x_wconf 90' lang='lat' dir='ltr'>vos</span> <span class='ocrx_word' id='word_1_220' title='bbox 451 3042 489 3086; x_wconf 92' lang='lat'>10</span> <span class='ocrx_word' id='word_1_221' title='bbox 504 3021 570 3086; x_wconf 90' lang='lat' dir='ltr'>kal.</span> <span class='ocrx_word' id='word_1_222' title='bbox 583 3022 665 3106; x_wconf 87' lang='lat' dir='ltr'>jun,</span> <span class='ocrx_word' id='word_1_223' title='bbox 681 3019 899 3105; x_wconf 88' lang='lat' dir='ltr'>pontificatus</span> <span class='ocrx_word' id='word_1_224' title='bbox 914 3019 1016 3084; x_wconf 88' lang='lat' dir='ltr'>vestri</span> <span class='ocrx_word' id='word_1_225' title='bbox 1030 3027 1064 3083; x_wconf 91' lang='lat' dir='ltr'>a⁰</span> <span class='ocrx_word' id='word_1_226' title='bbox 1083 3026 1122 3099; x_wconf 90' lang='lat'>1⁰,</span> <span class='ocrx_word' id='word_1_227' title='bbox 1146 3019 1207 3084; x_wconf 92' lang='lat' dir='ltr'>sibi</span> <span class='ocrx_word' id='word_1_228' title='bbox 1224 3018 1312 3083; x_wconf 85' lang='lat' dir='ltr'>facte</span> <span class='ocrx_word' id='word_1_229' title='bbox 1328 3019 1371 3085; x_wconf 89' lang='lat' dir='ltr'>de</span> <span class='ocrx_word' id='word_1_230' title='bbox 1387 3039 1461 3084; x_wconf 91' lang='lat' dir='ltr'>can.</span> <span class='ocrx_word' id='word_1_231' title='bbox 1477 3020 1537 3083; x_wconf 92' lang='lat' dir='ltr'>sub</span> 
     </span>
     <span class='ocr_line' id='line_1_25' title="bbox 174 3121 1538 3211; baseline -0.001 -23"><span class='ocrx_word' id='word_1_232' title='bbox 174 3143 250 3210; x_wconf 86' lang='lat' dir='ltr'>exp.</span> <span class='ocrx_word' id='word_1_233' title='bbox 266 3126 358 3211; x_wconf 89' lang='lat' dir='ltr'>preb.</span> <span class='ocrx_word' id='word_1_234' title='bbox 371 3125 404 3189; x_wconf 94' lang='lat' dir='ltr'>in</span> <span class='ocrx_word' id='word_1_235' title='bbox 421 3125 503 3190; x_wconf 89' lang='lat' dir='ltr'>eccl.</span> <span class='ocrx_word' id='word_1_236' title='bbox 513 3125 714 3189; x_wconf 85' lang='lat' dir='ltr'>Ambianen.</span> <span class='ocrx_word' id='word_1_237' title='bbox 724 3124 835 3208; x_wconf 89' lang='lat' dir='ltr'>plures</span> <span class='ocrx_word' id='word_1_238' title='bbox 850 3124 1038 3208; x_wconf 86' lang='lat' dir='ltr'>prebendae</span> <span class='ocrx_word' id='word_1_239' title='bbox 1053 3121 1284 3209; x_wconf 89' lang='lat' dir='ltr'>acceptaverit</span> <span class='ocrx_word' id='word_1_240' title='bbox 1300 3123 1486 3188; x_wconf 87' lang='lat' dir='ltr'>successive</span> <span class='ocrx_word' id='word_1_241' title='bbox 1503 3130 1538 3186; x_wconf 90' lang='lat' dir='ltr'>et</span> 
     </span>
     <span class='ocr_line' id='line_1_26' title="bbox 174 3227 1538 3314; baseline -0.003 -20"><span class='ocrx_word' id='word_1_242' title='bbox 174 3227 218 3294; x_wconf 90' lang='lat' dir='ltr'>de</span> <span class='ocrx_word' id='word_1_243' title='bbox 234 3229 282 3294; x_wconf 90' lang='lat' dir='ltr'>eis</span> <span class='ocrx_word' id='word_1_244' title='bbox 292 3228 390 3295; x_wconf 85' lang='lat' dir='ltr'>suerit</span> <span class='ocrx_word' id='word_1_245' title='bbox 406 3230 440 3294; x_wconf 90' lang='lat' dir='ltr'>in</span> <span class='ocrx_word' id='word_1_246' title='bbox 455 3229 699 3314; x_wconf 87' lang='lat' dir='ltr'>possessionem</span> <span class='ocrx_word' id='word_1_247' title='bbox 714 3227 1018 3308; x_wconf 85' lang='lat' dir='ltr'>inductus,nu11am</span> <span class='ocrx_word' id='word_1_248' title='bbox 1027 3235 1143 3292; x_wconf 88' lang='lat' dir='ltr'>tamen</span> <span class='ocrx_word' id='word_1_249' title='bbox 1153 3247 1268 3292; x_wconf 89' lang='lat' dir='ltr'>earum</span> <span class='ocrx_word' id='word_1_250' title='bbox 1284 3235 1422 3312; x_wconf 90' lang='lat' dir='ltr'>propter</span> <span class='ocrx_word' id='word_1_251' title='bbox 1437 3247 1538 3292; x_wconf 90' lang='lat' dir='ltr'>reser-</span> 
     </span>
     <span class='ocr_line' id='line_1_27' title="bbox 175 3331 1539 3419; baseline 0 -23"><span class='ocrx_word' id='word_1_252' title='bbox 175 3333 350 3398; x_wconf 90' lang='lat' dir='ltr'>vationem</span> <span class='ocrx_word' id='word_1_253' title='bbox 364 3333 476 3419; x_wconf 87' lang='lat' dir='ltr'>potuit</span> <span class='ocrx_word' id='word_1_254' title='bbox 488 3333 649 3412; x_wconf 87' lang='lat' dir='ltr'>obtinere,</span> <span class='ocrx_word' id='word_1_255' title='bbox 662 3341 697 3398; x_wconf 89' lang='lat' dir='ltr'>et</span> <span class='ocrx_word' id='word_1_256' title='bbox 712 3351 801 3396; x_wconf 86' lang='lat' dir='ltr'>nunc</span> <span class='ocrx_word' id='word_1_257' title='bbox 816 3331 859 3396; x_wconf 94' lang='lat' dir='ltr'>de</span> <span class='ocrx_word' id='word_1_258' title='bbox 875 3351 967 3396; x_wconf 93' lang='lat' dir='ltr'>novo</span> <span class='ocrx_word' id='word_1_259' title='bbox 980 3339 1105 3396; x_wconf 88' lang='lat' dir='ltr'>vacent</span> <span class='ocrx_word' id='word_1_260' title='bbox 1120 3331 1303 3411; x_wconf 88' lang='lat' dir='ltr'>scolastria,</span> <span class='ocrx_word' id='word_1_261' title='bbox 1319 3331 1539 3396; x_wconf 87' lang='lat' dir='ltr'>canonicatus</span> 
     </span>
     <span class='ocr_line' id='line_1_28' title="bbox 174 3433 1538 3522; baseline -0.002 -21"><span class='ocrx_word' id='word_1_262' title='bbox 174 3445 212 3502; x_wconf 89' lang='lat' dir='ltr'>et</span> <span class='ocrx_word' id='word_1_263' title='bbox 222 3438 316 3522; x_wconf 91' lang='lat' dir='ltr'>preb.</span> <span class='ocrx_word' id='word_1_264' title='bbox 332 3436 367 3501; x_wconf 94' lang='lat' dir='ltr'>in</span> <span class='ocrx_word' id='word_1_265' title='bbox 381 3437 474 3502; x_wconf 90' lang='lat' dir='ltr'>dicta</span> <span class='ocrx_word' id='word_1_266' title='bbox 490 3437 632 3502; x_wconf 88' lang='lat' dir='ltr'>ecclesia</span> <span class='ocrx_word' id='word_1_267' title='bbox 647 3457 707 3520; x_wconf 90' lang='lat' dir='ltr'>per</span> <span class='ocrx_word' id='word_1_268' title='bbox 722 3433 959 3501; x_wconf 89' lang='lat' dir='ltr'>ob.·Guillclmi</span> <span class='ocrx_word' id='word_1_269' title='bbox 974 3434 1017 3500; x_wconf 90' lang='lat' dir='ltr'>de</span> <span class='ocrx_word' id='word_1_270' title='bbox 1028 3434 1204 3516; x_wconf 86' lang='lat' dir='ltr'>Crobiaco‚</span> <span class='ocrx_word' id='word_1_271' title='bbox 1217 3454 1318 3518; x_wconf 90' lang='lat' dir='ltr'>quam</span> <span class='ocrx_word' id='word_1_272' title='bbox 1333 3434 1538 3520; x_wconf 88' lang='lat' dir='ltr'>prebendam</span> 
     </span>
     <span class='ocr_line' id='line_1_29' title="bbox 174 3538 1539 3626; baseline -0.001 -20"><span class='ocrx_word' id='word_1_273' title='bbox 174 3540 369 3626; x_wconf 89' lang='lat' dir='ltr'>acceptavit</span> <span class='ocrx_word' id='word_1_274' title='bbox 383 3540 493 3608; x_wconf 90' lang='lat' dir='ltr'>dictus</span> <span class='ocrx_word' id='word_1_275' title='bbox 516 3539 686 3621; x_wconf 89' lang='lat' dir='ltr'>Matbeus,</span> <span class='ocrx_word' id='word_1_276' title='bbox 703 3548 794 3623; x_wconf 89' lang='lat' dir='ltr'>quat.</span> <span class='ocrx_word' id='word_1_277' title='bbox 809 3539 852 3604; x_wconf 89' lang='lat' dir='ltr'>de</span> <span class='ocrx_word' id='word_1_278' title='bbox 871 3539 964 3604; x_wconf 90' lang='lat' dir='ltr'>dicta</span> <span class='ocrx_word' id='word_1_279' title='bbox 987 3539 1161 3605; x_wconf 89' lang='lat' dir='ltr'>scolastria</span> <span class='ocrx_word' id='word_1_280' title='bbox 1188 3538 1364 3624; x_wconf 89' lang='lat' dir='ltr'>provideat</span> <span class='ocrx_word' id='word_1_281' title='bbox 1386 3559 1426 3604; x_wconf 92' lang='lat' dir='ltr'>ac</span> <span class='ocrx_word' id='word_1_282' title='bbox 1441 3538 1539 3604; x_wconf 88' lang='lat' dir='ltr'>dictis</span> 
     </span>
     <span class='ocr_line' id='line_1_30' title="bbox 175 3642 1538 3734; baseline -0.004 -22"><span class='ocrx_word' id='word_1_283' title='bbox 175 3665 251 3714; x_wconf 88' lang='lat' dir='ltr'>can.</span> <span class='ocrx_word' id='word_1_284' title='bbox 266 3653 301 3710; x_wconf 92' lang='lat' dir='ltr'>et</span> <span class='ocrx_word' id='word_1_285' title='bbox 316 3647 409 3730; x_wconf 90' lang='lat' dir='ltr'>preb.</span> <span class='ocrx_word' id='word_1_286' title='bbox 424 3644 600 3731; x_wconf 88' lang='lat' dir='ltr'>permittat</span> <span class='ocrx_word' id='word_1_287' title='bbox 615 3644 756 3728; x_wconf 88' lang='lat' dir='ltr'>pacifice</span> <span class='ocrx_word' id='word_1_288' title='bbox 771 3643 1000 3730; x_wconf 87' lang='lat' dir='ltr'>gaudere,n0n</span> <span class='ocrx_word' id='word_1_289' title='bbox 1012 3645 1100 3710; x_wconf 86' lang='lat' dir='ltr'>obst.</span> <span class='ocrx_word' id='word_1_290' title='bbox 1111 3642 1203 3726; x_wconf 90' lang='lat' dir='ltr'>quod</span> <span class='ocrx_word' id='word_1_291' title='bbox 1219 3651 1338 3709; x_wconf 87' lang='lat' dir='ltr'>canet</span> <span class='ocrx_word' id='word_1_292' title='bbox 1352 3644 1444 3734; x_wconf 88' lang='lat' dir='ltr'>preb.</span> <span class='ocrx_word' id='word_1_293' title='bbox 1461 3661 1538 3708; x_wconf 89' lang='lat' dir='ltr'>cum</span> 
     </span>
     <span class='ocr_line' id='line_1_31' title="bbox 174 3744 1536 3834; baseline -0.003 -20"><span class='ocrx_word' id='word_1_294' title='bbox 174 3747 328 3814; x_wconf 90' lang='lat' dir='ltr'>cantoria</span> <span class='ocrx_word' id='word_1_295' title='bbox 344 3748 378 3814; x_wconf 91' lang='lat' dir='ltr'>in</span> <span class='ocrx_word' id='word_1_296' title='bbox 394 3749 537 3814; x_wconf 88' lang='lat' dir='ltr'>ecclesia</span> <span class='ocrx_word' id='word_1_297' title='bbox 548 3746 945 3834; x_wconf 85' lang='lat' dir='ltr'>Morinen.,personatum</span> <span class='ocrx_word' id='word_1_298' title='bbox 956 3746 999 3811; x_wconf 90' lang='lat' dir='ltr'>de</span> <span class='ocrx_word' id='word_1_299' title='bbox 1016 3745 1101 3827; x_wconf 82' lang='lat' dir='ltr'>Rue,</span> <span class='ocrx_word' id='word_1_300' title='bbox 1114 3747 1232 3832; x_wconf 89' lang='lat' dir='ltr'>capell.</span> <span class='ocrx_word' id='word_1_301' title='bbox 1242 3746 1284 3812; x_wconf 89' lang='lat' dir='ltr'>de</span> <span class='ocrx_word' id='word_1_302' title='bbox 1298 3744 1536 3825; x_wconf 88' lang='lat' dir='ltr'>Molaincourt,</span> 
     </span>
     <span class='ocr_line' id='line_1_32' title="bbox 174 3833 1535 3938; baseline -0.001 -22"><span class='ocrx_word' id='word_1_303' title='bbox 174 3852 385 3932; x_wconf 87' lang='lat' dir='ltr'>Ambianen.,</span> <span class='ocrx_word' id='word_1_304' title='bbox 398 3860 433 3916; x_wconf 89' lang='lat' dir='ltr'>et</span> <span class='ocrx_word' id='word_1_305' title='bbox 449 3853 568 3938; x_wconf 93' lang='lat' dir='ltr'>capell.</span> <span class='ocrx_word' id='word_1_306' title='bbox 585 3854 815 3938; x_wconf 89' lang='lat' dir='ltr'>apostolorum</span> <span class='ocrx_word' id='word_1_307' title='bbox 832 3851 874 3916; x_wconf 91' lang='lat' dir='ltr'>de</span> <span class='ocrx_word' id='word_1_308' title='bbox 892 3833 1167 3937; x_wconf 79' lang='lat' dir='ltr'>Champign&#39;iacO,</span> <span class='ocrx_word' id='word_1_309' title='bbox 1179 3849 1335 3925; x_wconf 87' lang='lat' dir='ltr'>Parisien.</span> <span class='ocrx_word' id='word_1_310' title='bbox 1346 3849 1443 3930; x_wconf 82' lang='lat' dir='ltr'>dioc,</span> <span class='ocrx_word' id='word_1_311' title='bbox 1459 3869 1535 3914; x_wconf 87' lang='lat' dir='ltr'>nos·</span> 
     </span>
     <span class='ocr_line' id='line_1_33' title="bbox 174 3943 1334 4022; baseline -0.003 0"><span class='ocrx_word' id='word_1_312' title='bbox 174 3955 262 4022; x_wconf 89' lang='lat' dir='ltr'>citur</span> <span class='ocrx_word' id='word_1_313' title='bbox 277 3956 440 4022; x_wconf 89' lang='lat' dir='ltr'>obtinere.</span> <span class='ocrx_word' id='word_1_314' title='bbox 464 3993 495 4004; x_wconf 91' lang='lat'>—</span> <span class='ocrx_word' id='word_1_315' title='bbox 518 3956 595 4022; x_wconf 89' lang='lat' dir='ltr'>Fiat</span> <span class='ocrx_word' id='word_1_316' title='bbox 612 3956 652 4022; x_wconf 91' lang='lat' dir='ltr'>R.</span> <span class='ocrx_word' id='word_1_317' title='bbox 1330 3943 1334 3950; x_wconf 43' lang='lat'><strong>¹</strong></span> 
     </span>
    </p>

    <p class='ocr_par' dir='ltr' id='par_1_9' title="bbox 220 4058 906 4146">
     <span class='ocr_line' id='line_1_34' title="bbox 220 4058 906 4146; baseline 0.006 -23"><span class='ocrx_word' id='word_1_318' title='bbox 220 4058 301 4124; x_wconf 90' lang='lat' dir='ltr'>Dat.</span> <span class='ocrx_word' id='word_1_319' title='bbox 317 4059 417 4126; x_wconf 83' lang='lat' dir='ltr'>Avin.</span> <span class='ocrx_word' id='word_1_320' title='bbox 433 4059 500 4125; x_wconf 89' lang='lat' dir='ltr'>kal.</span> <span class='ocrx_word' id='word_1_321' title='bbox 518 4068 603 4146; x_wconf 89' lang='lat' dir='ltr'>sept.</span> <span class='ocrx_word' id='word_1_322' title='bbox 618 4069 651 4126; x_wconf 87' lang='lat' dir='ltr'>a⁰</span> <span class='ocrx_word' id='word_1_323' title='bbox 668 4064 710 4127; x_wconf 88' lang='lat'>8⁰.</span> <span class='ocrx_word' id='word_1_324' title='bbox 727 4061 797 4146; x_wconf 85' lang='lat'><strong>(19,</strong></span> <span class='ocrx_word' id='word_1_325' title='bbox 818 4064 906 4146; x_wconf 84' lang='lat'>144).</span> 
     </span>
    </p>
   </div>
   <div class='ocr_carea' id='block_1_5' title="bbox 175 4194 1538 4816">
    <p class='ocr_par' dir='ltr' id='par_1_10' title="bbox 231 4194 1494 4294">
     <span class='ocr_line' id='line_1_35' title="bbox 231 4194 1494 4294; baseline -0.004 -18"><span class='ocrx_word' id='word_1_326' title='bbox 231 4194 372 4278; x_wconf 81' lang='lat'>1789·</span> <span class='ocrx_word' id='word_1_327' title='bbox 1157 4228 1252 4292; x_wconf 78' lang='lat'><em>1349,</em></span> <span class='ocrx_word' id='word_1_328' title='bbox 1266 4229 1287 4292; x_wconf 81' lang='grc'><em>3</em></span> <span class='ocrx_word' id='word_1_329' title='bbox 1305 4209 1494 4294; x_wconf 78' lang='lat' dir='ltr'>septembre.</span> 
     </span>
    </p>

    <p class='ocr_par' dir='ltr' id='par_1_11' title="bbox 175 4310 1538 4816">
     <span class='ocr_line' id='line_1_36' title="bbox 221 4310 1536 4400; baseline -0.001 -24"><span class='ocrx_word' id='word_1_330' title='bbox 221 4311 322 4400; x_wconf 88' lang='lat' dir='ltr'>Supp.</span> <span class='ocrx_word' id='word_1_331' title='bbox 338 4311 511 4390; x_wconf 89' lang='lat' dir='ltr'>Johannes</span> <span class='ocrx_word' id='word_1_332' title='bbox 526 4314 568 4378; x_wconf 90' lang='lat' dir='ltr'>de</span> <span class='ocrx_word' id='word_1_333' title='bbox 585 4313 732 4398; x_wconf 85' lang='lat' dir='ltr'>Capella,</span> <span class='ocrx_word' id='word_1_334' title='bbox 749 4315 909 4400; x_wconf 88' lang='lat' dir='ltr'>presbiter</span> <span class='ocrx_word' id='word_1_335' title='bbox 937 4313 1193 4397; x_wconf 86' lang='lat' dir='ltr'>Rotbomagen.,</span> <span class='ocrx_word' id='word_1_336' title='bbox 1217 4313 1357 4386; x_wconf 82' lang='lat' dir='ltr'>clericus</span> <span class='ocrx_word' id='word_1_337' title='bbox 1382 4310 1536 4378; x_wconf 85' lang='lat' dir='ltr'>fructerie</span> 
     </span>
     <span class='ocr_line' id='line_1_37' title="bbox 176 4412 1537 4501; baseline 0 -22"><span class='ocrx_word' id='word_1_338' title='bbox 176 4412 305 4479; x_wconf 92' lang='lat' dir='ltr'>domini</span> <span class='ocrx_word' id='word_1_339' title='bbox 321 4414 407 4499; x_wconf 88' lang='lat' dir='ltr'>regis</span> <span class='ocrx_word' id='word_1_340' title='bbox 424 4413 574 4496; x_wconf 88' lang='lat' dir='ltr'>Francie,</span> <span class='ocrx_word' id='word_1_341' title='bbox 591 4423 682 4500; x_wconf 90' lang='lat' dir='ltr'>quat.</span> <span class='ocrx_word' id='word_1_342' title='bbox 699 4415 759 4481; x_wconf 91' lang='lat' dir='ltr'>sibi</span> <span class='ocrx_word' id='word_1_343' title='bbox 776 4417 818 4482; x_wconf 91' lang='lat' dir='ltr'>de</span> <span class='ocrx_word' id='word_1_344' title='bbox 834 4417 948 4501; x_wconf 90' lang='lat' dir='ltr'>aliquo</span> <span class='ocrx_word' id='word_1_345' title='bbox 962 4419 1040 4486; x_wconf 84' lang='lat' dir='ltr'>ben.</span> <span class='ocrx_word' id='word_1_346' title='bbox 1057 4415 1101 4481; x_wconf 95' lang='lat' dir='ltr'>ad</span> <span class='ocrx_word' id='word_1_347' title='bbox 1116 4416 1193 4482; x_wconf 91' lang='lat' dir='ltr'>coll.</span> <span class='ocrx_word' id='word_1_348' title='bbox 1205 4416 1338 4482; x_wconf 86' lang='lat' dir='ltr'>abbatis</span> <span class='ocrx_word' id='word_1_349' title='bbox 1362 4424 1397 4480; x_wconf 89' lang='lat' dir='ltr'>et</span> <span class='ocrx_word' id='word_1_350' title='bbox 1421 4434 1537 4481; x_wconf 89' lang='lat' dir='ltr'>mona·</span> 
     </span>
     <span class='ocr_line' id='line_1_38' title="bbox 176 4515 1536 4604; baseline 0.002 -24"><span class='ocrx_word' id='word_1_351' title='bbox 176 4515 267 4580; x_wconf 87' lang='lat' dir='ltr'>sterii</span> <span class='ocrx_word' id='word_1_352' title='bbox 291 4515 322 4582; x_wconf 86' lang='lat' dir='ltr'>S.</span> <span class='ocrx_word' id='word_1_353' title='bbox 350 4517 525 4584; x_wconf 88' lang='lat' dir='ltr'>Trinitatis</span> <span class='ocrx_word' id='word_1_354' title='bbox 551 4519 593 4584; x_wconf 89' lang='lat' dir='ltr'>de</span> <span class='ocrx_word' id='word_1_355' title='bbox 620 4518 798 4600; x_wconf 89' lang='lat' dir='ltr'>Fiscanno,</span> <span class='ocrx_word' id='word_1_356' title='bbox 815 4520 905 4586; x_wconf 89' lang='lat' dir='ltr'>dicte</span> <span class='ocrx_word' id='word_1_357' title='bbox 930 4520 1028 4601; x_wconf 84' lang='lat' dir='ltr'>dioc,</span> <span class='ocrx_word' id='word_1_358' title='bbox 1053 4519 1079 4584; x_wconf 88' lang='lat' dir='ltr'>si</span> <span class='ocrx_word' id='word_1_359' title='bbox 1105 4541 1134 4586; x_wconf 89' lang='lat' dir='ltr'>c.</span> <span class='ocrx_word' id='word_1_360' title='bbox 1150 4540 1179 4589; x_wconf 92' lang='lat' dir='ltr'>c.</span> <span class='ocrx_word' id='word_1_361' title='bbox 1205 4525 1255 4602; x_wconf 86' lang='lat'>60,</span> <span class='ocrx_word' id='word_1_362' title='bbox 1272 4520 1298 4584; x_wconf 90' lang='lat' dir='ltr'>si</span> <span class='ocrx_word' id='word_1_363' title='bbox 1314 4541 1339 4588; x_wconf 80' lang='lat' dir='ltr'>s.</span> <span class='ocrx_word' id='word_1_364' title='bbox 1356 4541 1386 4586; x_wconf 91' lang='lat' dir='ltr'>c.</span> <span class='ocrx_word' id='word_1_365' title='bbox 1413 4539 1454 4604; x_wconf 86' lang='lat'>40</span> <span class='ocrx_word' id='word_1_366' title='bbox 1470 4519 1536 4597; x_wconf 90' lang='lat' dir='ltr'>lib.,</span> 
     </span>
     <span class='ocr_line' id='line_1_39' title="bbox 175 4618 1536 4710; baseline 0.001 -26"><span class='ocrx_word' id='word_1_367' title='bbox 175 4618 360 4704; x_wconf 87' lang='lat' dir='ltr'>dignemini</span> <span class='ocrx_word' id='word_1_368' title='bbox 375 4621 561 4707; x_wconf 80' lang='lat' dir='ltr'>providere,</span> <span class='ocrx_word' id='word_1_369' title='bbox 578 4623 751 4708; x_wconf 83' lang='lat' dir='ltr'>presertim</span> <span class='ocrx_word' id='word_1_370' title='bbox 778 4643 854 4688; x_wconf 88' lang='lat' dir='ltr'>curn</span> <span class='ocrx_word' id='word_1_371' title='bbox 882 4623 972 4688; x_wconf 90' lang='lat' dir='ltr'>idern</span> <span class='ocrx_word' id='word_1_372' title='bbox 996 4623 1159 4709; x_wconf 89' lang='lat' dir='ltr'>presbiter</span> <span class='ocrx_word' id='word_1_373' title='bbox 1181 4643 1240 4710; x_wconf 89' lang='lat' dir='ltr'>per</span> <span class='ocrx_word' id='word_1_374' title='bbox 1267 4624 1414 4708; x_wconf 91' lang='lat' dir='ltr'>quinque</span> <span class='ocrx_word' id='word_1_375' title='bbox 1429 4642 1536 4688; x_wconf 88' lang='lat' dir='ltr'>annos</span> 
     </span>
     <span class='ocr_line' id='line_1_40' title="bbox 177 4711 1538 4816; baseline 0.004 -28"><span class='ocrx_word' id='word_1_376' title='bbox 177 4722 357 4788; x_wconf 89' lang='lat' dir='ltr'>continuos</span> <span class='ocrx_word' id='word_1_377' title='bbox 372 4731 444 4788; x_wconf 87' lang='lat' dir='ltr'>tam</span> <span class='ocrx_word' id='word_1_378' title='bbox 461 4711 603 4792; x_wconf 82' lang='lat' dir='ltr'>Parisios</span> <span class='ocrx_word' id='word_1_379' title='bbox 618 4747 720 4812; x_wconf 90' lang='lat' dir='ltr'>quam</span> <span class='ocrx_word' id='word_1_380' title='bbox 746 4728 779 4796; x_wconf 89' lang='lat' dir='ltr'>in</span> <span class='ocrx_word' id='word_1_381' title='bbox 805 4727 903 4796; x_wconf 86' lang='lat' dir='ltr'>Rom.</span> <span class='ocrx_word' id='word_1_382' title='bbox 931 4727 1020 4794; x_wconf 90' lang='lat' dir='ltr'>curia</span> <span class='ocrx_word' id='word_1_383' title='bbox 1045 4746 1143 4814; x_wconf 89' lang='lat' dir='ltr'>super</span> <span class='ocrx_word' id='word_1_384' title='bbox 1167 4749 1241 4796; x_wconf 92' lang='lat' dir='ltr'>can.</span> <span class='ocrx_word' id='word_1_385' title='bbox 1258 4735 1293 4794; x_wconf 88' lang='lat' dir='ltr'>et</span> <span class='ocrx_word' id='word_1_386' title='bbox 1319 4716 1471 4816; x_wconf 83' lang='lat' dir='ltr'>preb.&#39;B.</span> <span class='ocrx_word' id='word_1_387' title='bbox 1490 4717 1538 4797; x_wconf 89' lang='lat' dir='ltr'>M.</span> 
     </span>
    </p>
   </div>
   <div class='ocr_carea' id='block_1_6' title="bbox 213 4921 1493 5073">
    <p class='ocr_par' dir='ltr' id='par_1_12' title="bbox 213 4921 1493 5073">
     <span class='ocr_line' id='line_1_41' title="bbox 213 4921 1407 4990; baseline 0.008 -22"><span class='ocrx_word' id='word_1_388' title='bbox 213 4923 235 4969; x_wconf 91' lang='lat'>1.</span> <span class='ocrx_word' id='word_1_389' title='bbox 247 4921 309 4970; x_wconf 84' lang='lat' dir='ltr'>Voir</span> <span class='ocrx_word' id='word_1_390' title='bbox 325 4937 351 4972; x_wconf 90' lang='lat' dir='ltr'>n.</span> <span class='ocrx_word' id='word_1_391' title='bbox 363 4923 478 4973; x_wconf 69' lang='grc'><strong>1151-</strong></span> <span class='ocrx_word' id='word_1_392' title='bbox 490 4927 512 4973; x_wconf 73' lang='grc'>2.</span> <span class='ocrx_word' id='word_1_393' title='bbox 526 4925 587 4974; x_wconf 89' lang='lat' dir='ltr'>Voir</span> <span class='ocrx_word' id='word_1_394' title='bbox 598 4941 623 4977; x_wconf 90' lang='lat' dir='ltr'>n.</span> <span class='ocrx_word' id='word_1_395' title='bbox 635 4929 689 4988; x_wconf 81' lang='lat'><strong>930,</strong></span> <span class='ocrx_word' id='word_1_396' title='bbox 702 4929 755 4988; x_wconf 78' lang='lat' dir='ltr'>sel,</span> <span class='ocrx_word' id='word_1_397' title='bbox 769 4929 823 4980; x_wconf 80' lang='grc'><strong>995.</strong></span> <span class='ocrx_word' id='word_1_398' title='bbox 836 4955 869 4970; x_wconf 59' lang='grc' dir='ltr'><strong><em>η</em></strong></span> <span class='ocrx_word' id='word_1_399' title='bbox 879 4930 902 4980; x_wconf 89' lang='lat'>3.</span> <span class='ocrx_word' id='word_1_400' title='bbox 914 4928 977 4976; x_wconf 84' lang='lat' dir='ltr'>Voir</span> <span class='ocrx_word' id='word_1_401' title='bbox 987 4941 1013 4976; x_wconf 88' lang='lat' dir='ltr'>u.</span> <span class='ocrx_word' id='word_1_402' title='bbox 1026 4929 1062 4988; x_wconf 84' lang='lat'>18,</span> <span class='ocrx_word' id='word_1_403' title='bbox 1072 4929 1146 4988; x_wconf 80' lang='lat' dir='ltr'>mal,</span> <span class='ocrx_word' id='word_1_404' title='bbox 1161 4930 1230 4990; x_wconf 77' lang='lat'>1150,</span> <span class='ocrx_word' id='word_1_405' title='bbox 1243 4931 1313 4978; x_wconf 75' lang='lat'>1251.</span> <span class='ocrx_word' id='word_1_406' title='bbox 1385 4965 1389 4980; x_wconf 78' lang='lat'>.</span> <span class='ocrx_word' id='word_1_407' title='bbox 1405 4948 1407 4951; x_wconf 95' lang='lat'>·</span> 
     </span>
     <span class='ocr_line' id='line_1_42' title="bbox 233 5013 1493 5073; baseline 0.009 -20"><span class='ocrx_word' id='word_1_408' title='bbox 233 5013 295 5055; x_wconf 75' lang='lat' dir='ltr'>Auel.</span> <span class='ocrx_word' id='word_1_409' title='bbox 310 5013 360 5056; x_wconf 76' lang='lat' dir='ltr'>Ver.</span> <span class='ocrx_word' id='word_1_410' title='bbox 377 5013 436 5066; x_wconf 69' lang='lat' dir='ltr'>Belg.</span> <span class='ocrx_word' id='word_1_411' title='bbox 1468 5037 1493 5073; x_wconf 76' lang='lat'>30</span> 
     </span>
    </p>
   </div>
   <div class='ocr_carea' id='block_1_7' title="bbox 0 0 1831 5675">
    <p class='ocr_par' dir='ltr' id='par_1_13' title="bbox 0 0 1831 5675">
     <span class='ocr_line' id='line_1_43' title="bbox 0 0 1831 5675; baseline 0 0"><span class='ocrx_word' id='word_1_412' title='bbox 0 0 1831 5675; x_wconf 95' lang='lat' dir='ltr'> </span> 
     </span>
    </p>
   </div>
  </div>
 </body>
</html>
