3650 5675
730 472 817 549 1849,
840 475 934 540 22-28
952 475 1036 556 Juin.'
1500 482 1562 546 455

246 624 335 691 Item
349 625 448 691 simili
464 626 567 693 modo
582 626 766 711 dignemini
779 625 959 711 providere
973 625 1109 692 Andree·
1125 626 1168 692 de
1184 624 1304 704 Ponte,
1321 627 1444 694 clerico
1459 627 1562 695 Mori·

199 748 277 793 nen.
302 727 399 808 diue,
425 729 467 795 de
495 730 657 816 capellan.
684 728 724 796 B.
742 728 791 795 M.
818 730 852 794 in
880 730 962 795 ec'cl.
979 728 1011 794 S.
1028 727 1196 806 Johannis
1221 728 1264 799 de
1280 729 1562 817 PauperhiugheS,

201 829 370 898 Morinen.
386 832 484 913 dioc„
500 853 573 899 vac.
589 854 648 920 per
674 834 816 899 liberam
842 833 1105 917 resignationem
1132 832 1348 903 inmanibus
1376 833 1558 923 [ejusdem]

235 1038 325 1105 .Dat.
339 1039 493 1105 Avin..11
511 1040 580 1107 kal.
593 1041 665 1127 julii
681 1047 715 1106 a⁰
731 1042 774 1106 8⁰.
791 1042 861 1125 (19,
880 1040 947 1126 57).

252 1175 392 1259 1747.
830 1196 833 1203 “
917 1198 920 1206 ’
1005 1202 1008 1206 ’
1199 1203 1204 1211 ’
1263 1175 1515 1276 1340221010.

243 1294 344 1381 Supp.
371 1294 568 1360 Franciscus
601 1294 643 1360 de
671 1293 913 1379 Kettenheym,
941 1313 1015 1359 can.
1041 1290 1273 1374 Tracentinus‚
1301 1303 1391 1378 quat.
1418 1315 1560 1360 consan-

197 1397 321 1481 guineo
335 1418 396 1464 suo
421 1397 567 1475 Johanni
592 1398 634 1464 de
650 1395 875 1482 Lutzelborgh
891 1408 913 1478 ²,
941 1396 1118 1483 capellano
1144 1396 1230 1481 regis
1254 1396 1493 1479 Romanorum,
1516 1399 1560 1465 de

198 1522 274 1567 can.
290 1503 351 1566 sub
366 1522 442 1587 exp.
456 1503 548 1587 preb.
563 1500 748 1586 dignemini
764 1500 807 1567 ad
823 1501 899 1567 coll.
917 1500 1065 1587 episcopi
1078 1499 1249 1582 Leodien.,
1258 1500 1293 1565 in
1305 1502 1387 1567 eccl.
1400 1503 1461 1577 vel¹
1473 1502 1559 1568 dioc.

198 1604 358 1672 Leodien.
374 1604 557 1689 dignemini
572 1604 747 1691 providere
762 1628 772 1685 ;
788 1625 858 1670 non
871 1607 958 1671 obst.
970 1605 1060 1688 quod
1082 1605 1165 1671 eccl.
1180 1605 1316 1691 paroch.
1335 1605 1380 1680 de
1399 1606 1560 1693 Osperen‚

174 1706 375 1774 ·Treveren.
400 1709 498 1787 dioc„
524 1708 677 1775 noscitur.
698 1708 861 1789 obtinere,
885 1709 941 1773 vel
965 1708 1008 1774 de
1034 1728 1108 1774 can.
1124 1710 1185 1773 sub
1211 1729 1286 1794 exp.
1313 1712 1406 1795 preb.
1429 1710 1463 1775 in
1478 1712 1561 1776 eccl.

156 1804 158 1811 ’
199 1810 231 1876 S.
247 1810 412 1889 lobannis
428 1810 589 1878 Leodien.
610 1849 643 1861 -
665 1811 742 1878 Fiat
759 1811 799 1878 R.

243 1915 322 1981 Dat.
344 1917 443 1981 Avin.
464 1937 501 1981 10
516 1916 584 1982 kal.
598 1916 670 2001 julii
694 1922 727 1982 a⁰
752 1918 794 1981 8⁰.
817 1916 886 1999 (19,
912 1917 980 2000 58).

180 2080 182 2085 ’
252 2053 393 2136 1748.
1265 2066 1517 2151 131025111ιή.

242 2170 343 2258 Supp.
366 2171 386 2249 J
389 2171 541 2237 ohannes
559 2169 725 2256 Fauqueti
741 2184 763 2252 ³,
780 2170 939 2255 magister
955 2170 989 2235 in
1006 2179 1080 2251 art,
1096 2178 1131 2235 et
1146 2170 1283 2236 scolaris
1298 2170 1333 2236 in
1350 2172 1454 2237 theol.
1471 2170 1560 2237 Pari-

198 2275 264 2341 sius
278 2296 298 2341 a
314 2275 461 2359 quinque
476 2276 572 2341 annis
587 2284 622 2341 et
638 2275 731 2356 citra,
747 2275 948 2341 Ambianen.
965 2274 1064 2355 dioc„
1080 2273 1351 2359 consanguineus
1367 2274 1508 2341 Henrici
1518 2274 1560 2339 de

197 2376 314 2459 Bours,
325 2387 418 2463 quat.
429 2378 459 2444 ei
470 2379 651 2464 specialem
660 2378 802 2464 gratiam
812 2378 975 2444 iacientes
994 2379 1037 2444 de
1046 2378 1200 2463 parroclr.
1210 2379 1292 2443 eccl.
1305 2377 1343 2444 B.
1356 2377 1405 2443 M.
1418 2379 1460 2445 de
1472 2377 1559 2444 Fon-

196 2483 295 2563 tibus,
312 2482 559 2568 Rothomagen.
576 2483 674 2564 dioc„
691 2504 791 2567 quam
807 2503 914 2569 nuper
930 2482 1105 2548 obtinebat
1116 2481 1136 2559 J
1139 2482 1288 2547 ohannes
1306 2481 1425 2562 Malet,
1441 2482 1560 2548 doctor

199 2586 233 2651 in
249 2586 365 2668 theol„
381 2588 408 2653 si
425 2597 535 2670 vacat,
551 2589 607 2653 vel
622 2609 699 2654 cum
715 2586 854 2655 vacabit
868 2607 929 2672 per
944 2585 1191 2652 assecutionem
1203 2586 1425 2656 canonicatus,
1436 2594 1471 2651 et
1486 2607 1560 2671 pre-

196 2688 307 2756 bende
335 2711 376 2757 ae
391 2692 627 2777 penitentiarie
654 2691 794 2758 ecclesie
810 2688 1008 2770 Tomacen.,
1024 2689 1067 2755 de
1093 2689 1213 2773 quibus
1238 2688 1398 2772 magistro
1414 2686 1560 2765 Jolranui

199 2791 308 2860 Malet
328 2805 341 2842 ⁴
366 2815 426 2881 per
452 2794 484 2862 S.
512 2795 550 2861 V.
575 2815 680 2882 nuper
695 2795 843 2862 noscitur
865 2814 938 2860 esse
961 2792 1143 2880 provisum,
1170 2799 1228 2858 aut
1252 2792 1336 2858 alias
1362 2811 1561 2876 quocunque

197 2898 310 2980 modo,
326 2910 542 2985 preterquam
557 2921 617 2986 per
632 2901 734 2985 ipsius
749 2907 904 2978 mortem,
921 2898 951 2962 ei
967 2896 1150 2982 dignemini
1173 2895 1350 2984 providere
1365 2919 1374 2975 ;
1390 2911 1464 2962 non¹
1475 2899 1560 2962 obst.

200 3005 290 3092 quod
306 3004 390 3071 duas
405 3006 555 3094 capellas
581 3005 614 3070 in
641 3006 723 3071 eccl.
750 3003 789 3069 B.
807 3002 857 3070 M.
884 3003 927 3069 de
954 3001 1439 3086 Nigella,Ambianen..dioc.,
1467 3002 1559 3066 etin

196 3108 349 3196 parroch.
365 3111 447 3175 eccl.
464 3109 643 3176 cardinalis
660 3106 821 3175 Monachi
847 3106 999 3187 Parisius‚
1015 3113 1151 3192 propter
1177 3105 1378 3174 tenuitatem
1393 3105 1559 3172 fructuum

197 3211 242 3277 ad
256 3211 425 3277 decimam
441 3233 510 3279 non
525 3213 660 3293 taxatis,
676 3213 825 3279 noscitur
840 3211 1015 3289 obtinere3
1031 3229 1090 3275 seu
1105 3207 1196 3294 quod
1212 3206 1255 3276 ad
1268 3210 1343 3274 coll.
1366 3217 1431 3286 etc.
1441 3209 1559 3275 decani

197 3323 232 3379 et
248 3315 385 3401 capituli
401 3315 433 3381 S.
450 3315 537 3382 Piati
566 3316 778 3396 Sicliniensis,
805 3315 835 3380 T
836 3334 993 3380 omacen.
1021 3312 1117 3389 dioc„
1132 3332 1171 3378 ac
1198 3311 1347 3398 episcopi
1363 3320 1403 3377 et·
1421 3310 1559 3398 capituli

197 3419 408 3502 Ambianen.,
433 3441 492 3506 per
517 3421 665 3486 diversas
688 3427 816 3484 vestras
838 3418 968 3484 litteras
980 3417 1050 3502 jam
1077 3416 1185 3485 lactas
1200 3424 1235 3481 et
1250 3437 1309 3502 per
1324 3416 1405 3481 alias
1420 3415 1558 3497 fiendas,

196 3529 352 3608 pretextu
374 3525 480 3610 gratie
507 3525 538 3589 ei
565 3524 655 3591 facte
679 3525 731 3588 vel
759 3523 867 3588 fiende
895 3521 930 3586 in
963 3521 1074 3587 rotulo
1098 3519 1336 3587 Universitatis
1368 3519 1559 3586 Parisiensis

195 3644 302 3712 nuper
317 3619 447 3712 signato
463 3628 516 3692 vel
533 3626 696 3712 signando
719 3625 886 3692 beneficia
912 3624 1140 3691 ecclesiastica
1164 3644 1193 3690 c.
1209 3644 1238 3690 c.
1253 3624 1308 3687 vel
1324 3643 1350 3688 s,
1366 3643 1394 3688 c.
1410 3621 1558 3686 noscitur

197 3738 387 3814 expectare.
403 3771 447 3779 —
464 3730 540 3796 Fiat
559 3729 600 3796 R.

241 3831 321 3903 Dat.
335 3832 435 3899 Avin.
449 3852 467 3917 7
483 3833 552 3899 kal.
561 3833 633 3919 julii
650 3840 683 3898 a⁰
700 3835 742 3898 8⁰.
759 3833 828 3917 (19,
856 3833 924 3916 60).

250 3960 394 4044 1749.
1113 4039 1120 4046 ,
1262 3993 1356 4057 1319,
1373 3975 1416 4037 28
1424 3971 1511 4054 juin.

241 4078 343 4166 Supp.
367 4079 510 4146 servitor
535 4085 570 4144 et
596 4077 768 4144 familiaris
788 4079 916 4157 uester,
955 4076 1128 4162 Philippus
1154 4074 1306 4142 Maillars
1329 4088 1350 4156 ⁵,
1376 4085 1466 4161 quat.
1493 4077 1554 4142 sibi

196 4190 292 4248 motu
307 4184 443 4269 proprio
458 4183 640 4268 specialem
655 4182 796 4266 gratiam
811 4181 984 4259 facientes,
1000 4180 1042 4246 de
1057 4179 1203 4248 secunda
1225 4179 1380 4265 portione
1402 4179 1555 4265 parroch.

196 4286 338 4351 ecclesie
353 4286 385 4352 S.
401 4285 421 4363 J
424 4285 567 4352 ohannis
583 4283 782 4364 Gandensis,
800 4284 987 4350 Tornacen.
1013 4282 1111 4365 dioc„
1135 4304 1206 4349 vae.
1230 4304 1290 4370 per
1315 4287 1368 4349 ob.
1385 4282 1555 4350 Guillelmi

196 4389 239 4454 de
254 4388 469 4474 Sleidinghen
484 4389 506 4468 ⁶,
534 4388 642 4454 ultimi
669 4387 808 4454 rectoris
834 4388 994 4472 ejusdem,
1010 4387 1067 4471 qui
1091 4395 1185 4452 extra
1210 4389 1334 4459 curium
1352 4386 1450 4456 Rom.
1466 4388 1555 4454 diem

197 4494 317 4560 clausit
344 4502 542 4574 extremum,
571 4494 598 4559 si
624 4513 684 4579 per
709 4492 973 4561 reservationem
996 4491 1051 4556 vel
1078 4491 1145 4557 alio
1171 4494 1289 4577 quovis
1313 4493 1415 4560 modo
1444 4501 1555 4573 vacet,

230 4695 252 4741 l.
265 4691 328 4741 Volr
349 4707 374 4742 n.
396 4695 466 4752 1022,
485 4693 555 4752 1223,
575 4693 644 4752 1216,
664 4693 779 4741 13711.-
796 4695 818 4741 2.
832 4693 896 4740 Sane
907 4692 986 4740 doute
997 4691 1021 4740 le
1032 4691 1097 4740 Jeun
1109 4691 1212 4744 Gerlaci
1223 4691 1275 4741 cite
1291 4693 1355 4741 daus
1367 4692 1467 4750 Kirsch‚
1479 4689 1568 4748 Kozz..

197 4767 251 4824 192,
265 4767 297 4814 cf.
310 4767 432 4824 388·389;
445 4767 479 4814 nl.
492 4765 560 4816 Mon.
581 4765 637 4814 Van:
650 4765 722 4824 11011,
736 4765 756 4825 Ι,
770 4767 824 4826 621,
837 4780 863 4815 n.
878 4768 946 4824 1132,
961 4767 1031 4814 1133.
1042 4794 1075 4802 -
1086 4767 1109 4814 3.
1120 4765 1225 4827 Denifle,
1242 4765 1364 4827 duruit,
1385 4766 1421 4826 11,
1433 4766 1489 4824 643,
1502 4767 1557 4814 646.

196 4865 229 4874 -
246 4840 268 4887 4.
283 4839 388 4898 Donido,
403 4837 441 4897 tu,
453 4838 487 4898 11,
505 4840 559 4899 363,
574 4841 627 4898 361,
641 4839 695 4900 366,
709 4840 763 4898 368,
786 4840 840 4900 392,
854 4841 968 4897 ass-596,
981 4841 1035 4888 626.
1049 4839 1200 4889 successeur
1211 4854 1270 4890 nans
1280 4841 1359 4890 doute
1375 4839 1514 4890 eroumar
1525 4838 1557 4886 dc

198 4911 317 4976 Philippe
328 4913 361 4962 de
372 4913 457 4962 Thielt
470 4911 537 4974 (Vos,
554 4912 682 4977 (lurpr'tre,
696 4913 730 4974 ll,
744 4913 850 4972 2061-
862 4918 884 4963 5.
897 4913 959 4962 Voir
971 4929 997 4964 n.
1010 4915 1048 4962 15.
1059 4941 1091 4950 -
1103 4915 1126 4962 6.
1138 4914 1200 4963 Voir
1216 4927 1242 4964 n.
1262 4916 1330 4963 1713.
