<?xml version="1.0" encoding="UTF-8"?>
<!DOCTYPE html PUBLIC "-//W3C//DTD XHTML 1.0 Transitional//EN"
    "http://www.w3.org/TR/xhtml1/DTD/xhtml1-transitional.dtd">
<html xmlns="http://www.w3.org/1999/xhtml" xml:lang="en" lang="en">
 <head>
  <title>
</title>
<meta http-equiv="Content-Type" content="text/html;charset=utf-8" />
  <meta name='ocr-system' content='tesseract 3.04.00' />
  <meta name='ocr-capabilities' content='ocr_page ocr_carea ocr_par ocr_line ocrx_word'/>
</head>
<body>
  <div class='ocr_page' id='page_1' title='image "./suppliquesdeclm00berlgoog_0092.png"; bbox 0 0 3650 5675; ppageno 0'>
   <div class='ocr_carea' id='block_1_1' title="bbox 686 507 1522 585">
    <p class='ocr_par' dir='ltr' id='par_1_1' title="bbox 686 507 1522 585">
     <span class='ocr_line' id='line_1_1' title="bbox 686 507 1522 585; baseline 0.011 -10"><span class='ocrx_word' id='word_1_1' title='bbox 686 507 773 581; x_wconf 80' lang='lat'>1342,</span> <span class='ocrx_word' id='word_1_2' title='bbox 796 508 850 573; x_wconf 83' lang='grc'>2-3</span> <span class='ocrx_word' id='word_1_3' title='bbox 871 509 1000 574; x_wconf 80' lang='lat' dir='ltr'><strong>octobre.</strong></span> <span class='ocrx_word' id='word_1_4' title='bbox 1479 519 1522 585; x_wconf 78' lang='lat'>47</span> 
     </span>
    </p>
   </div>
   <div class='ocr_carea' id='block_1_2' title="bbox 153 658 1522 1157">
    <p class='ocr_par' dir='ltr' id='par_1_2' title="bbox 153 658 1522 1039">
     <span class='ocr_line' id='line_1_2' title="bbox 153 658 1521 751; baseline 0.006 -24"><span class='ocrx_word' id='word_1_5' title='bbox 153 662 257 745; x_wconf 81' lang='lat' dir='ltr'>dign,</span> <span class='ocrx_word' id='word_1_6' title='bbox 273 681 359 747; x_wconf 77' lang='lat' dir='ltr'>pers,</span> <span class='ocrx_word' id='word_1_7' title='bbox 376 661 431 726; x_wconf 89' lang='lat' dir='ltr'>vel</span> <span class='ocrx_word' id='word_1_8' title='bbox 446 658 502 726; x_wconf 85' lang='lat' dir='ltr'>off.</span> <span class='ocrx_word' id='word_1_9' title='bbox 519 659 601 726; x_wconf 91' lang='lat' dir='ltr'>eccl.</span> <span class='ocrx_word' id='word_1_10' title='bbox 618 658 845 739; x_wconf 72' lang='lat' dir='ltr'>Cameracen,</span> <span class='ocrx_word' id='word_1_11' title='bbox 861 658 1044 744; x_wconf 85' lang='lat' dir='ltr'>dignemini</span> <span class='ocrx_word' id='word_1_12' title='bbox 1054 660 1239 745; x_wconf 89' lang='lat' dir='ltr'>providere,</span> <span class='ocrx_word' id='word_1_13' title='bbox 1250 684 1318 729; x_wconf 89' lang='lat' dir='ltr'>non</span> <span class='ocrx_word' id='word_1_14' title='bbox 1332 668 1416 731; x_wconf 89' lang='lat' dir='ltr'>obst.</span> <span class='ocrx_word' id='word_1_15' title='bbox 1430 670 1521 751; x_wconf 93' lang='lat' dir='ltr'>quod</span> 
     </span>
     <span class='ocr_line' id='line_1_3' title="bbox 153 762 1522 853; baseline 0.005 -21"><span class='ocrx_word' id='word_1_16' title='bbox 153 786 230 832; x_wconf 86' lang='lat' dir='ltr'>can.</span> <span class='ocrx_word' id='word_1_17' title='bbox 247 773 282 831; x_wconf 87' lang='lat' dir='ltr'>et</span> <span class='ocrx_word' id='word_1_18' title='bbox 307 768 400 850; x_wconf 85' lang='lat' dir='ltr'><strong>preb.</strong></span> <span class='ocrx_word' id='word_1_19' title='bbox 427 764 510 830; x_wconf 90' lang='lat' dir='ltr'>eccl.</span> <span class='ocrx_word' id='word_1_20' title='bbox 527 762 711 829; x_wconf 87' lang='lat' dir='ltr'>Pictavien.</span> <span class='ocrx_word' id='word_1_21' title='bbox 727 770 762 827; x_wconf 92' lang='lat' dir='ltr'>et</span> <span class='ocrx_word' id='word_1_22' title='bbox 782 762 1129 848; x_wconf 89' lang='lat' dir='ltr'>arclripresbiteratum</span> <span class='ocrx_word' id='word_1_23' title='bbox 1150 763 1193 830; x_wconf 90' lang='lat' dir='ltr'>de</span> <span class='ocrx_word' id='word_1_24' title='bbox 1217 765 1319 853; x_wconf 86' lang='lat' dir='ltr'>Faya,</span> <span class='ocrx_word' id='word_1_25' title='bbox 1336 769 1522 839; x_wconf 86' lang='lat' dir='ltr'>Pictavien.</span> 
     </span>
     <span class='ocr_line' id='line_1_4' title="bbox 154 864 1522 952; baseline 0.007 -19"><span class='ocrx_word' id='word_1_26' title='bbox 154 870 255 949; x_wconf 80' lang='lat' dir='ltr'>dioc,</span> <span class='ocrx_word' id='word_1_27' title='bbox 271 889 311 935; x_wconf 87' lang='lat' dir='ltr'>ac</span> <span class='ocrx_word' id='word_1_28' title='bbox 342 888 416 934; x_wconf 89' lang='lat' dir='ltr'>can.</span> <span class='ocrx_word' id='word_1_29' title='bbox 441 876 475 935; x_wconf 90' lang='lat' dir='ltr'>et</span> <span class='ocrx_word' id='word_1_30' title='bbox 505 869 597 952; x_wconf 90' lang='lat' dir='ltr'><strong>preb.</strong></span> <span class='ocrx_word' id='word_1_31' title='bbox 627 867 710 931; x_wconf 90' lang='lat' dir='ltr'>eccl.</span> <span class='ocrx_word' id='word_1_32' title='bbox 740 866 783 932; x_wconf 91' lang='lat' dir='ltr'>de</span> <span class='ocrx_word' id='word_1_33' title='bbox 814 864 980 948; x_wconf 91' lang='lat' dir='ltr'>Romeno,</span> <span class='ocrx_word' id='word_1_34' title='bbox 1006 866 1215 935; x_wconf 90' lang='lat' dir='ltr'>Condomen.</span> <span class='ocrx_word' id='word_1_35' title='bbox 1245 870 1342 952; x_wconf 79' lang='lat' dir='ltr'>dioc,</span> <span class='ocrx_word' id='word_1_36' title='bbox 1374 876 1522 941; x_wconf 90' lang='lat' dir='ltr'>noscitur</span> 
     </span>
     <span class='ocr_line' id='line_1_5' title="bbox 155 970 528 1039; baseline -0.003 -1"><span class='ocrx_word' id='word_1_37' title='bbox 155 974 320 1039; x_wconf 89' lang='lat' dir='ltr'>obtinere.</span> <span class='ocrx_word' id='word_1_38' title='bbox 334 1012 379 1021; x_wconf 92' lang='lat'>—</span> <span class='ocrx_word' id='word_1_39' title='bbox 396 971 471 1036; x_wconf 89' lang='lat' dir='ltr'>Fiat</span> <span class='ocrx_word' id='word_1_40' title='bbox 488 970 528 1037; x_wconf 93' lang='lat' dir='ltr'>R.</span> 
     </span>
    </p>

    <p class='ocr_par' dir='ltr' id='par_1_3' title="bbox 201 1073 892 1157">
     <span class='ocr_line' id='line_1_6' title="bbox 201 1073 892 1157; baseline -0.003 -16"><span class='ocrx_word' id='word_1_41' title='bbox 201 1076 281 1143; x_wconf 88' lang='lat' dir='ltr'>Dat.</span> <span class='ocrx_word' id='word_1_42' title='bbox 298 1076 399 1141; x_wconf 87' lang='lat' dir='ltr'>Avin.</span> <span class='ocrx_word' id='word_1_43' title='bbox 417 1080 435 1140; x_wconf 88' lang='lat'><strong>6</strong></span> <span class='ocrx_word' id='word_1_44' title='bbox 451 1096 530 1141; x_wconf 90' lang='lat' dir='ltr'>non.</span> <span class='ocrx_word' id='word_1_45' title='bbox 547 1082 614 1140; x_wconf 92' lang='lat' dir='ltr'>oct.</span> <span class='ocrx_word' id='word_1_46' title='bbox 630 1081 663 1138; x_wconf 85' lang='lat' dir='ltr'>a⁰</span> <span class='ocrx_word' id='word_1_47' title='bbox 682 1082 722 1139; x_wconf 84' lang='lat'><strong>1⁰.</strong></span> <span class='ocrx_word' id='word_1_48' title='bbox 740 1073 784 1157; x_wconf 83' lang='grc' dir='ltr'>(Ι,</span> <span class='ocrx_word' id='word_1_49' title='bbox 802 1074 892 1157; x_wconf 85' lang='lat'><strong>226).</strong></span> 
     </span>
    </p>
   </div>
   <div class='ocr_carea' id='block_1_3' title="bbox 201 1214 1519 1418">
    <p class='ocr_par' dir='ltr' id='par_1_4' title="bbox 201 1214 1519 1418">
     <span class='ocr_line' id='line_1_7' title="bbox 207 1214 1476 1311; baseline 0 -16"><span class='ocrx_word' id='word_1_50' title='bbox 207 1214 322 1295; x_wconf 78' lang='lat'><strong>224.</strong></span> <span class='ocrx_word' id='word_1_51' title='bbox 763 1258 765 1263; x_wconf 95' lang='lat'>·</span> <span class='ocrx_word' id='word_1_52' title='bbox 1190 1246 1285 1311; x_wconf 78' lang='lat'><em>1342,</em></span> <span class='ocrx_word' id='word_1_53' title='bbox 1303 1251 1321 1292; x_wconf 90' lang='lat'><strong><em>2</em></strong></span> <span class='ocrx_word' id='word_1_54' title='bbox 1338 1231 1476 1295; x_wconf 78' lang='lat' dir='ltr'>octobre.</span> 
     </span>
     <span class='ocr_line' id='line_1_8' title="bbox 201 1326 1519 1418; baseline 0.002 -22"><span class='ocrx_word' id='word_1_55' title='bbox 201 1332 304 1417; x_wconf 90' lang='lat' dir='ltr'>Supp.</span> <span class='ocrx_word' id='word_1_56' title='bbox 328 1329 502 1407; x_wconf 90' lang='lat' dir='ltr'>Johannes</span> <span class='ocrx_word' id='word_1_57' title='bbox 525 1328 567 1393; x_wconf 93' lang='lat' dir='ltr'>de</span> <span class='ocrx_word' id='word_1_58' title='bbox 596 1326 775 1407; x_wconf 89' lang='lat' dir='ltr'>Faverolis,</span> <span class='ocrx_word' id='word_1_59' title='bbox 799 1348 886 1412; x_wconf 91' lang='lat' dir='ltr'>mag.</span> <span class='ocrx_word' id='word_1_60' title='bbox 914 1329 948 1392; x_wconf 90' lang='lat' dir='ltr'>in</span> <span class='ocrx_word' id='word_1_61' title='bbox 979 1336 1050 1408; x_wconf 77' lang='lat' dir='ltr'>art,</span> <span class='ocrx_word' id='word_1_62' title='bbox 1076 1350 1149 1394; x_wconf 88' lang='lat' dir='ltr'>cau.</span> <span class='ocrx_word' id='word_1_63' title='bbox 1177 1333 1257 1396; x_wconf 89' lang='lat' dir='ltr'>eccl.</span> <span class='ocrx_word' id='word_1_64' title='bbox 1286 1332 1317 1397; x_wconf 88' lang='lat' dir='ltr'>S.</span> <span class='ocrx_word' id='word_1_65' title='bbox 1345 1332 1519 1418; x_wconf 89' lang='lat' dir='ltr'>Gaugerici</span> 
     </span>
    </p>
   </div>
   <div class='ocr_carea' id='block_1_4' title="bbox 155 1431 1598 2451">
    <p class='ocr_par' dir='ltr' id='par_1_5' title="bbox 155 1431 1598 2451">
     <span class='ocr_line' id='line_1_9' title="bbox 157 1431 1598 1520; baseline 0.002 -21"><span class='ocrx_word' id='word_1_66' title='bbox 157 1435 398 1515; x_wconf 82' lang='lat' dir='ltr'>Cameracen.¹,</span> <span class='ocrx_word' id='word_1_67' title='bbox 414 1454 476 1518; x_wconf 94' lang='lat' dir='ltr'>pro</span> <span class='ocrx_word' id='word_1_68' title='bbox 498 1431 642 1516; x_wconf 91' lang='lat' dir='ltr'>negotiis</span> <span class='ocrx_word' id='word_1_69' title='bbox 664 1431 813 1515; x_wconf 89' lang='lat' dir='ltr'>ejusdem</span> <span class='ocrx_word' id='word_1_70' title='bbox 834 1432 974 1497; x_wconf 81' lang='lat' dir='ltr'>ecclesie</span> <span class='ocrx_word' id='word_1_71' title='bbox 989 1432 1032 1497; x_wconf 93' lang='lat' dir='ltr'>ad</span> <span class='ocrx_word' id='word_1_72' title='bbox 1048 1432 1087 1498; x_wconf 88' lang='lat' dir='ltr'>V.</span> <span class='ocrx_word' id='word_1_73' title='bbox 1104 1434 1135 1498; x_wconf 88' lang='lat' dir='ltr'>S.</span> <span class='ocrx_word' id='word_1_74' title='bbox 1151 1434 1353 1520; x_wconf 82' lang='lat' dir='ltr'>presentiam</span> <span class='ocrx_word' id='word_1_75' title='bbox 1377 1436 1520 1503; x_wconf 91' lang='lat' dir='ltr'>destina·</span> <span class='ocrx_word' id='word_1_76' title='bbox 1595 1441 1598 1445; x_wconf 83' lang='grc'><strong>’</strong></span> 
     </span>
     <span class='ocr_line' id='line_1_10' title="bbox 155 1534 1519 1622; baseline 0.003 -19"><span class='ocrx_word' id='word_1_77' title='bbox 155 1550 220 1617; x_wconf 92' lang='lat' dir='ltr'>tus,</span> <span class='ocrx_word' id='word_1_78' title='bbox 238 1547 329 1622; x_wconf 90' lang='lat' dir='ltr'>quat.</span> <span class='ocrx_word' id='word_1_79' title='bbox 345 1538 376 1602; x_wconf 92' lang='lat' dir='ltr'>ei</span> <span class='ocrx_word' id='word_1_80' title='bbox 392 1536 434 1601; x_wconf 90' lang='lat' dir='ltr'>de</span> <span class='ocrx_word' id='word_1_81' title='bbox 450 1556 523 1601; x_wconf 91' lang='lat' dir='ltr'>can.</span> <span class='ocrx_word' id='word_1_82' title='bbox 540 1535 573 1600; x_wconf 94' lang='lat' dir='ltr'>in</span> <span class='ocrx_word' id='word_1_83' title='bbox 590 1536 672 1601; x_wconf 90' lang='lat' dir='ltr'>eccl.</span> <span class='ocrx_word' id='word_1_84' title='bbox 690 1534 727 1600; x_wconf 90' lang='lat' dir='ltr'><strong>B.</strong></span> <span class='ocrx_word' id='word_1_85' title='bbox 746 1534 795 1601; x_wconf 89' lang='lat' dir='ltr'>M.</span> <span class='ocrx_word' id='word_1_86' title='bbox 810 1535 1096 1621; x_wconf 74' lang='lat' dir='ltr'>Antrerpiensis⁸,</span> <span class='ocrx_word' id='word_1_87' title='bbox 1114 1536 1328 1605; x_wconf 90' lang='lat' dir='ltr'>Cameracen.</span> <span class='ocrx_word' id='word_1_88' title='bbox 1344 1540 1441 1621; x_wconf 76' lang='lat' dir='ltr'>dioc,</span> <span class='ocrx_word' id='word_1_89' title='bbox 1460 1545 1519 1607; x_wconf 90' lang='lat' dir='ltr'>sub</span> 
     </span>
     <span class='ocr_line' id='line_1_11' title="bbox 156 1640 1520 1730; baseline 0.001 -22"><span class='ocrx_word' id='word_1_90' title='bbox 156 1665 234 1730; x_wconf 84' lang='lat' dir='ltr'>exp.</span> <span class='ocrx_word' id='word_1_91' title='bbox 250 1645 342 1728; x_wconf 92' lang='lat' dir='ltr'>preb.</span> <span class='ocrx_word' id='word_1_92' title='bbox 357 1641 540 1727; x_wconf 87' lang='lat' dir='ltr'>dignemini</span> <span class='ocrx_word' id='word_1_93' title='bbox 556 1640 742 1725; x_wconf 89' lang='lat' dir='ltr'>providere,</span> <span class='ocrx_word' id='word_1_94' title='bbox 759 1660 836 1705; x_wconf 90' lang='lat' dir='ltr'>cum</span> <span class='ocrx_word' id='word_1_95' title='bbox 851 1640 930 1705; x_wconf 89' lang='lat' dir='ltr'>data</span> <span class='ocrx_word' id='word_1_96' title='bbox 945 1641 1144 1725; x_wconf 86' lang='lat' dir='ltr'>provisionis</span> <span class='ocrx_word' id='word_1_97' title='bbox 1158 1664 1219 1727; x_wconf 90' lang='lat' dir='ltr'>per</span> <span class='ocrx_word' id='word_1_98' title='bbox 1234 1643 1264 1708; x_wconf 87' lang='lat' dir='ltr'>S.</span> <span class='ocrx_word' id='word_1_99' title='bbox 1282 1642 1321 1708; x_wconf 91' lang='lat' dir='ltr'>V.</span> <span class='ocrx_word' id='word_1_100' title='bbox 1337 1644 1426 1709; x_wconf 84' lang='lat' dir='ltr'>facte</span> <span class='ocrx_word' id='word_1_101' title='bbox 1436 1666 1520 1710; x_wconf 91' lang='lat' dir='ltr'>nun-</span> 
     </span>
     <span class='ocr_line' id='line_1_12' title="bbox 155 1742 1521 1823; baseline 0.001 -11"><span class='ocrx_word' id='word_1_102' title='bbox 155 1748 212 1812; x_wconf 86' lang='lat' dir='ltr'>tiis</span> <span class='ocrx_word' id='word_1_103' title='bbox 228 1746 452 1811; x_wconf 89' lang='lat' dir='ltr'>universitatis</span> <span class='ocrx_word' id='word_1_104' title='bbox 468 1744 670 1823; x_wconf 76' lang='lat' dir='ltr'>ParisiensiS,</span> <span class='ocrx_word' id='word_1_105' title='bbox 688 1764 764 1809; x_wconf 89' lang='lat' dir='ltr'>cum</span> <span class='ocrx_word' id='word_1_106' title='bbox 780 1742 870 1809; x_wconf 92' lang='lat' dir='ltr'>idem</span> <span class='ocrx_word' id='word_1_107' title='bbox 884 1742 905 1820; x_wconf 91' lang='lat' dir='ltr'>J</span> <span class='ocrx_word' id='word_1_108' title='bbox 908 1744 1059 1809; x_wconf 90' lang='lat' dir='ltr'>ohannes</span> <span class='ocrx_word' id='word_1_109' title='bbox 1073 1746 1197 1811; x_wconf 84' lang='lat' dir='ltr'>rexerit</span> <span class='ocrx_word' id='word_1_110' title='bbox 1223 1747 1257 1811; x_wconf 90' lang='lat' dir='ltr'>in</span> <span class='ocrx_word' id='word_1_111' title='bbox 1284 1746 1374 1813; x_wconf 90' lang='lat' dir='ltr'>dicta</span> <span class='ocrx_word' id='word_1_112' title='bbox 1389 1750 1521 1814; x_wconf 89' lang='lat' dir='ltr'>univer-</span> 
     </span>
     <span class='ocr_line' id='line_1_13' title="bbox 156 1848 1519 1935; baseline 0 -20"><span class='ocrx_word' id='word_1_113' title='bbox 156 1852 257 1917; x_wconf 87' lang='lat' dir='ltr'>sitate</span> <span class='ocrx_word' id='word_1_114' title='bbox 273 1851 420 1934; x_wconf 89' lang='lat' dir='ltr'>quinque</span> <span class='ocrx_word' id='word_1_115' title='bbox 435 1849 540 1929; x_wconf 80' lang='lat' dir='ltr'>annio,</span> <span class='ocrx_word' id='word_1_116' title='bbox 557 1848 648 1913; x_wconf 90' lang='lat' dir='ltr'>etde</span> <span class='ocrx_word' id='word_1_117' title='bbox 663 1868 764 1928; x_wconf 89' lang='lat' dir='ltr'>nov0,</span> <span class='ocrx_word' id='word_1_118' title='bbox 780 1855 859 1913; x_wconf 89' lang='lat' dir='ltr'>ante</span> <span class='ocrx_word' id='word_1_119' title='bbox 875 1849 1138 1933; x_wconf 83' lang='lat' dir='ltr'>assumptionem</span> <span class='ocrx_word' id='word_1_120' title='bbox 1153 1857 1300 1914; x_wconf 87' lang='lat' dir='ltr'>vestram</span> <span class='ocrx_word' id='word_1_121' title='bbox 1327 1849 1370 1914; x_wconf 89' lang='lat' dir='ltr'>ad</span> <span class='ocrx_word' id='word_1_122' title='bbox 1385 1859 1519 1935; x_wconf 90' lang='lat' dir='ltr'>aposto-</span> 
     </span>
     <span class='ocr_line' id='line_1_14' title="bbox 157 1951 1519 2040; baseline 0.001 -22"><span class='ocrx_word' id='word_1_123' title='bbox 157 1951 250 2020; x_wconf 86' lang='lat' dir='ltr'>latus</span> <span class='ocrx_word' id='word_1_124' title='bbox 260 1954 391 2040; x_wconf 87' lang='lat' dir='ltr'>apicem</span> <span class='ocrx_word' id='word_1_125' title='bbox 403 1961 438 2017; x_wconf 88' lang='lat' dir='ltr'>et</span> <span class='ocrx_word' id='word_1_126' title='bbox 453 1952 619 2017; x_wconf 91' lang='lat' dir='ltr'>dictorum</span> <span class='ocrx_word' id='word_1_127' title='bbox 634 1952 832 2017; x_wconf 91' lang='lat' dir='ltr'>nunciorum</span> <span class='ocrx_word' id='word_1_128' title='bbox 849 1951 1119 2033; x_wconf 83' lang='lat' dir='ltr'>destinationem,</span> <span class='ocrx_word' id='word_1_129' title='bbox 1130 1952 1173 2018; x_wconf 88' lang='lat' dir='ltr'>de</span> <span class='ocrx_word' id='word_1_130' title='bbox 1189 1952 1331 2019; x_wconf 81' lang='lat' dir='ltr'>Parisios</span> <span class='ocrx_word' id='word_1_131' title='bbox 1339 1963 1519 2022; x_wconf 87' lang='lat' dir='ltr'>recesserat</span> 
     </span>
     <span class='ocr_line' id='line_1_15' title="bbox 156 2054 1518 2143; baseline 0 -20"><span class='ocrx_word' id='word_1_132' title='bbox 156 2078 297 2143; x_wconf 88' lang='lat' dir='ltr'>regens;</span> <span class='ocrx_word' id='word_1_133' title='bbox 314 2078 382 2122; x_wconf 94' lang='lat' dir='ltr'>non</span> <span class='ocrx_word' id='word_1_134' title='bbox 399 2059 483 2123; x_wconf 88' lang='lat' dir='ltr'>obst.</span> <span class='ocrx_word' id='word_1_135' title='bbox 501 2054 591 2139; x_wconf 93' lang='lat' dir='ltr'>quod</span> <span class='ocrx_word' id='word_1_136' title='bbox 607 2055 640 2121; x_wconf 94' lang='lat' dir='ltr'>in</span> <span class='ocrx_word' id='word_1_137' title='bbox 656 2054 746 2121; x_wconf 93' lang='lat' dir='ltr'>dicta</span> <span class='ocrx_word' id='word_1_138' title='bbox 762 2055 843 2121; x_wconf 91' lang='lat' dir='ltr'>eccl.</span> <span class='ocrx_word' id='word_1_139' title='bbox 860 2055 891 2119; x_wconf 88' lang='lat' dir='ltr'>S.</span> <span class='ocrx_word' id='word_1_140' title='bbox 916 2054 1090 2139; x_wconf 85' lang='lat' dir='ltr'>Gangerici</span> <span class='ocrx_word' id='word_1_141' title='bbox 1117 2065 1241 2124; x_wconf 82' lang='lat' dir='ltr'>canet</span> <span class='ocrx_word' id='word_1_142' title='bbox 1267 2061 1369 2143; x_wconf 81' lang='lat' dir='ltr'>preb,</span> <span class='ocrx_word' id='word_1_143' title='bbox 1385 2078 1518 2125; x_wconf 87' lang='lat' dir='ltr'>necnon</span> 
     </span>
     <span class='ocr_line' id='line_1_16' title="bbox 157 2157 1519 2247; baseline 0 -20"><span class='ocrx_word' id='word_1_144' title='bbox 157 2162 276 2247; x_wconf 86' lang='lat' dir='ltr'>capell.</span> <span class='ocrx_word' id='word_1_145' title='bbox 292 2182 384 2247; x_wconf 94' lang='lat' dir='ltr'>perp.</span> <span class='ocrx_word' id='word_1_146' title='bbox 400 2160 512 2225; x_wconf 89' lang='lat' dir='ltr'>altaris</span> <span class='ocrx_word' id='word_1_147' title='bbox 528 2158 566 2225; x_wconf 93' lang='lat' dir='ltr'><strong>B.</strong></span> <span class='ocrx_word' id='word_1_148' title='bbox 584 2157 633 2224; x_wconf 91' lang='lat' dir='ltr'>M.</span> <span class='ocrx_word' id='word_1_149' title='bbox 650 2158 692 2225; x_wconf 89' lang='lat' dir='ltr'>de</span> <span class='ocrx_word' id='word_1_150' title='bbox 707 2158 830 2225; x_wconf 91' lang='lat' dir='ltr'>Thuno</span> <span class='ocrx_word' id='word_1_151' title='bbox 851 2159 883 2225; x_wconf 89' lang='lat' dir='ltr'>S.</span> <span class='ocrx_word' id='word_1_152' title='bbox 901 2157 1050 2239; x_wconf 88' lang='lat' dir='ltr'>Martini,</span> <span class='ocrx_word' id='word_1_153' title='bbox 1068 2159 1282 2243; x_wconf 79' lang='lat' dir='ltr'>Cameracen.</span> <span class='ocrx_word' id='word_1_154' title='bbox 1297 2161 1395 2242; x_wconf 85' lang='lat' dir='ltr'>dioc,</span> <span class='ocrx_word' id='word_1_155' title='bbox 1411 2164 1519 2229; x_wconf 90' lang='lat' dir='ltr'>nosci-</span> 
     </span>
     <span class='ocr_line' id='line_1_17' title="bbox 155 2262 598 2331; baseline -0.005 0"><span class='ocrx_word' id='word_1_156' title='bbox 155 2277 210 2331; x_wconf 86' lang='lat' dir='ltr'>tur</span> <span class='ocrx_word' id='word_1_157' title='bbox 227 2266 389 2331; x_wconf 88' lang='lat' dir='ltr'>obtinere.</span> <span class='ocrx_word' id='word_1_158' title='bbox 405 2305 449 2314; x_wconf 93' lang='lat'>—</span> <span class='ocrx_word' id='word_1_159' title='bbox 466 2263 541 2329; x_wconf 86' lang='lat' dir='ltr'>Fiat</span> <span class='ocrx_word' id='word_1_160' title='bbox 558 2262 598 2329; x_wconf 91' lang='lat' dir='ltr'>R.</span> 
     </span>
     <span class='ocr_line' id='line_1_18' title="bbox 200 2365 890 2451; baseline -0.001 -17"><span class='ocrx_word' id='word_1_161' title='bbox 200 2369 280 2435; x_wconf 89' lang='lat' dir='ltr'>Dat.</span> <span class='ocrx_word' id='word_1_162' title='bbox 297 2370 396 2434; x_wconf 77' lang='lat' dir='ltr'>rivin.</span> <span class='ocrx_word' id='word_1_163' title='bbox 414 2373 433 2433; x_wconf 83' lang='lat'>6</span> <span class='ocrx_word' id='word_1_164' title='bbox 449 2388 528 2433; x_wconf 91' lang='lat' dir='ltr'>non.</span> <span class='ocrx_word' id='word_1_165' title='bbox 545 2376 611 2433; x_wconf 92' lang='lat' dir='ltr'>oct.</span> <span class='ocrx_word' id='word_1_166' title='bbox 628 2375 660 2431; x_wconf 85' lang='lat' dir='ltr'>a⁰</span> <span class='ocrx_word' id='word_1_167' title='bbox 680 2374 719 2431; x_wconf 87' lang='lat'><strong>1⁰.</strong></span> <span class='ocrx_word' id='word_1_168' title='bbox 737 2365 781 2449; x_wconf 89' lang='lat' dir='ltr'>(l,</span> <span class='ocrx_word' id='word_1_169' title='bbox 800 2366 890 2451; x_wconf 87' lang='lat'><strong>233).</strong></span> 
     </span>
    </p>
   </div>
   <div class='ocr_carea' id='block_1_5' title="bbox 206 2506 1473 2602">
    <p class='ocr_par' dir='ltr' id='par_1_6' title="bbox 206 2506 1473 2602">
     <span class='ocr_line' id='line_1_19' title="bbox 206 2506 1473 2602; baseline -0.002 -15"><span class='ocrx_word' id='word_1_170' title='bbox 206 2506 317 2589; x_wconf 84' lang='lat'><strong>225.</strong></span> <span class='ocrx_word' id='word_1_171' title='bbox 1188 2538 1282 2601; x_wconf 72' lang='lat'>1342,</span> <span class='ocrx_word' id='word_1_172' title='bbox 1297 2540 1318 2602; x_wconf 75' lang='grc'><em>3</em></span> <span class='ocrx_word' id='word_1_173' title='bbox 1336 2522 1473 2585; x_wconf 84' lang='lat' dir='ltr'>octobre.</span> 
     </span>
    </p>
   </div>
   <div class='ocr_carea' id='block_1_6' title="bbox 155 2619 1522 4676">
    <p class='ocr_par' dir='ltr' id='par_1_7' title="bbox 155 2619 1522 4676">
     <span class='ocr_line' id='line_1_20' title="bbox 202 2619 1517 2705; baseline 0.002 -21"><span class='ocrx_word' id='word_1_174' title='bbox 202 2619 257 2684; x_wconf 69' lang='lat' dir='ltr'>S¹¹&#39;e</span> <span class='ocrx_word' id='word_1_175' title='bbox 275 2620 384 2685; x_wconf 89' lang='lat' dir='ltr'>Pater.</span> <span class='ocrx_word' id='word_1_176' title='bbox 401 2619 487 2684; x_wconf 90' lang='lat' dir='ltr'>Cum</span> <span class='ocrx_word' id='word_1_177' title='bbox 503 2639 609 2705; x_wconf 88' lang='lat' dir='ltr'>nuper</span> <span class='ocrx_word' id='word_1_178' title='bbox 624 2620 656 2685; x_wconf 89' lang='lat' dir='ltr'><strong>S.</strong></span> <span class='ocrx_word' id='word_1_179' title='bbox 673 2620 712 2685; x_wconf 90' lang='lat' dir='ltr'><strong>V.</strong></span> <span class='ocrx_word' id='word_1_180' title='bbox 730 2619 921 2684; x_wconf 89' lang='lat' dir='ltr'>Guidonem</span> <span class='ocrx_word' id='word_1_181' title='bbox 936 2619 979 2684; x_wconf 90' lang='lat' dir='ltr'>de</span> <span class='ocrx_word' id='word_1_182' title='bbox 995 2619 1240 2686; x_wconf 79' lang='lat' dir='ltr'>l&#39;enthodom&#39;</span> <span class='ocrx_word' id='word_1_183' title='bbox 1264 2624 1346 2688; x_wconf 91' lang='lat' dir='ltr'>eccl.</span> <span class='ocrx_word' id='word_1_184' title='bbox 1362 2622 1517 2687; x_wconf 89' lang='lat' dir='ltr'>Camera-</span> 
     </span>
     <span class='ocr_line' id='line_1_21' title="bbox 156 2723 1517 2811; baseline 0.001 -22"><span class='ocrx_word' id='word_1_185' title='bbox 156 2746 229 2789; x_wconf 90' lang='lat' dir='ltr'>cen.</span> <span class='ocrx_word' id='word_1_186' title='bbox 245 2724 421 2810; x_wconf 87' lang='lat' dir='ltr'>prefecen&#39;t</span> <span class='ocrx_word' id='word_1_187' title='bbox 437 2724 470 2788; x_wconf 93' lang='lat' dir='ltr'>in</span> <span class='ocrx_word' id='word_1_188' title='bbox 487 2725 680 2811; x_wconf 89' lang='lat' dir='ltr'>episcopum</span> <span class='ocrx_word' id='word_1_189' title='bbox 697 2731 732 2789; x_wconf 88' lang='lat' dir='ltr'>et</span> <span class='ocrx_word' id='word_1_190' title='bbox 747 2731 926 2809; x_wconf 86' lang='lat' dir='ltr'>pastorem,</span> <span class='ocrx_word' id='word_1_191' title='bbox 943 2732 977 2787; x_wconf 92' lang='lat' dir='ltr'>et</span> <span class='ocrx_word' id='word_1_192' title='bbox 1001 2725 1198 2810; x_wconf 65' lang='lat' dir='ltr'>prepositus</span> <span class='ocrx_word' id='word_1_193' title='bbox 1217 2723 1362 2788; x_wconf 89' lang='lat' dir='ltr'>decanus</span> <span class='ocrx_word' id='word_1_194' title='bbox 1386 2733 1421 2789; x_wconf 93' lang='lat' dir='ltr'>et</span> <span class='ocrx_word' id='word_1_195' title='bbox 1445 2745 1517 2811; x_wconf 94' lang='lat' dir='ltr'>cap.</span> 
     </span>
     <span class='ocr_line' id='line_1_22' title="bbox 156 2826 1517 2915; baseline 0.001 -22"><span class='ocrx_word' id='word_1_196' title='bbox 156 2828 305 2915; x_wconf 88' lang='lat' dir='ltr'>ejusdem</span> <span class='ocrx_word' id='word_1_197' title='bbox 322 2828 402 2893; x_wconf 90' lang='lat' dir='ltr'>eccl.</span> <span class='ocrx_word' id='word_1_198' title='bbox 419 2836 567 2894; x_wconf 87' lang='lat' dir='ltr'>asserant</span> <span class='ocrx_word' id='word_1_199' title='bbox 583 2849 618 2893; x_wconf 88' lang='lat' dir='ltr'>se</span> <span class='ocrx_word' id='word_1_200' title='bbox 634 2851 675 2893; x_wconf 89' lang='lat' dir='ltr'>ex</span> <span class='ocrx_word' id='word_1_201' title='bbox 699 2828 873 2914; x_wconf 88' lang='lat' dir='ltr'>privilegio</span> <span class='ocrx_word' id='word_1_202' title='bbox 897 2848 956 2893; x_wconf 89' lang='lat' dir='ltr'>seu</span> <span class='ocrx_word' id='word_1_203' title='bbox 981 2826 1221 2893; x_wconf 89' lang='lat' dir='ltr'>consuetudine</span> <span class='ocrx_word' id='word_1_204' title='bbox 1241 2835 1299 2893; x_wconf 87' lang='lat' dir='ltr'>aut</span> <span class='ocrx_word' id='word_1_205' title='bbox 1323 2835 1450 2894; x_wconf 91' lang='lat' dir='ltr'>statuto</span> <span class='ocrx_word' id='word_1_206' title='bbox 1475 2828 1517 2894; x_wconf 89' lang='lat' dir='ltr'>ad</span> 
     </span>
     <span class='ocr_line' id='line_1_23' title="bbox 155 2930 1518 3019; baseline 0.001 -24"><span class='ocrx_word' id='word_1_207' title='bbox 155 2933 386 3018; x_wconf 89' lang='lat' dir='ltr'>receptionem</span> <span class='ocrx_word' id='word_1_208' title='bbox 401 2933 482 2997; x_wconf 87' lang='lat' dir='ltr'>novi</span> <span class='ocrx_word' id='word_1_209' title='bbox 500 2932 648 3019; x_wconf 89' lang='lat' dir='ltr'>episcopi</span> <span class='ocrx_word' id='word_1_210' title='bbox 675 2953 733 2996; x_wconf 89' lang='lat' dir='ltr'>seu</span> <span class='ocrx_word' id='word_1_211' title='bbox 757 2932 855 2996; x_wconf 90' lang='lat' dir='ltr'>electi</span> <span class='ocrx_word' id='word_1_212' title='bbox 884 2930 1098 2997; x_wconf 88' lang='lat' dir='ltr'>Cameracen.</span> <span class='ocrx_word' id='word_1_213' title='bbox 1122 2952 1191 2997; x_wconf 91' lang='lat' dir='ltr'>non</span> <span class='ocrx_word' id='word_1_214' title='bbox 1215 2932 1332 3012; x_wconf 91' lang='lat' dir='ltr'>teneri,</span> <span class='ocrx_word' id='word_1_215' title='bbox 1348 2932 1409 2996; x_wconf 89' lang='lat' dir='ltr'>nisi</span> <span class='ocrx_word' id='word_1_216' title='bbox 1433 2933 1518 3018; x_wconf 91' lang='lat' dir='ltr'>epis-</span> 
     </span>
     <span class='ocr_line' id='line_1_24' title="bbox 156 3034 1517 3121; baseline 0.001 -22"><span class='ocrx_word' id='word_1_217' title='bbox 156 3055 261 3121; x_wconf 89' lang='lat' dir='ltr'>copus</span> <span class='ocrx_word' id='word_1_218' title='bbox 276 3035 330 3098; x_wconf 85' lang='lat' dir='ltr'>vel</span> <span class='ocrx_word' id='word_1_219' title='bbox 353 3036 480 3100; x_wconf 89' lang='lat' dir='ltr'>electus</span> <span class='ocrx_word' id='word_1_220' title='bbox 502 3035 690 3120; x_wconf 91' lang='lat' dir='ltr'>hujusmodi</span> <span class='ocrx_word' id='word_1_221' title='bbox 707 3034 851 3101; x_wconf 89' lang='lat' dir='ltr'>doceant</span> <span class='ocrx_word' id='word_1_222' title='bbox 867 3056 902 3100; x_wconf 92' lang='lat' dir='ltr'>se</span> <span class='ocrx_word' id='word_1_223' title='bbox 918 3036 1008 3120; x_wconf 90' lang='lat' dir='ltr'>prius</span> <span class='ocrx_word' id='word_1_224' title='bbox 1027 3034 1219 3119; x_wconf 88' lang='lat' dir='ltr'>imperatori</span> <span class='ocrx_word' id='word_1_225' title='bbox 1235 3055 1294 3099; x_wconf 90' lang='lat' dir='ltr'>seu</span> <span class='ocrx_word' id='word_1_226' title='bbox 1309 3035 1377 3120; x_wconf 93' lang='lat' dir='ltr'>regi</span> <span class='ocrx_word' id='word_1_227' title='bbox 1395 3035 1517 3101; x_wconf 90' lang='lat' dir='ltr'>Roma-</span> 
     </span>
     <span class='ocr_line' id='line_1_25' title="bbox 155 3137 1516 3225; baseline 0.001 -23"><span class='ocrx_word' id='word_1_228' title='bbox 155 3160 276 3204; x_wconf 89' lang='lat' dir='ltr'>norum</span> <span class='ocrx_word' id='word_1_229' title='bbox 293 3137 408 3203; x_wconf 86' lang='lat' dir='ltr'>fecisse</span> <span class='ocrx_word' id='word_1_230' title='bbox 423 3139 617 3224; x_wconf 86' lang='lat' dir='ltr'>homagium</span> <span class='ocrx_word' id='word_1_231' title='bbox 633 3160 673 3204; x_wconf 90' lang='lat' dir='ltr'>ac</span> <span class='ocrx_word' id='word_1_232' title='bbox 689 3139 859 3204; x_wconf 90' lang='lat' dir='ltr'>fidelitatis</span> <span class='ocrx_word' id='word_1_233' title='bbox 870 3140 1096 3223; x_wconf 90' lang='lat' dir='ltr'>juramentum</span> <span class='ocrx_word' id='word_1_234' title='bbox 1113 3139 1296 3225; x_wconf 89' lang='lat' dir='ltr'>prestitisse</span> <span class='ocrx_word' id='word_1_235' title='bbox 1311 3161 1319 3218; x_wconf 88' lang='lat'>;</span> <span class='ocrx_word' id='word_1_236' title='bbox 1332 3139 1431 3224; x_wconf 92' lang='lat' dir='ltr'>idque</span> <span class='ocrx_word' id='word_1_237' title='bbox 1447 3139 1516 3204; x_wconf 85' lang='lat' dir='ltr'>fieri</span> 
     </span>
     <span class='ocr_line' id='line_1_26' title="bbox 156 3240 1517 3328; baseline 0 -22"><span class='ocrx_word' id='word_1_238' title='bbox 156 3250 301 3327; x_wconf 84' lang='lat' dir='ltr'>nequeat</span> <span class='ocrx_word' id='word_1_239' title='bbox 316 3263 378 3328; x_wconf 91' lang='lat' dir='ltr'>pro</span> <span class='ocrx_word' id='word_1_240' title='bbox 394 3262 435 3306; x_wconf 92' lang='lat' dir='ltr'>eo</span> <span class='ocrx_word' id='word_1_241' title='bbox 452 3241 541 3325; x_wconf 92' lang='lat' dir='ltr'>quod</span> <span class='ocrx_word' id='word_1_242' title='bbox 557 3242 599 3307; x_wconf 89' lang='lat' dir='ltr'>ad</span> <span class='ocrx_word' id='word_1_243' title='bbox 623 3261 758 3328; x_wconf 88' lang='lat' dir='ltr'>presens</span> <span class='ocrx_word' id='word_1_244' title='bbox 774 3241 816 3306; x_wconf 90' lang='lat' dir='ltr'>de</span> <span class='ocrx_word' id='word_1_245' title='bbox 839 3242 912 3326; x_wconf 87' lang='lat' dir='ltr'>jure</span> <span class='ocrx_word' id='word_1_246' title='bbox 941 3240 1132 3306; x_wconf 89' lang='lat' dir='ltr'>Romanum</span> <span class='ocrx_word' id='word_1_247' title='bbox 1156 3249 1254 3307; x_wconf 88' lang='lat' dir='ltr'>vacat</span> <span class='ocrx_word' id='word_1_248' title='bbox 1281 3242 1466 3326; x_wconf 89' lang='lat' dir='ltr'>imperium,</span> <span class='ocrx_word' id='word_1_249' title='bbox 1483 3251 1517 3307; x_wconf 89' lang='lat' dir='ltr'>et</span> 
     </span>
     <span class='ocr_line' id='line_1_27' title="bbox 157 3343 1517 3430; baseline 0 -21"><span class='ocrx_word' id='word_1_250' title='bbox 157 3347 226 3430; x_wconf 87' lang='lat' dir='ltr'>ejus</span> <span class='ocrx_word' id='word_1_251' title='bbox 240 3345 438 3430; x_wconf 88' lang='lat' dir='ltr'>gubernatio</span> <span class='ocrx_word' id='word_1_252' title='bbox 454 3353 488 3410; x_wconf 91' lang='lat' dir='ltr'>et</span> <span class='ocrx_word' id='word_1_253' title='bbox 504 3344 747 3410; x_wconf 87' lang='lat' dir='ltr'>administratio</span> <span class='ocrx_word' id='word_1_254' title='bbox 763 3353 813 3408; x_wconf 89' lang='lat' dir='ltr'>est</span> <span class='ocrx_word' id='word_1_255' title='bbox 829 3344 862 3408; x_wconf 88' lang='lat' dir='ltr'>in</span> <span class='ocrx_word' id='word_1_256' title='bbox 879 3352 990 3408; x_wconf 84' lang='lat' dir='ltr'>vestre</span> <span class='ocrx_word' id='word_1_257' title='bbox 1005 3345 1158 3409; x_wconf 90' lang='lat' dir='ltr'>manibus</span> <span class='ocrx_word' id='word_1_258' title='bbox 1174 3343 1387 3423; x_wconf 89' lang='lat' dir='ltr'>Sanctitatis;</span> <span class='ocrx_word' id='word_1_259' title='bbox 1404 3343 1517 3430; x_wconf 92' lang='lat' dir='ltr'>digne-</span> 
     </span>
     <span class='ocr_line' id='line_1_28' title="bbox 157 3447 1516 3535; baseline 0.001 -23"><span class='ocrx_word' id='word_1_260' title='bbox 157 3449 237 3513; x_wconf 90' lang='lat' dir='ltr'>mini</span> <span class='ocrx_word' id='word_1_261' title='bbox 263 3448 374 3513; x_wconf 89' lang='lat' dir='ltr'>eidem</span> <span class='ocrx_word' id='word_1_262' title='bbox 404 3447 548 3513; x_wconf 89' lang='lat' dir='ltr'>Guidoni</span> <span class='ocrx_word' id='word_1_263' title='bbox 573 3468 633 3535; x_wconf 92' lang='lat' dir='ltr'>per</span> <span class='ocrx_word' id='word_1_264' title='bbox 664 3458 790 3514; x_wconf 81' lang='lat' dir='ltr'>vestras</span> <span class='ocrx_word' id='word_1_265' title='bbox 819 3449 948 3513; x_wconf 92' lang='lat' dir='ltr'>litteras</span> <span class='ocrx_word' id='word_1_266' title='bbox 978 3447 1158 3532; x_wconf 88' lang='lat' dir='ltr'>indulgere,</span> <span class='ocrx_word' id='word_1_267' title='bbox 1190 3456 1226 3512; x_wconf 91' lang='lat' dir='ltr'>ut</span> <span class='ocrx_word' id='word_1_268' title='bbox 1252 3447 1295 3513; x_wconf 94' lang='lat' dir='ltr'>ad</span> <span class='ocrx_word' id='word_1_269' title='bbox 1324 3449 1516 3534; x_wconf 90' lang='lat' dir='ltr'>homagium</span> 
     </span>
     <span class='ocr_line' id='line_1_29' title="bbox 158 3551 1518 3639; baseline 0.001 -23"><span class='ocrx_word' id='word_1_270' title='bbox 158 3551 356 3633; x_wconf 83' lang='lat' dir='ltr'>faciendum,</span> <span class='ocrx_word' id='word_1_271' title='bbox 384 3552 610 3636; x_wconf 83' lang='lat' dir='ltr'>juramentum</span> <span class='ocrx_word' id='word_1_272' title='bbox 636 3552 853 3639; x_wconf 90' lang='lat' dir='ltr'>prestandum</span> <span class='ocrx_word' id='word_1_273' title='bbox 883 3551 1034 3638; x_wconf 90' lang='lat' dir='ltr'>predicta</span> <span class='ocrx_word' id='word_1_274' title='bbox 1057 3573 1127 3616; x_wconf 89' lang='lat' dir='ltr'>non</span> <span class='ocrx_word' id='word_1_275' title='bbox 1153 3560 1315 3634; x_wconf 81' lang='lat' dir='ltr'>terreatur,</span> <span class='ocrx_word' id='word_1_276' title='bbox 1347 3574 1518 3638; x_wconf 89' lang='lat' dir='ltr'>quousque</span> 
     </span>
     <span class='ocr_line' id='line_1_30' title="bbox 157 3654 1517 3743; baseline 0.001 -24"><span class='ocrx_word' id='word_1_277' title='bbox 157 3676 214 3720; x_wconf 87' lang='lat' dir='ltr'>rex</span> <span class='ocrx_word' id='word_1_278' title='bbox 230 3655 460 3722; x_wconf 88' lang='lat' dir='ltr'>Rornanorum</span> <span class='ocrx_word' id='word_1_279' title='bbox 476 3665 533 3721; x_wconf 90' lang='lat' dir='ltr'>aut</span> <span class='ocrx_word' id='word_1_280' title='bbox 548 3656 730 3743; x_wconf 88' lang='lat' dir='ltr'>imperator</span> <span class='ocrx_word' id='word_1_281' title='bbox 745 3655 913 3740; x_wconf 90' lang='lat' dir='ltr'>legitimus</span> <span class='ocrx_word' id='word_1_282' title='bbox 928 3655 1050 3720; x_wconf 83' lang='lat' dir='ltr'>firerint</span> <span class='ocrx_word' id='word_1_283' title='bbox 1066 3675 1125 3740; x_wconf 92' lang='lat' dir='ltr'>per</span> <span class='ocrx_word' id='word_1_284' title='bbox 1142 3654 1330 3722; x_wconf 88' lang='lat' dir='ltr'>Romanam</span> <span class='ocrx_word' id='word_1_285' title='bbox 1342 3656 1517 3722; x_wconf 90' lang='lat' dir='ltr'>ecclesiam</span> 
     </span>
     <span class='ocr_line' id='line_1_31' title="bbox 157 3759 1518 3846; baseline -0.001 -22"><span class='ocrx_word' id='word_1_286' title='bbox 157 3759 342 3846; x_wconf 90' lang='lat' dir='ltr'>approbati,</span> <span class='ocrx_word' id='word_1_287' title='bbox 359 3781 398 3825; x_wconf 87' lang='lat' dir='ltr'>ac</span> <span class='ocrx_word' id='word_1_288' title='bbox 414 3759 592 3826; x_wconf 88' lang='lat' dir='ltr'>decemere</span> <span class='ocrx_word' id='word_1_289' title='bbox 619 3768 706 3825; x_wconf 89' lang='lat' dir='ltr'>auct.</span> <span class='ocrx_word' id='word_1_290' title='bbox 723 3768 830 3845; x_wconf 86' lang='lat' dir='ltr'>apost.</span> <span class='ocrx_word' id='word_1_291' title='bbox 847 3767 882 3823; x_wconf 92' lang='lat' dir='ltr'>et</span> <span class='ocrx_word' id='word_1_292' title='bbox 906 3759 948 3825; x_wconf 93' lang='lat' dir='ltr'>de</span> <span class='ocrx_word' id='word_1_293' title='bbox 972 3759 1180 3844; x_wconf 88' lang='lat' dir='ltr'>plenitudine</span> <span class='ocrx_word' id='word_1_294' title='bbox 1207 3761 1393 3846; x_wconf 65' lang='lat' dir='ltr'>potestatis</span> <span class='ocrx_word' id='word_1_295' title='bbox 1410 3760 1518 3843; x_wconf 91' lang='lat' dir='ltr'>ipsum</span> 
     </span>
     <span class='ocr_line' id='line_1_32' title="bbox 157 3863 1519 3951; baseline -0.001 -24"><span class='ocrx_word' id='word_1_296' title='bbox 157 3864 301 3929; x_wconf 87' lang='lat' dir='ltr'>electum</span> <span class='ocrx_word' id='word_1_297' title='bbox 318 3883 358 3928; x_wconf 87' lang='lat' dir='ltr'>ac</span> <span class='ocrx_word' id='word_1_298' title='bbox 374 3864 515 3929; x_wconf 87' lang='lat' dir='ltr'>vicarios</span> <span class='ocrx_word' id='word_1_299' title='bbox 530 3873 564 3928; x_wconf 91' lang='lat' dir='ltr'>et</span> <span class='ocrx_word' id='word_1_300' title='bbox 579 3873 811 3951; x_wconf 90' lang='lat' dir='ltr'>procuratores</span> <span class='ocrx_word' id='word_1_301' title='bbox 829 3883 916 3944; x_wconf 90' lang='lat' dir='ltr'>suos,</span> <span class='ocrx_word' id='word_1_302' title='bbox 932 3871 1069 3943; x_wconf 88' lang='lat' dir='ltr'>statuto,</span> <span class='ocrx_word' id='word_1_303' title='bbox 1091 3863 1264 3946; x_wconf 90' lang='lat' dir='ltr'>privilegio</span> <span class='ocrx_word' id='word_1_304' title='bbox 1280 3869 1314 3925; x_wconf 88' lang='lat' dir='ltr'>et</span> <span class='ocrx_word' id='word_1_305' title='bbox 1342 3869 1519 3927; x_wconf 90' lang='lat' dir='ltr'>cousuetu-</span> 
     </span>
     <span class='ocr_line' id='line_1_33' title="bbox 157 3964 1518 4052; baseline -0.002 -21"><span class='ocrx_word' id='word_1_306' title='bbox 157 3967 233 4032; x_wconf 91' lang='lat' dir='ltr'>dine</span> <span class='ocrx_word' id='word_1_307' title='bbox 257 3967 454 4052; x_wconf 88' lang='lat' dir='ltr'>supradictis</span> <span class='ocrx_word' id='word_1_308' title='bbox 471 3987 682 4051; x_wconf 90' lang='lat' dir='ltr'>nequaquam</span> <span class='ocrx_word' id='word_1_309' title='bbox 707 3967 926 4046; x_wconf 85' lang='lat' dir='ltr'>obstantibus,</span> <span class='ocrx_word' id='word_1_310' title='bbox 942 3987 1002 4051; x_wconf 90' lang='lat' dir='ltr'>per</span> <span class='ocrx_word' id='word_1_311' title='bbox 1027 3966 1116 4051; x_wconf 89' lang='lat' dir='ltr'>ipsos</span> <span class='ocrx_word' id='word_1_312' title='bbox 1143 3964 1325 4049; x_wconf 91' lang='lat' dir='ltr'>capitulum</span> <span class='ocrx_word' id='word_1_313' title='bbox 1341 3972 1374 4027; x_wconf 89' lang='lat' dir='ltr'>et</span> <span class='ocrx_word' id='word_1_314' title='bbox 1402 3984 1518 4028; x_wconf 89' lang='lat' dir='ltr'>omnes</span> 
     </span>
     <span class='ocr_line' id='line_1_34' title="bbox 158 4067 1518 4158; baseline -0.001 -25"><span class='ocrx_word' id='word_1_315' title='bbox 158 4069 307 4134; x_wconf 88' lang='lat' dir='ltr'>subditos</span> <span class='ocrx_word' id='word_1_316' title='bbox 327 4069 429 4154; x_wconf 92' lang='lat' dir='ltr'>ipsius</span> <span class='ocrx_word' id='word_1_317' title='bbox 440 4068 653 4137; x_wconf 88' lang='lat' dir='ltr'>Cameracen.</span> <span class='ocrx_word' id='word_1_318' title='bbox 664 4071 804 4136; x_wconf 90' lang='lat' dir='ltr'>ecclesie</span> <span class='ocrx_word' id='word_1_319' title='bbox 817 4070 955 4155; x_wconf 89' lang='lat' dir='ltr'>perinde</span> <span class='ocrx_word' id='word_1_320' title='bbox 977 4070 1020 4135; x_wconf 89' lang='lat' dir='ltr'>ad</span> <span class='ocrx_word' id='word_1_321' title='bbox 1038 4069 1283 4158; x_wconf 90' lang='lat' dir='ltr'>possessionem</span> <span class='ocrx_word' id='word_1_322' title='bbox 1306 4067 1518 4152; x_wconf 88' lang='lat' dir='ltr'>episcopatus</span> 
     </span>
     <span class='ocr_line' id='line_1_35' title="bbox 158 4169 1519 4261; baseline 0.001 -25"><span class='ocrx_word' id='word_1_323' title='bbox 158 4171 205 4236; x_wconf 91' lang='lat' dir='ltr'>sui</span> <span class='ocrx_word' id='word_1_324' title='bbox 227 4171 454 4256; x_wconf 89' lang='lat' dir='ltr'>Cameracen.,</span> <span class='ocrx_word' id='word_1_325' title='bbox 470 4182 505 4239; x_wconf 88' lang='lat' dir='ltr'>et</span> <span class='ocrx_word' id='word_1_326' title='bbox 520 4175 771 4261; x_wconf 90' lang='lat' dir='ltr'>perceptionem</span> <span class='ocrx_word' id='word_1_327' title='bbox 788 4174 951 4258; x_wconf 89' lang='lat' dir='ltr'>integram</span> <span class='ocrx_word' id='word_1_328' title='bbox 976 4173 1151 4252; x_wconf 87' lang='lat' dir='ltr'>fructuum,</span> <span class='ocrx_word' id='word_1_329' title='bbox 1177 4169 1367 4235; x_wconf 89' lang='lat' dir='ltr'>reddituum</span> <span class='ocrx_word' id='word_1_330' title='bbox 1389 4178 1424 4234; x_wconf 91' lang='lat' dir='ltr'>et</span> <span class='ocrx_word' id='word_1_331' title='bbox 1442 4190 1519 4254; x_wconf 90' lang='lat' dir='ltr'>pro·</span> 
     </span>
     <span class='ocr_line' id='line_1_36' title="bbox 158 4273 1517 4365; baseline -0.002 -25"><span class='ocrx_word' id='word_1_332' title='bbox 158 4285 319 4341; x_wconf 78' lang='lat' dir='ltr'>vencnum</span> <span class='ocrx_word' id='word_1_333' title='bbox 335 4297 452 4343; x_wconf 90' lang='lat' dir='ltr'>mense</span> <span class='ocrx_word' id='word_1_334' title='bbox 468 4279 665 4365; x_wconf 89' lang='lat' dir='ltr'>episcopalis</span> <span class='ocrx_word' id='word_1_335' title='bbox 681 4277 895 4344; x_wconf 89' lang='lat' dir='ltr'>Cameracen.</span> <span class='ocrx_word' id='word_1_336' title='bbox 911 4275 1050 4364; x_wconf 88' lang='lat' dir='ltr'>pacifice</span> <span class='ocrx_word' id='word_1_337' title='bbox 1071 4283 1106 4339; x_wconf 90' lang='lat' dir='ltr'>et</span> <span class='ocrx_word' id='word_1_338' title='bbox 1120 4275 1223 4340; x_wconf 91' lang='lat' dir='ltr'>libere</span> <span class='ocrx_word' id='word_1_339' title='bbox 1246 4293 1378 4339; x_wconf 86' lang='lat' dir='ltr'>exnunc</span> <span class='ocrx_word' id='word_1_340' title='bbox 1398 4273 1517 4339; x_wconf 88' lang='lat' dir='ltr'>admit-</span> 
     </span>
     <span class='ocr_line' id='line_1_37' title="bbox 157 4376 1518 4467; baseline -0.001 -23"><span class='ocrx_word' id='word_1_341' title='bbox 157 4381 278 4446; x_wconf 88' lang='lat' dir='ltr'>tendos</span> <span class='ocrx_word' id='word_1_342' title='bbox 304 4379 384 4462; x_wconf 87' lang='lat' dir='ltr'>iore,</span> <span class='ocrx_word' id='word_1_343' title='bbox 401 4403 440 4447; x_wconf 89' lang='lat' dir='ltr'>ac</span> <span class='ocrx_word' id='word_1_344' title='bbox 463 4382 489 4447; x_wconf 92' lang='lat' dir='ltr'>si</span> <span class='ocrx_word' id='word_1_345' title='bbox 514 4382 602 4447; x_wconf 89' lang='lat' dir='ltr'>idem</span> <span class='ocrx_word' id='word_1_346' title='bbox 618 4383 744 4448; x_wconf 90' lang='lat' dir='ltr'>electus</span> <span class='ocrx_word' id='word_1_347' title='bbox 759 4383 827 4466; x_wconf 91' lang='lat' dir='ltr'>regi</span> <span class='ocrx_word' id='word_1_348' title='bbox 844 4381 897 4447; x_wconf 88' lang='lat' dir='ltr'>vel</span> <span class='ocrx_word' id='word_1_349' title='bbox 914 4379 1105 4467; x_wconf 89' lang='lat' dir='ltr'>imperatori</span> <span class='ocrx_word' id='word_1_350' title='bbox 1124 4379 1351 4444; x_wconf 84' lang='lat' dir='ltr'>Romanorum</span> <span class='ocrx_word' id='word_1_351' title='bbox 1367 4376 1518 4462; x_wconf 90' lang='lat' dir='ltr'>legitimo</span> 
     </span>
     <span class='ocr_line' id='line_1_38' title="bbox 159 4480 1518 4571; baseline 0.001 -25"><span class='ocrx_word' id='word_1_352' title='bbox 159 4483 289 4550; x_wconf 86' lang='lat' dir='ltr'>fecisset</span> <span class='ocrx_word' id='word_1_353' title='bbox 319 4485 513 4571; x_wconf 78' lang='lat' dir='ltr'>homagirnn</span> <span class='ocrx_word' id='word_1_354' title='bbox 537 4493 572 4551; x_wconf 89' lang='lat' dir='ltr'>et</span> <span class='ocrx_word' id='word_1_355' title='bbox 593 4487 819 4571; x_wconf 86' lang='lat' dir='ltr'>juramentum</span> <span class='ocrx_word' id='word_1_356' title='bbox 844 4483 1033 4570; x_wconf 86' lang='lat' dir='ltr'>hujusmodi</span> <span class='ocrx_word' id='word_1_357' title='bbox 1057 4481 1266 4570; x_wconf 88' lang='lat' dir='ltr'>prestitisset,</span> <span class='ocrx_word' id='word_1_358' title='bbox 1291 4501 1330 4546; x_wconf 90' lang='lat' dir='ltr'>ac</span> <span class='ocrx_word' id='word_1_359' title='bbox 1356 4480 1398 4545; x_wconf 90' lang='lat' dir='ltr'>de</span> <span class='ocrx_word' id='word_1_360' title='bbox 1428 4481 1518 4547; x_wconf 85' lang='lat' dir='ltr'>facto</span> 
     </span>
     <span class='ocr_line' id='line_1_39' title="bbox 158 4586 1522 4676; baseline -0.001 -23"><span class='ocrx_word' id='word_1_361' title='bbox 158 4587 314 4674; x_wconf 85' lang='lat' dir='ltr'>homagio</span> <span class='ocrx_word' id='word_1_362' title='bbox 344 4598 380 4654; x_wconf 91' lang='lat' dir='ltr'>et</span> <span class='ocrx_word' id='word_1_363' title='bbox 405 4590 596 4674; x_wconf 88' lang='lat' dir='ltr'>juramento</span> <span class='ocrx_word' id='word_1_364' title='bbox 626 4589 813 4675; x_wconf 89' lang='lat' dir='ltr'>hujusmodi</span> <span class='ocrx_word' id='word_1_365' title='bbox 838 4589 980 4676; x_wconf 89' lang='lat' dir='ltr'>prestito</span> <span class='ocrx_word' id='word_1_366' title='bbox 1015 4587 1147 4652; x_wconf 85' lang='lat' dir='ltr'>fecisset</span> <span class='ocrx_word' id='word_1_367' title='bbox 1170 4586 1306 4672; x_wconf 85' lang='lat' dir='ltr'>prefatis</span> <span class='ocrx_word' id='word_1_368' title='bbox 1336 4587 1522 4670; x_wconf 84' lang='lat' dir='ltr'>preposit0,</span> 
     </span>
    </p>
   </div>
   <div class='ocr_carea' id='block_1_7' title="bbox 191 4776 524 4838">
    <p class='ocr_par' dir='ltr' id='par_1_8' title="bbox 191 4776 524 4838">
     <span class='ocr_line' id='line_1_40' title="bbox 191 4776 524 4838; baseline 0.021 -16"><span class='ocrx_word' id='word_1_369' title='bbox 191 4778 215 4834; x_wconf 80' lang='lat' dir='ltr'>a)</span> <span class='ocrx_word' id='word_1_370' title='bbox 230 4777 287 4826; x_wconf 84' lang='lat' dir='ltr'>(od.</span> <span class='ocrx_word' id='word_1_371' title='bbox 299 4776 524 4838; x_wconf 80' lang='lat' dir='ltr'>Antvobergensis.</span> 
     </span>
    </p>
   </div>
   <div class='ocr_carea' id='block_1_8' title="bbox 163 4892 231 4903">
    <p class='ocr_par' dir='ltr' id='par_1_9' title="bbox 163 4892 231 4903">
     <span class='ocr_line' id='line_1_41' title="bbox 163 4892 231 4903; baseline 0.015 -1"><span class='ocrx_word' id='word_1_372' title='bbox 163 4892 231 4903; x_wconf 46' lang='grc' dir='ltr'>ψ-</span> 
     </span>
    </p>
   </div>
   <div class='ocr_carea' id='block_1_9' title="bbox 191 4962 679 5022">
    <p class='ocr_par' dir='ltr' id='par_1_10' title="bbox 191 4962 679 5022">
     <span class='ocr_line' id='line_1_42' title="bbox 191 4962 679 5022; baseline 0.006 -12"><span class='ocrx_word' id='word_1_373' title='bbox 191 4963 212 5010; x_wconf 90' lang='lat'><strong>1.</strong></span> <span class='ocrx_word' id='word_1_374' title='bbox 226 4962 306 5022; x_wconf 66' lang='lat' dir='ltr'>verrat,</span> <span class='ocrx_word' id='word_1_375' title='bbox 318 4977 344 5011; x_wconf 83' lang='lat' dir='ltr'>n.</span> <span class='ocrx_word' id='word_1_376' title='bbox 356 4965 467 5012; x_wconf 73' lang='lat' dir='ltr'>oror-</span> <span class='ocrx_word' id='word_1_377' title='bbox 479 4967 501 5013; x_wconf 83' lang='lat' dir='ltr'>e.</span> <span class='ocrx_word' id='word_1_378' title='bbox 514 4963 576 5010; x_wconf 73' lang='lat' dir='ltr'>von</span> <span class='ocrx_word' id='word_1_379' title='bbox 588 4979 611 5012; x_wconf 81' lang='lat' dir='ltr'>n.</span> <span class='ocrx_word' id='word_1_380' title='bbox 624 4967 679 5013; x_wconf 81' lang='lat' dir='ltr'>eoo.</span> 
     </span>
    </p>
   </div>
   <div class='ocr_carea' id='block_1_10' title="bbox 0 0 1834 5675">
    <p class='ocr_par' dir='ltr' id='par_1_11' title="bbox 0 0 1834 5675">
     <span class='ocr_line' id='line_1_43' title="bbox 0 0 1834 5675; baseline 0 0"><span class='ocrx_word' id='word_1_381' title='bbox 0 0 1834 5675; x_wconf 95' lang='lat' dir='ltr'> </span> 
     </span>
    </p>
   </div>
  </div>
 </body>
</html>
