3650 5675
291 542 346 605 172
846 542 932 617 1344,
957 544 1006 608 2·8
1029 543 1098 608 mai.

343 691 449 774 725·
1385 726 1479 792 1544,
1496 730 1515 772 2
1532 712 1610 775 mai.

334 809 435 895 Supp.
467 808 620 874 Sicardus
635 807 677 873 de
693 806 842 889 Virsac0,
858 828 966 893 nuper
981 828 1055 873 can.
1071 807 1295 893 prebendatus
1317 817 1353 874 et
1367 809 1440 876 dec.
1467 814 1549 877 eccl.
1573 811 1653 878 Bar-

291 912 470 978 chinonen.
486 919 521 977 et
540 911 737 977 Franciscus
753 910 872 993 Rome,
893 911 1150 998 archipresbiter
1176 911 1218 976 de
1243 911 1522 998 Champanhaco,
1539 914 1653 982 Petra·

289 1017 435 1100 goricen.
446 1016 544 1097 dioc,
557 1024 594 1080 ut
609 1036 686 1081 curn
703 1015 764 1100 ipsi
780 1035 838 1080 sua
848 1014 940 1081 dicta
954 1016 1119 1082 beneficia
1128 1037 1170 1080 ex
1186 1035 1288 1081 causa
1297 1018 1553 1103 permutationis
1568 1020 1655 1086 inter

290 1120 379 1205 ipsos
394 1120 546 1186 faciende
560 1119 716 1185 duxerint
731 1119 942 1204 resignanda,
958 1119 1126 1205 prefatum
1142 1119 1491 1206 archipresbiteratum
1518 1124 1654 1191 Sicardo

290 1232 324 1289 et
348 1223 457 1289 dictos
482 1244 555 1289 can.
572 1232 607 1288 et
622 1226 714 1309 preb.
738 1230 773 1287 et
799 1223 1005 1288 decanatum
1032 1222 1142 1288 eidem
1166 1222 1347 1289 Francisco
1374 1226 1524 1291 conferre
1540 1226 1653 1312 digne·

289 1328 393 1407 mini;
418 1348 488 1392 non
513 1330 599 1393 obst.
624 1326 715 1411 quod
739 1325 828 1391 idem
849 1326 1002 1392 Sicardus
1026 1347 1100 1392 can.
1116 1335 1151 1392 et
1175 1330 1267 1412 preb.
1283 1327 1317 1391 in
1343 1326 1589 1415 Rothomagen.
1619 1340 1655 1396 et

291 1432 506 1497 Carneracen.
537 1432 618 1497 eccl.
649 1440 684 1496 et
708 1431 893 1496 scolaniam
923 1430 965 1496 de
997 1430 1206 1513 Marsanaco,
1237 1430 1323 1496 dioc.
1354 1430 1591 1515 Conseranen,
1613 1456 1654 1501 ac

291 1534 411 1619 capell.
424 1534 456 1598 in
474 1535 556 1600 eccl.
572 1534 604 1599 S.
621 1533 767 1620 Caprasii
783 1534 826 1599 de
841 1537 986 1619 Agenno
1008 1543 1042 1599 et
1053 1533 1142 1599 idern
1153 1533 1349 1600 Franciscus
1358 1537 1600 1621 preposituram
1612 1537 1655 1603 de

291 1637 391 1723 Bagis
407 1658 483 1703 cum
500 1658 574 1704 can.
591 1641 651 1703 sub
668 1658 743 1723 exp.
760 1640 852 1724 preli.
868 1639 902 1702 in
928 1641 1010 1704 eccl.
1029 1637 1149 1703 Elnen.
1165 1659 1204 1703 ac
1221 1638 1339 1724 capell.
1363 1638 1406 1704 de
1422 1637 1558 1707 Bastida
1573 1662 1598 1707 s
1614 1663 1653 1722 c.,

291 1741 439 1825 ejusdem
455 1741 531 1823 loci,
548 1742 699 1807 obtinere
715 1750 908 1808 noscantur.
920 1781 964 1791 -·
981 1740 1058 1806 Fiat
1075 1740 1115 1807 R.

334 1845 415 1910 Dat.
430 1844 531 1910 Avin.
549 1850 566 1909 6
590 1865 669 1911 non.
685 1845 763 1911 maii
781 1854 814 1911 a⁰
832 1852 873 1910 2⁰.
892 1846 944 1930 (4,
962 1846 1052 1930 328).

343 1980 454 2063 726.
1384 2018 1478 2082 1344,
1498 2016 1517 2081 7
1533 2001 1610 2064 mai.

334 2099 436 2185 Supp.
462 2097 649 2164 Willelmus
673 2098 715 2164 de
746 2098 858 2164 Comu
883 2110 902 2181 ¹,
924 2099 1066 2184 armiger
1098 2097 1303 2180 leodiensis,
1334 2109 1499 2184 quatenus
1529 2102 1589 2167 sibi
1619 2111 1654 2167 et

293 2201 478 2282 Elisabeth,
495 2203 565 2287 ejus
581 2203 684 2283 uxori,
704 2202 788 2289 [ind.
805 2204 838 2267 in
855 2212 917 2269 art.
934 2202 1052 2289 mort]
1071 2204 1256 2269 concedere
1268 2203 1500 2290 dignemini·
1522 2205 1598 2272 Fiat
1613 2206 1653 2273 R.

336 2304 415 2371 Dat.
431 2305 530 2371 Avin.
546 2326 625 2371 non.
642 2306 721 2372 maii
738 2316 771 2371 a⁰
788 2315 829 2373 2⁰.
848 2309 900 2391 (4,
919 2308 1024 2392 337l).

342 2443 453 2525 727.
1387 2480 1482 2545 1344,
1498 2462 1520 2525 8
1535 2462 1612 2526 mai.

335 2561 423 2647 Sign.
456 2560 702 2646 B(ertrandus),
732 2562 784 2626 tit.
813 2561 844 2627 S.
861 2560 993 2627 Marchi
1024 2564 1132 2647 presb.
1163 2562 1263 2641 card,
1296 2563 1387 2646 quod
1416 2563 1486 2648 ejus
1515 2562 1657 2628 dilectus

291 2663 311 2742 J
314 2664 611 2731 ohannesHenrici
617 2665 659 2729 de
666 2664 762 2751 Rupe
772 2674 791 2747 ²,
804 2672 1032 2751 procurator...
1042 2665 1191 2751 episcopi
1202 2672 1268 2730 et...
1276 2663 1394 2731 decani
1405 2666 1524 2732 eccl.S.
1530 2665 1550 2744 J
1553 2666 1657 2732 ohan-

291 2769 342 2834 nis
373 2767 544 2852 Leodien,
572 2769 634 2834 luit
656 2790 763 2855 nuper
790 2790 852 2858 per
875 2768 965 2835 dom.
989 2770 1135 2834 Alanum
1160 2768 1202 2834 de
1228 2768 1322 2851 Gars,
1346 2768 1531 2835 auditorem
1555 2769 1655 2835 vestri

292 2875 405 2960 palatii
431 2895 614 2956 causarum,
635 2875 782 2940 monitus
804 2875 924 2960 prim0,
941 2873 1089 2940 secundo
1117 2883 1152 2940 et
1166 2875 1278 2955 tertio,
1295 2882 1330 2938 et
1345 2876 1404 2939 sub
1419 2894 1506 2959 pena
1522 2892 1655 2939 excom-

292 2977 537 3059 municationis,
554 2971 644 3063 quat.
660 2977 780 3043 libellis
798 2976 885 3043 datis
900 2987 1019 3043 contra
1034 2978 1123 3064 ipsos
1138 2977 1239 3063 episc.
1255 2986 1290 3042 et
1305 2975 1469 3041 decanum
1484 2997 1545 3062 pro
1560 2985 1655 3061 parte

294 3080 488 3146 vicedecani
513 3091 548 3146 et
574 3081 710 3167 capituli
727 3081 829 3166 ipsius
849 3081 1000 3162 ecclesie,
1017 3081 1050 3145 in
1066 3080 1211 3165 quadam
1226 3101 1325 3146 causa
1339 3079 1426 3143 inter
1442 3079 1529 3164 ipsas
1543 3087 1655 3165 partes

296 3183 329 3247 in
356 3183 449 3249 dicto
471 3185 598 3271 palatio
625 3193 789 3266 vertente,
819 3184 1059 3270 responderet,
1085 3205 1105 3249 a
1131 3184 1250 3270 quibus
1278 3181 1518 3248 monitionibus
1547 3181 1656 3248 dictus

296 3297 500 3372 procurator,
532 3288 574 3354 de
604 3288 744 3354 consilio
767 3289 1033 3374 jurisperitorum
1057 3297 1093 3354 et
1123 3286 1386 3354 consiliariorum
1416 3286 1518 3372 ipsius
1548 3307 1656 3368 cause,

295 3391 479 3457 dicentium
505 3393 741 3478 exceptionem
768 3393 814 3457 rei
842 3392 992 3479 judicate
1021 3413 1079 3478 per
1110 3393 1218 3478 ipsum
1253 3398 1504 3477 procuratorem
1540 3400 1658 3457 contra

294 3496 404 3561 dictos
427 3496 557 3561 libellos
583 3495 697 3561 datam
714 3504 749 3561 et
763 3517 823 3582 per
838 3496 965 3562 dictum
989 3496 1177 3562 auditorem
1195 3495 1375 3560 admissam
1390 3494 1433 3560 ad
1447 3493 1657 3580 probandum

293 3600 363 3666 fore
379 3601 527 3685 legitime
543 3603 729 3686 probatam,
745 3621 809 3666 nec
823 3599 947 3666 debere
961 3609 1140 3687 propterea
1153 3599 1291 3686 prefatis
1302 3599 1421 3665 libellis
1432 3599 1634 3684 respondere
1646 3623 1656 3680 ;

293 3705 383 3789 quod
408 3705 480 3791 ipsc
506 3714 702 3790 procurator
728 3703 886 3770 credebat
909 3705 1039 3790 precise
1064 3725 1138 3769 esse
1163 3723 1290 3784 verum,
1314 3702 1358 3768 ad
1380 3701 1412 3767 S.
1428 3701 1468 3768 V.
1484 3712 1519 3768 et
1542 3702 1656 3767 sedem

292 3816 399 3893 apost.
426 3808 622 3893 appellavit.
647 3807 693 3872 Et
713 3807 836 3874 deinde
859 3808 938 3892 quia
959 3808 1050 3872 idem
1065 3807 1206 3887 auditor,
1222 3806 1412 3891 hujusmodi
1428 3806 1661 3891 appellatione·

292 3931 361 3976 non
388 3911 542 3991 admissa,
567 3895 699 3976 monuit
723 3911 844 3976 iterato
869 3920 905 3976 ut
932 3930 1040 3996 supra,
1068 3918 1104 3975 et
1133 3909 1439 3975 excommunicavit
1465 3909 1499 3973 in
1525 3909 1657 3994 scriptis

293 4014 420 4080 dictum
437 4022 688 4099 procuratorem
702 4015 921 4080 renittentem
937 4035 979 4078 ex
994 4035 1094 4080 causa
1108 4013 1260 4100 predicta
1275 4013 1372 4079 dictis
1386 4013 1506 4078 libellis
1520 4033 1657 4099 respon-

293 4116 393 4199 dere3
420 4118 482 4182 fuit
496 4139 555 4204 per
571 4119 680 4203 ipsum
702 4127 953 4204 procuratorem
968 4119 1093 4183 iterato
1107 4125 1145 4182 ut
1160 4136 1259 4201 supra
1273 4117 1491 4202 appellatum,
1507 4125 1542 4181 et
1558 4137 1657 4181 causa

293 4243 352 4286 seu
382 4223 489 4288 causis
523 4222 712 4307 hujusmodi
739 4221 1004 4307 appellationum
1030 4241 1145 4286 coram
1172 4220 1239 4285 alio
1265 4218 1416 4284 auditore
1438 4218 1520 4285 dicti
1540 4219 1655 4305 palatii

292 4325 525 4410 pendentibus,
556 4334 607 4390 est
639 4325 727 4390 idenr
761 4332 957 4410 procurator
995 4323 1162 4408 quandam
1200 4323 1353 4409 patrocli.
1391 4323 1473 4388 eccl.
1504 4323 1538 4386 in
1568 4321 1655 4388 dioc.

293 4428 453 4495 Leodien.
479 4451 520 4493 ex
543 4430 619 4494 coll.
644 4429 808 4494 ordinaria
831 4437 1003 4494 assecutus
1017 4437 1040 4509 ³3
1058 4436 1093 4493 et
1115 4436 1234 4514 postea
1249 4427 1375 4494 fecistis
1390 4426 1499 4492 eidem
1514 4427 1656 4512 gratiam

292 4534 482 4618 specialem,
510 4532 600 4617 quod
627 4531 771 4617 quedam
794 4532 900 4616 gratia
925 4530 958 4597 in
983 4532 1090 4598 forma
1111 4552 1306 4618 pauperum,
1322 4551 1382 4616 per
1397 4530 1506 4615 ipsum
1522 4530 1588 4595 aS.
1605 4529 1655 4610 V.,

292 4645 371 4702 ante
386 4637 553 4721 prefatam
569 4635 954 4702 excommunicationem
969 4637 1074 4700 latam
1091 4635 1125 4700 in
1142 4656 1228 4716 eum,
1246 4643 1283 4700 ut
1298 4634 1489 4720 predicitur,
1506 4635 1656 4714 obtenta,

327 4827 347 4872 l.
360 4824 507 4874 (luillaunre
518 4825 550 4874 dc
563 4826 644 4894 lloix:
664 4825 698 4873 cl.
722 4823 847 4882 Poncelol,
869 4823 947 4884 Fiesr,
969 4826 1025 4872 457.
1049 4823 1181 4872 Elisabeth
1201 4839 1236 4871 ou
1254 4823 1362 4871 lsebello
1381 4821 1446 4870 nteit
1465 4822 1560 4871 lillede
1577 4820 1657 4870 Gilloe

294 4899 401 4948 hlatlron
414 4899 459 4960 (dc
470 4899 587 4956 Burman,
602 4897 725 4945 Eeho-rina
736 4896 767 4945 de
779 4895 860 4962 Libye,
874 4897 893 4957 l,
908 4897 977 4959 188).
988 4925 1021 4932 —
1032 4899 1055 4946 2.
1068 4897 1169 4957 Kirsch,
1181 4896 1257 4955 noll,
1270 4899 1325 4957 267,
1338 4899 1393 4944 272.
1405 4924 1437 4930 -
1454 4897 1477 4944 3.
1490 4897 1524 4944 Ce
1535 4895 1591 4944 doit
1602 4895 1657 4943 dtre

293 4973 356 5022 celle
367 4973 400 5021 de
413 4974 547 5036 sprimont
558 4972 671 5034 (Kirsch,
684 4971 701 5020 l.
711 4971 746 5033 c.)
