3650 5675
563 904 934 1025 Qunrrueme
968 910 1178 1006 nunes

432 1169 490 1254 19
527 1171 627 1251 mai
667 1168 796 1256 1345
834 1216 873 1226 -
919 1170 976 1252 18
1013 1171 1113 1251 mai
1152 1171 1283 1255 1346

222 1538 336 1622 826.
1241 1572 1336 1637 1345,
1353 1574 1394 1639 19
1411 1556 1490 1621 mai.

214 1658 317 1743 Supp.
335 1656 502 1723 Henricus
522 1657 597 1744 [de]
612 1658 644 1722 le
656 1656 728 1721 Wis
738 1666 757 1737 ¹,
768 1664 879 1722 rector
894 1657 978 1722 eccl.
989 1655 1032 1721 de
1048 1655 1245 1743 Nederpelt,
1261 1656 1423 1725 Leodien.
1435 1658 1533 1741 dioc,

170 1781 261 1847 mag.
276 1760 310 1825 in
335 1769 407 1843 art,
425 1764 499 1831 bac.
516 1762 550 1826 in
566 1761 681 1842 theol,
696 1767 788 1845 quat.
804 1760 865 1825 sibi
890 1769 926 1825 et
942 1760 1138 1842 Katherine‚
1154 1762 1225 1845 ejus
1239 1761 1350 1839 matri,
1373 1761 1533 1847 fratrique

169 1865 273 1950 ipsius
288 1864 438 1931 Waltero
453 1886 494 1931 ac
509 1864 629 1930 Gheile
643 1865 805 1946 militisse,
829 1865 978 1949 ejusdem
993 1864 1126 1945 amicte,
1151 1865 1336 1931 concedere
1351 1864 1535 1949 dignemini

173 1968 259 2055 [ind.
275 1968 310 2033 in
325 1977 387 2035 art.
398 1967 529 2055 mort.].
546 2010 589 2019 -
606 1968 683 2035 Fiat
703 1968 743 2033 R.

214 2072 294 2138 Dat.
309 2092 363 2158 ap.
379 2071 629 2138 Villamnovam
649 2094 686 2157 14
702 2071 769 2138 kal.
782 2073 853 2157 jun.
870 2078 904 2137 a⁰
919 2078 964 2156 4⁰.
981 2072 1030 2156 (9,
1051 2074 1114 2157 1').

221 2224 336 2308 827.
1240 2258 1335 2323 1345,
1356 2259 1396 2323 19
1413 2242 1491 2305 mai.

211 2342 505 2431 Supplacobinus
518 2343 566 2409 Le
579 2343 696 2426 Fabre,
709 2347 798 2425 clen,
815 2364 921 2431 nepos
933 2342 1171 2421 fratrisJacobi,
1184 2343 1255 2408 ord.
1268 2342 1535 2425 Carmelitarum,

168 2447 341 2533 quondam
354 2468 426 2534 cap.
442 2449 555 2529 vestri,
572 2448 787 2514 Cameracen.
804 2448 902 2529 dioc„
918 2456 1009 2532 quat.
1025 2449 1104 2513 dare
1119 2446 1303 2532 dignemini
1320 2447 1353 2510 in
1366 2446 1534 2512 mandatis

168 2561 205 2617 nt
218 2552 331 2637 ipsum
345 2552 447 2637 recipi
464 2550 589 2617 faciant
614 2552 647 2615 in
668 2571 741 2617 can.
758 2560 792 2615 et
808 2550 841 2614 in
859 2550 994 2615 fratrem
1010 2551 1043 2614 in
1060 2552 1265 2616 monasterio
1281 2550 1312 2615 S.
1328 2551 1535 2635 Aldegondis

169 2652 424 2737 Malbodiensis,
442 2654 658 2721 Cameracen.
674 2654 771 2736 dioc,
789 2652 830 2718 O.
847 2654 879 2719 S.
906 2654 1083 2738 Augustini
1100 2669 1121 2719 ².
1144 2691 1175 2701 -
1206 2652 1283 2718 Fiat
1306 2652 1346 2719 R.
1366 2652 1410 2719 Et
1432 2655 1534 2739 gratis

167 2780 230 2846 pro
249 2758 334 2823 Dec.
353 2757 393 2825 R.

211 2865 292 2929 Dat.
309 2883 363 2949 ap.
380 2863 410 2926 V
412 2863 629 2929 illamnovam
648 2883 686 2947 14
701 2862 769 2928 kal.
781 2863 852 2948 jun.
870 2868 904 2926 a⁰
920 2868 961 2946 4⁰.
975 2862 1024 2945 (9,
1040 2864 1103 2946 4').

219 3019 332 3100 828.
1240 3050 1335 3116 1345,
1353 3050 1394 3115 19
1411 3035 1489 3098 mai.

210 3137 316 3221 Supp.
333 3134 509 3200 Barascius
519 3134 562 3200 de
574 3134 799 3216 Tomamira³,
816 3155 888 3200 can.
905 3135 987 3199 eccl.
1003 3133 1035 3200 S.
1046 3133 1230 3200 Donatiani
1247 3133 1437 3222 Brugensis,
1449 3136 1532 3202 Tor-

166 3260 288 3306 nacen.
305 3239 402 3320 dioc„
419 3246 511 3323 quat.
527 3238 629 3303 Petro
651 3237 693 3303 de
709 3238 846 3302 Stirlant
862 3239 981 3322 presb„
1004 3237 1094 3303 dicte
1110 3238 1207 3320 dioc„
1224 3239 1406 3323 dignemini
1422 3241 1532 3326 provi-

167 3343 250 3409 dere
265 3343 307 3408 de
322 3345 398 3408 ben.
426 3342 507 3410 eccl.
535 3343 577 3408 ad
593 3343 669 3407 coll.
695 3341 768 3406 dec.
792 3349 827 3406 et
851 3360 925 3425 cap.
942 3339 974 3406 S.
999 3340 1210 3423 Donatiani3
1234 3363 1303 3408 non
1332 3346 1418 3409 obst.
1443 3344 1534 3429 quod

168 3445 353 3532 quamdam
369 3467 461 3532 perp.
478 3447 597 3532 capell.
614 3445 648 3508 in
664 3444 746 3510 eccl.
763 3444 794 3508 S.
811 3443 923 3509 Basilii
949 3441 1129 3530 Brugensis
1144 3447 1293 3512 noscitur
1310 3447 1473 3513 obtinere.
1496 3486 1527 3496 -

169 3549 249 3614 Fiat
272 3548 434 3632 usquead
451 3553 491 3612 60
507 3549 563 3613 lib.
580 3569 608 3614 c.
626 3570 664 3630 c.,
681 3569 723 3634 40
739 3569 764 3613 s.
781 3569 809 3614 c.
829 3547 866 3612 R.

212 3653 295 3717 Dat.
312 3672 365 3738 ap.
382 3650 631 3746 llillamnovam
652 3673 688 3737 14
704 3651 772 3716 kal.
785 3653 856 3736 jun.
873 3659 903 3716 ac
922 3659 965 3737 4⁰.
982 3654 1031 3734 (9,
1049 3657 1090 3738 5).

220 3804 463 3892 829-831.
1243 3838 1336 3904 1345,
1354 3840 1395 3902 19
1412 3824 1490 3886 mai.

211 3925 315 4009 Supp.
331 3923 444 3990 nuncii
460 3945 501 3988 ex
516 3931 612 4009 parte
627 3923 751 3989 devote
766 3923 833 3987 filie
848 3931 959 3988 vestre
975 3923 1201 3990 universitatis
1224 3924 1418 3989 Parisiensis
1441 3925 1484 3990 ad
1499 3925 1531 3992 S.

168 4027 207 4092 V.
224 4027 416 4112 specialiter
431 4026 598 4105 destinati,
615 4034 706 4110 quat.
723 4026 850 4091 eisdem
862 4027 1042 4112 specialem
1058 4027 1201 4111 gratiam
1216 4027 1378 4093 facientes
1394 4028 1436 4093 de
1452 4031 1529 4094 ben.

167 4132 252 4196 eccl.
269 4151 327 4194 seu
343 4129 461 4196 officiis
477 4129 693 4215 infrascriptis
708 4132 761 4194 vel
779 4130 861 4209 aliis,
884 4138 985 4215 prout
1000 4129 1040 4194 V.
1056 4131 1220 4215 placuerit
1235 4130 1278 4211 S,
1294 4129 1320 4195 si
1338 4140 1460 4196 vacant
1476 4134 1531 4196 vel

169 4254 248 4299 cnm
263 4234 469 4315 vacaverint,
486 4233 694 4299 conferendis
710 4233 846 4312 eisdem,
861 4233 1046 4316 dignemini
1061 4234 1240 4318 providere
1260 4254 1268 4302 :

214 4335 260 4400 Et
272 4336 382 4420 primo
397 4335 546 4413 Johanni
571 4334 747 4416 Blondelli,
764 4336 854 4403 doct.
882 4336 916 4399 in
940 4334 1043 4401 theol.
1059 4347 1080 4416 ⁴,
1093 4337 1223 4401 nullum
1243 4339 1320 4403 ben.
1347 4339 1429 4404 eccl.
1447 4339 1532 4404 obti-

168 4441 264 4504 nenti
288 4440 371 4505 etin
387 4447 519 4505 tantum
546 4439 643 4505 bonis
668 4439 908 4525 temporalibus
933 4439 1105 4521 destituto,
1123 4441 1213 4526 quod
1235 4442 1308 4506 solo
1324 4442 1387 4505 Dei
1406 4463 1531 4525 amore,

168 4543 305 4629 pietatis
321 4543 454 4625 intuitu,
482 4551 517 4608 et
533 4542 576 4608 ad
603 4542 651 4608 sui
672 4551 779 4608 status
794 4543 1062 4611 necessitatem...
1085 4544 1262 4631 episcopus
1278 4543 1471 4613 Laudunen.
1488 4569 1530 4612 ex

205 4776 227 4824 1.
240 4775 300 4823 Voir
311 4791 337 4825 n.
349 4776 402 4824 517.
415 4803 446 4811 -
458 4779 480 4825 2.
494 4776 615 4826 L'auteur
626 4779 658 4828 de
669 4778 694 4826 la
705 4778 840 4842 suppllque
852 4779 900 4826 fait
911 4793 997 4827 crreur
1010 4794 1016 4837 ;
1034 4779 1239 4841 Sta-Aldegonde
1254 4779 1287 4828 de
1307 4779 1451 4842 Maubeuge
1468 4779 1533 4829 dtait

170 4863 205 4895 nn
218 4849 334 4912 chapitre
345 4849 377 4898 de
387 4849 569 4910 chanoinesees,
587 4852 673 4900 tandiu
691 4866 741 4912 que
763 4852 917 4908 St·Quentin
934 4851 999 4900 etait
1018 4867 1054 4901 un
1066 4853 1161 4914 college
1172 4853 1204 4903 de
1215 4855 1352 4904 chanoims
1363 4855 1488 4904 stculiere
1500 4882 1533 4890 -

172 4923 194 4970 3.
211 4921 292 4986 ὡνηρ.
305 4922 421 4984 chronol,
436 4926 489 4974 177.
501 4953 533 4960 -
545 4929 567 4974 4.
583 4925 685 4986 Denifle,
703 4924 825 4984 (learned,
841 4927 874 4986 ll,
888 4928 942 4984 346,
955 4930 1009 4985 560,
1022 4931 1077 4976 562.
