3650 5675
308 483 343 547 14
790 481 878 555 1342,
901 481 943 546 30
960 480 1055 561 juin-l
1076 478 1179 560 jrrillet

308 631 494 697 Eboracen.
516 631 678 713 obtineat,
700 639 734 696 et
758 652 831 699 can.
853 634 945 717 preb.
967 632 1003 695 in
1026 631 1109 696 eccl.
1126 628 1333 695 Lincolnien.
1349 638 1384 695 et
1398 628 1610 696 Tomaeen.¹
1632 668 1665 679 -

309 734 384 800 Fiat
400 734 441 801 R.
457 736 483 799 si
498 736 595 800 alteri
611 756 680 801 non
697 735 899 801 contulimus
917 733 959 821 (I,
978 736 1045 818 35).

350 878 404 939 61.
423 871 509 938 Item
533 880 625 958 quat.
642 873 811 939 Aimerieo
828 872 1022 939 Estanclrac
1036 870 1080 935 de
1096 870 1128 936 S.
1144 870 1288 936 Viviano
1302 882 1322 953 ²,
1339 871 1554 938 Lemovicen.
1570 872 1669 957 dioc„

307 975 397 1067 dom.
424 974 544 1053 Jacobi
571 976 708 1043 Gaitani
735 978 824 1045 card.
850 976 1035 1043 camerario
1062 985 1097 1042 et
1124 997 1209 1064 cap,
1225 983 1261 1042 et
1276 997 1366 1042 nunc
1381 996 1455 1061 cap.
1486 996 1669 1041 commem.

307 1078 387 1144 dicti
417 1080 583 1161 Anibaldi,
614 1080 656 1145 de
687 1102 762 1149 can.
793 1090 827 1147 et
857 1083 949 1167 preb.
973 1081 1056 1147 eccl.
1085 1080 1226 1146 Remen.
1262 1080 1444 1165 dignemini
1481 1080 1667 1165 providere,

307 1204 375 1250 non
399 1186 484 1273 obst.
508 1185 598 1269 quod
621 1206 695 1252 can.
719 1194 754 1252 et
777 1190 869 1273 preb.
892 1186 926 1250 in
950 1188 1032 1251 eccl.
1057 1184 1272 1251 Xanctonen.
1288 1193 1324 1249 et
1342 1182 1495 1269 patrocli.
1521 1182 1603 1248 ecel.
1625 1182 1670 1247 de

307 1286 479 1368 Lavanna,
505 1287 645 1355 Remen.
662 1289 817 1372 dioc.„ac
841 1290 961 1376 capell.
986 1290 1100 1356 altaris
1116 1289 1147 1354 S.
1163 1287 1183 1366 J
1186 1288 1328 1355 ohannis
1342 1287 1377 1352 in
1392 1287 1474 1353 eccl.
1489 1287 1668 1375 Alostensi,

307 1390 524 1458 Cameracen.
540 1393 637 1473 dioc„
653 1395 802 1480 noscitur
817 1395 979 1461 obtinere.
1001 1432 1032 1443 —
1056 1394 1133 1460 Fial
1150 1392 1191 1459 R.

352 1494 432 1561 Dat.
453 1497 552 1563 Avin.
571 1496 667 1564 2kal.
688 1499 759 1584 julii
776 1507 809 1564 a⁰
829 1506 868 1565 1⁰.
885 1498 927 1583 (Ι,
946 1502 1012 1584 35).

360 1632 438 1716 62.
1376 1666 1471 1731 1342,
1486 1666 1529 1729 30
1538 1645 1624 1727 juin.

349 1745 453 1836 'Supp.
470 1750 501 1816 S.
515 1749 555 1817 V.
572 1751 690 1817 Petrus
715 1753 758 1818 de
784 1752 1017 1835 Barbenchon,
1042 1754 1095 1819 lic.
1119 1754 1152 1817 in
1177 1753 1251 1837 leg,
1277 1772 1339 1837 pro
1365 1752 1458 1836 cujus
1480 1749 1668 1836 provisione

307 1875 413 1941 nuper
428 1854 518 1941 apud
534 1855 587 1920 fel.
603 1877 668 1922 rec.
685 1856 775 1923 dom.
791 1857 1060 1943 predecessorem
1083 1865 1230 1922 vestrum
1245 1855 1346 1920 vestri
1361 1854 1468 1939 gratia
1483 1854 1668 1933 laborastis,

305 1952 399 2041 quat.
415 1955 457 2023 de
474 1978 547 2023 can.
564 1960 645 2026 eccl.
663 1959 822 2027 Leodien.
846 1969 880 2026 et
893 1964 985 2047 preb.
1006 1959 1096 2047 [vac.
1112 1960 1166 2026 vel
1181 1957 1320 2045 vacat.‚]
1340 1959 1371 2024 ei
1386 1956 1569 2042 dignemini
1594 1978 1669 2045 pro·

307 2061 429 2142 ridere,
457 2082 525 2127 non
551 2065 637 2129 obst.
664 2064 754 2149 quod
781 2086 854 2131 can.
879 2073 914 2130 et
938 2068 1030 2151 preb.
1054 2065 1089 2130 in
1116 2064 1199 2131 eccl.
1222 2062 1432 2143 Lutlrosensi,
1452 2061 1669 2127 Cameracen.

308 2164 406 2247 dioc..
422 2165 570 2231 noscitur
586 2167 746 2233 obtinere.
768 2205 800 2217 —
822 2167 899 2233 Fiat
917 2167 957 2234 R.
993 2164 996 2168 ’

352 2268 432 2335 Dat.
448 2270 547 2336 Avin.
565 2290 582 2333 2
599 2268 667 2335 kal.
680 2271 752 2357 julii
769 2279 802 2337 a⁰
822 2279 860 2337 1⁰.
873 2270 917 2356 (1,
935 2273 1007 2356 35⁸⁹)

359 2406 437 2491 63·
1369 2438 1395 2482 J
1441 2440 1460 2482 2
1485 2469 1489 2477 .
1509 2439 1530 2481 o
1555 2415 1625 2482 'uim

351 2525 452 2611 Supp.
476 2523 495 2602 J
499 2523 649 2590 ohannes
671 2523 714 2588 de
737 2523 901 2605 Tomaco,
919 2524 996 2589 cler.
1012 2523 1063 2589 lic.
1080 2523 1113 2587 in
1133 2524 1207 2608 leg,
1224 2438 1556 2602 Tornacenjsissojlini
1568 2519 1669 2586 famil.

308 2638 343 2694 et
370 2628 553 2694 advocatus
583 2628 615 2693 S.
631 2626 671 2692 V.
698 2628 731 2691 in
755 2627 968 2713 parlamento
991 2638 1002 2672 ³
1027 2634 1062 2692 et
1092 2648 1182 2693 nunc
1211 2646 1444 2712 germanorum
1473 2632 1669 2703 vestrorum,

307 2738 399 2814 quat.
412 2729 473 2796 sibi
488 2728 669 2814 dignemini
686 2730 860 2815 providere
876 2728 919 2794 de
935 2749 1009 2795 can.
1025 2737 1061 2793 et
1076 2732 1167 2815 preb.
1183 2728 1218 2793 in
1233 2728 1315 2794 eccl.
1332 2728 1488 2795 Parisien.
1509 2728 1598 2815 [vac.
1615 2729 1668 2791 vel

308 2832 448 2918 vacat.],
464 2833 518 2897 vel
534 2833 567 2898 in
581 2834 662 2899 eccl.
678 2831 894 2899 Cameracen.
910 2871 943 2882 -
958 2831 1036 2898 Fiat
1051 2833 1156 2898 etiam
1172 2831 1215 2898 de
1230 2832 1319 2918 dign.
1335 2842 1410 2913 etc„
1427 2833 1532 2899 etiam
1547 2852 1611 2898 c.c.
1628 2830 1669 2897 R.

353 2935 433 3001 Dat.
449 2936 582 3000 Avinsz
600 2933 665 3001 kal.
679 2936 751 3021 julii
767 2943 801 3001 a⁰
822 2944 860 3002 1⁰.
878 2935 921 3019 (I,
939 2939 1022 3020 36l').

362 3071 445 3156 64.
1376 3105 1471 3169 1342,
1487 3083 1626 3168 jojur'n.

316 3247 319 3253 .
369 3188 471 3274 Supp.
486 3187 684 3253 Willrelmus
700 3209 813 3254 comes
827 3187 1027 3266 Juliacensis
1042 3196 1134 3273 quat.
1151 3189 1227 3255 cler.
1244 3187 1263 3266 J
1266 3187 1391 3254 ohanni
1407 3188 1480 3254 Pail
1495 3187 1539 3254 de
1554 3187 1669 3251 Duren

311 3291 354 3357 de
369 3312 443 3357 ean.
459 3300 494 3358 et
509 3295 600 3377 preb.
618 3313 690 3358 vac.
706 3292 759 3356 vel
775 3300 885 3358 vacat.
902 3291 936 3357 in
953 3294 1035 3358 eccl.
1059 3293 1088 3357 S.
1105 3292 1245 3358 Servatii
1260 3290 1493 3378 Trajectensis,
1510 3290 1670 3370 Leodien.

313 3395 409 3476 dioc„
425 3395 606 3480 dignemini
622 3396 805 3481 providere.
821 3436 863 3448 -
879 3395 957 3462 Fiat
974 3396 1012 3462 R

356 3500 434 3565 Dat.
450 3500 549 3565 Avin.
567 3520 584 3565 2
601 3499 751 3587 kaljulii
769 3509 803 3566 al
823 3509 861 3568 1⁴¹.
879 3502 893 3586 (
896 3500 921 3582 Ι,
939 3508 1022 3586 42“’).

363 3637 440 3721 65·
1343 3670 1437 3734 1342,
1454 3657 1496 3714 1⁰r
1504 3648 1627 3730 juillet.
1667 3720 1670 3724 Α

355 3755 456 3841 Supp.
473 3755 505 3821 S.
520 3753 561 3820 V.
577 3754 765 3821 Bernardus
780 3755 927 3837 Consilii,
954 3758 1072 3843 presb,
1089 3775 1178 3840 mag.
1193 3755 1227 3819 in
1244 3762 1316 3836 art„
1333 3752 1548 3820 Lemovicen.
1574 3752 1671 3831 dioc„

311 3866 403 3943 quat.
419 3858 480 3924 sibi
496 3857 538 3924 de
554 3879 628 3925 can.
654 3859 685 3925 S.
701 3858 883 3925 Audommi
900 3859 934 3923 in
950 3861 1032 3926 eccl.
1059 3860 1146 3939 coll„
1175 3856 1341 3923 Morinen.
1367 3857 1464 3938 dioc„
1492 3856 1673 3942 dignemini

311 3961 494 4047 providere,
516 3964 607 4048 preb.
631 3983 711 4028 vero
733 3965 819 4047 [vac.
845 3964 900 4028 vel
923 3965 1059 4046 vacat.,]
1079 3961 1189 4027 eidem
1210 3962 1393 4047 presbitero
1425 3953 1672 4039 conserendam,

311 4065 485 4131 donationi
501 4049 687 4152 apostolice
703 4051 883 4151 dignemini
900 4087 1068 4157 reservare
1086 4089 1095 4145 ;
1109 4087 1177 4131 non
1204 4068 1287 4131 obst.
1312 4065 1404 4150 quod
1417 4063 1567 4150 parroch.
1590 4063 1672 4128 eccl.

311 4167 353 4234 de
368 4170 521 4251 VoisierS,
534 4171 745 4236 Attrebaten.
769 4169 866 4250 dioe,
891 4190 956 4253 que
980 4190 1047 4235 non
1076 4176 1126 4233 est
1149 4177 1268 4234 taxata
1294 4168 1337 4233 ad
1360 4167 1528 4233 decimam
1549 4165 1611 4231 nisi
1628 4165 1673 4230 ad

313 4293 353 4356 30
376 4273 445 4338 libr.
469 4273 554 4353 Par..
570 4273 718 4339 noscitur
733 4273 891 4356 obtinere.
906 4311 951 4322 -
968 4272 1044 4338 Fiat
1064 4271 1102 4338 R

356 4374 431 4439 Dat.
446 4376 542 4440 Avin.
561 4375 617 4440 kal
637 4377 708 4461 Julii
725 4385 759 4442 a⁰
778 4385 814 4442 1⁰.
831 4375 954 4461 (1‚138).

363 4518 445 4602 66.
1342 4554 1437 4617 1342,
1454 4539 1497 4597 1⁰¹
1505 4529 1628 4614 juillet.

312 4633 315 4638 ⁴
356 4637 442 4722 Sign.
470 4637 498 4703 S.
515 4636 553 4704 V.
569 4636 742 4715 Johannes
757 4637 799 4704 de
816 4639 913 4720 Rate,
931 4659 1017 4724 mag.
1032 4639 1066 4704 in
1093 4647 1154 4705 art.
1170 4647 1204 4704 et
1229 4658 1342 4705 cursor
1366 4637 1401 4702 in
1427 4636 1529 4702 tlreol.
1544 4646 1565 4716 ⁴,
1581 4631 1673 4720 quod

348 4845 368 4890 l.
387 4843 458 4902 miss,
477 4843 607 4902 I’elitimre,
628 4843 646 4903 l,
666 4846 695 4892 12
708 4860 714 4902 ;
727 4843 814 4907 Popal
827 4844 929 4904 bellem,
943 4805 1090 4895 ll.71?.-
1107 4848 1130 4892 2.
1150 4844 1229 4903 videl,
1248 4859 1273 4893 n.
1290 4845 1346 4893 538.
1358 4871 1390 4878 -
1407 4844 1429 4893 3.
1448 4841 1573 4899 Molinier,
1595 4838 1670 4889 obit..

314 4916 334 4975 l,
347 4919 401 4965 511.
413 4945 445 4952 —
457 4918 479 4966 4.
497 4916 559 4964 l'oir
576 4932 601 4971 n.
620 4919 657 4968 ll.
