3650 5675
299 488 357 551 414
849 485 937 559 1349,
958 484 1000 548 26
1021 502 1109 550 mars

300 637 473 703 Dordraco
484 647 502 714 ¹,
516 635 675 720 magistro
690 636 725 700 in
741 636 872 701 artibus
878 643 914 701 et
930 635 965 700 in
979 636 1107 720 legibus
1117 637 1181 719 lic,
1192 637 1398 724 prebendam
1409 641 1661 724 presbiteralem

301 740 442 807 ecclesie
458 739 645 822 Colonien,
661 740 787 806 dudum
802 760 877 805 vac.
892 760 952 826 per
967 742 1021 806 ob.
1038 738 1204 817 Johannis
1220 740 1333 822 Poele,
1351 743 1443 827 cujus
1459 752 1568 830 apost.
1584 765 1660 812 auc-

300 846 437 912 toritate
463 843 641 931 pacificam
664 845 910 931 possessionem
936 844 994 909 diu
1017 845 1135 910 habuit
1161 853 1197 912 et
1220 846 1333 928 habet,
1359 846 1385 910 si
1410 856 1580 914 reservata
1607 849 1659 930 sit,

301 949 484 1035 dignemini
500 948 697 1014 confirmare
713 971 721 1028 ;
737 969 807 1014 non
823 951 909 1014 obst.
926 947 1017 1030 quod
1032 948 1253 1015 canonicatus
1264 956 1299 1015 et
1320 952 1412 1036 preb.
1425 950 1459 1016 in
1471 950 1659 1037 Trajecten.

301 1062 336 1119 et
352 1052 390 1119 B.
413 1052 640 1118 Waldetrudis
666 1050 865 1134 Montensis,
892 1051 1109 1119 Cameracen.
1137 1052 1234 1136 dioc,
1259 1055 1408 1120 noscitur
1432 1056 1594 1122 obtinere.
1619 1097 1659 1105 —

302 1156 379 1223 Fiat
394 1157 435 1222 R.

347 1316 447 1381 1538.
464 1311 553 1378 Item
568 1333 661 1399 supp.
678 1321 768 1397 quat.
785 1330 846 1376 suo
862 1313 1039 1397 capellano
1064 1330 1105 1377 ac
1131 1311 1285 1377 familiari
1310 1312 1411 1379 Petro
1439 1312 1481 1379 (16
1508 1311 1659 1399 Leyden,

300 1417 484 1503 presbitero
500 1415 689 1501 Trajecten.
704 1415 792 1481 dioc.
804 1427 824 1495 ²,
841 1415 883 1480 de
899 1435 974 1481 can.
991 1415 1131 1481 ecclesie
1147 1414 1186 1481 B.
1198 1415 1247 1482 M.
1259 1416 1459 1500 Trajecten,
1471 1420 1563 1503 preb.
1579 1438 1660 1483 vero

303 1522 392 1608 [vac.
408 1522 463 1585 vel
489 1519 629 1606 vacat.],
655 1519 895 1585 conferendam
919 1519 1040 1599 eidem,
1057 1527 1133 1601 etc,
1158 1519 1340 1604 dignemini
1368 1540 1561 1600 reservare3
1589 1541 1659 1586 non

301 1630 387 1692 obst.
415 1625 506 1710 quod
530 1624 618 1690 idern
646 1623 764 1690 Petrus
790 1624 872 1689 ecel.
886 1622 939 1689 de
963 1621 1253 1709 Wemeldinghen,
1279 1623 1369 1689 dicte
1394 1623 1492 1706 dioc,
1512 1624 1661 1690 noscitur

302 1729 519 1795 obtinere—
535 1726 613 1793 Fiat
628 1727 669 1793 R.

349 1889 449 1953 1539.
467 1883 554 1950 Item
566 1904 661 1970 supp.
677 1890 768 1969 quat.
787 1883 863 1971 [suo
880 1883 1001 1950 clerico
1013 1903 1053 1949 ac
1068 1882 1220 1948 familiari
1244 1881 1386 1970 Rasoni]
1404 1882 1602 1951 Theoderici
1618 1885 1661 1950 de

303 1988 430 2070 Thede,
443 1987 601 2054 Leodien.
617 1989 715 2069 dioc,
731 1987 773 2053 de
789 2008 882 2073 perp.
896 1987 1061 2053 beneficio
1076 1987 1119 2052 de
1134 1986 1271 2068 Zellaer,
1285 1987 1332 2053 sic
1347 1987 1526 2072 vulgariter
1543 1989 1658 2074 appel-

303 2093 384 2173 lato,
396 2092 430 2156 in
445 2093 527 2157 6001.
540 2091 571 2157 S.
585 2090 743 2156 Rumoldi
760 2088 1000 2171 Maeliniensis,
1017 2089 1234 2156 Cameracen.
1245 2089 1341 2170 dioc,
1351 2110 1424 2156 vac.
1441 2090 1530 2177 apud
1542 2090 1657 2157 sedem

303 2203 410 2281 apost.
426 2215 485 2281 per
500 2197 555 2260 ob.
571 2193 768 2280 quondam]
771 2195 913 2261 ohannis
938 2192 1117 2259 Michaelis
1139 2195 1181 2259 de
1209 2192 1395 2259 Machlinia
1410 2203 1421 2240 ³
1436 2195 1544 2280 ipsum
1558 2198 1661 2261 bene-

303 2298 416 2364 ficium
432 2299 624 2380 obtinentis,
641 2299 734 2384 cujus
747 2298 911 2364 beneficia
933 2305 1012 2363 ante
1028 2298 1099 2382 ejus
1114 2300 1168 2363 ob.
1190 2306 1361 2362 reservata
1376 2299 1519 2379 fuerunt,
1546 2298 1661 2383 digne·

303 2403 384 2466 mini
399 2403 574 2489 providere
589 2427 597 2483 ;
614 2423 682 2468 non
699 2405 784 2468 obst.
800 2402 890 2486 quod
905 2401 940 2466 in
955 2401 998 2467 de
1014 2399 1242 2467 Buschoducis
1269 2401 1360 2467 etde
1376 2400 1486 2467 Breda
1502 2401 1661 2480 ecclesiis,

302 2506 393 2572 dicte
408 2505 568 2573 Leodien.
584 2506 681 2586 dioc,
697 2507 780 2572 duas
805 2526 898 2592 perp.
923 2505 1129 2591 capellanias
1152 2525 1178 2569 s.
1204 2525 1232 2569 0.
1257 2504 1407 2570 noscitur
1431 2504 1592 2570 obtinere.
1617 2544 1662 2554 -

305 2609 383 2676 Fiat
399 2610 440 2677 R.
500 2645 503 2651 ·

348 2713 393 2779 Et
415 2714 506 2800 quod
529 2721 679 2779 transeat
708 2713 779 2778 sine
804 2713 870 2778 alia
893 2711 1050 2792 lectione,
1077 2719 1112 2775 et
1142 2731 1284 2775 examen
1312 2710 1459 2775 absentis
1490 2710 1662 2775 remittere

302 2818 495 2904 dignemini.
511 2859 555 2868 -
571 2816 649 2883 Fiat
665 2817 705 2883 R.

346 2922 425 2987 Dat.
440 2923 541 2988 Avin.
559 2941 577 3006 7
592 2921 659 2985 kal.
676 2922 770 3006 april.
786 2928 821 2986 a⁰
839 2928 873 3006 7⁰·
887 2922 956 3002 (17,
975 2920 1065 3005 213).
1190 2964 1193 2969 -

356 3075 502 3160 1540.
1340 3108 1436 3173 1349,
1454 3088 1495 3151 26
1513 3108 1616 3152 mars.

345 3193 447 3279 Supp.
473 3192 641 3259 Henricus
662 3194 704 3258 de
731 3192 763 3259 S.
789 3191 922 3270 Judoco
951 3191 994 3257 de
1024 3190 1277 3273 Thenisnronte,
1307 3191 1471 3277 presbiter
1496 3190 1658 3257 Leodien.

301 3296 399 3379 dioc,
416 3305 507 3382 quat.
522 3298 583 3363 sibi
599 3299 641 3364 (16
657 3299 867 3385 cappellania
882 3319 974 3384 perp.
1002 3296 1041 3362 B.
1070 3295 1240 3376 Katerine,
1261 3298 1326 3361 sita
1346 3296 1380 3361 in
1408 3298 1489 3362 eccl.
1506 3295 1661 3382 panoch.

303 3400 334 3465 S.
352 3399 401 3465 M.
417 3400 460 3466 (16
475 3400 640 3483 Vertrike,
667 3402 757 3468 dicte
783 3401 880 3483 dioc,
907 3402 1001 3486 cujus
1027 3400 1184 3465 fructus...
1207 3420 1306 3485 supra
1320 3401 1432 3466 locum
1453 3420 1489 3484 15
1507 3400 1662 3465 florenor.

303 3506 452 3569 valorem
467 3506 640 3570 annuatim
656 3526 725 3572 non
740 3506 919 3588 excedunt,
935 3526 1010 3571 vac.
1034 3503 1077 3569 ad
1092 3524 1229 3590 presens
1245 3504 1334 3589 apud
1349 3503 1463 3569 sedem
1479 3512 1586 3589 apost.
1602 3524 1664 3589 per

301 3608 438 3694 plenam
454 3618 489 3675 et
512 3610 652 3675 liberam
677 3611 938 3695 resignationem
964 3608 1104 3674 Henriei
1130 3608 1213 3674 dicti
1236 3608 1449 3689 Tsaudemin,
1476 3607 1662 3693 presbiteri,

302 3712 409 3778 ultimi
424 3711 515 3778 dicte
530 3716 740 3799 cappellanie
763 3714 960 3801 cappellani,
988 3712 1043 3798 qui
1072 3712 1105 3777 in
1122 3709 1163 3777 V.
1179 3711 1210 3777 S.
1227 3712 1317 3777 curia
1341 3711 1467 3778 dictam
1495 3712 1663 3798 cappella-

301 3817 393 3882 niam
408 3818 508 3904 plene
524 3826 559 3883 et
573 3818 676 3884 libere
693 3820 874 3903 resignavit
888 3827 1026 3905 propter
1044 3817 1314 3902 impetrationem
1339 3818 1372 3881 in
1399 3818 1517 3882 vestris
1544 3816 1661 3902 gratiis

300 3921 510 4005 generalibus
524 3920 567 3985 de
583 3942 649 4006 qua
665 3924 816 4009 provisus
831 3931 892 4003 est,
909 3942 968 3988 seu
989 3921 1132 4006 gratiam
1148 3921 1209 3986 sibi
1233 3920 1421 3986 faciendam
1446 3928 1480 3985 et
1505 3920 1661 3986 obtinen-

300 4024 391 4104 dam,
407 4045 465 4089 seu
479 4025 562 4091 alias
577 4026 799 4109 quovismodo
814 4036 925 4109 vacet,
949 4024 1040 4090 dicto
1058 4024 1209 4090 Henrico
1236 4044 1312 4089 cum
1329 4024 1482 4089 omnibus
1502 4023 1568 4089 suis
1580 4024 1660 4107 juri-

300 4131 362 4193 bus
378 4137 412 4194 et
426 4128 638 4215 pertinentiis
652 4130 812 4196 universis
826 4129 1009 4216 dignemini
1032 4128 1217 4215 providere,
1234 4136 1349 4194 amoto
1364 4130 1405 4193 ab
1422 4128 1493 4213 ipsa
1508 4127 1660 4213 quolibet

301 4229 477 4297 detentore
495 4255 504 4313 ;
521 4252 589 4298 non
606 4235 692 4299 obst.
707 4234 798 4319 quod
819 4235 910 4301 idem
927 4232 1095 4298 Henricus
1109 4235 1186 4297 ben.
1211 4233 1292 4297 eccl.
1309 4252 1338 4297 0.
1354 4253 1383 4298 0.
1399 4232 1454 4297 vel
1469 4252 1494 4297 s.
1511 4251 1550 4312 c.,
1566 4251 1661 4317 spec·

301 4343 378 4401 tans
404 4336 628 4401 communiter
651 4338 706 4402 vel
732 4337 864 4403 divisim
891 4337 936 4403 ad
960 4336 1187 4415 collationem,
1215 4343 1279 4402 etc.
1304 4335 1423 4403 decani
1461 4346 1496 4400 et
1522 4334 1663 4421 capituli

301 4440 441 4505 ecclesie
457 4441 533 4506 coll.
549 4440 580 4507 S.
597 4440 688 4506 Petri
704 4440 899 4508 Leodiensis
920 4442 1046 4507 virtute
1069 4439 1256 4505 litterarum
1272 4449 1380 4526 apost.
1396 4439 1437 4505 de
1454 4440 1573 4505 vestris
1587 4458 1664 4523 gra·

301 4543 355 4607 tiis
371 4544 613 4626 communibus,
630 4552 665 4609 et
686 4565 903 4631 processuum
929 4564 1013 4629 quos
1039 4542 1110 4607 fieri
1135 4541 1224 4625 fecit,
1248 4542 1291 4608 sit
1315 4552 1509 4629 expectans,
1537 4542 1579 4607 de
1595 4562 1664 4627 qua

301 4646 436 4731 quidem
453 4648 635 4713 collatione
651 4647 802 4715 nondum
816 4648 953 4735 aliquod
969 4646 1149 4715 comodum
1160 4648 1353 4731 reportavit,
1364 4667 1441 4713 curn
1451 4645 1665 4735 inhibitione,

303 4836 475 4959 nichilo?
487 4839 568 4901 ltuyc
578 4856 584 4897 ;
594 4840 651 4893 voir
663 4854 688 4890 n.
700 4842 816 4903 rol-252,
830 4844 885 4892 274.
897 4870 930 4879 -
941 4845 964 4893 2.
977 4842 1061 4904 Brom,
1075 4844 1150 4896 Ball.
1164 4846 1278 4909 Trajact,
1291 4860 1316 4896 n.
1330 4845 1437 4893 lasa-
1445 4846 1468 4893 3.
1478 4844 1541 4894 Voir
1551 4859 1577 4894 n.
1590 4846 1664 4905 1140,

369 4947 374 4968 ‚
420 4929 434 4959 o
454 4949 459 4960 .
