3650 5675
298 481 358 546 sss
830 476 917 555 lars,
943 475 1035 540 24-27
1053 475 1129 557 jun.

301 632 524 719 capellaniam
540 631 578 696 B.
596 628 645 695 M.
662 630 694 694 in
722 630 805 696 ecel.
830 630 862 694 S.
878 627 1044 706 Johannis
1068 627 1111 694 de
1136 628 1374 715 Poperinghes,
1390 589 1600 696 Touinacen.
1625 637 1660 694 et

301 735 470 802 Morinen.
486 735 583 815 dioc,
598 734 747 799 noscitur
762 733 923 798 obtinere.
935 771 978 782 --
995 730 1072 797 Fiat
1088 731 1128 796 R.

300 882 304 888 -
344 841 424 905 Dat.
440 839 540 904 Avin.
558 859 576 918 9
592 838 660 903 kal.
673 837 745 923 julii
761 845 795 903 a⁰
811 844 853 921 7⁰.
871 838 941 920 (15,
959 837 1027 920 88).

354 977 1457 1074 1376.1348,
1475 1012 1514 1074 24
1526 989 1613 1071 juin.

347 1093 446 1160 Motu
461 1094 597 1180 proprio
620 1094 835 1180 providemus
855 1091 1016 1177 magistro
1042 1090 1191 1169 Johanni
1208 1090 1257 1157 La
1282 1091 1464 1178 Verneyra,
1480 1096 1659 1160 secretario

303 1199 460 1266 carissimi
477 1198 511 1263 in
527 1197 660 1265 Christo
675 1198 733 1263 filii
750 1198 835 1283 regis
851 1196 1035 1277 Francie,...
1048 1196 1091 1262 de
1116 1217 1189 1263 ean.
1206 1205 1241 1262 et
1266 1199 1359 1283 preb.
1376 1199 1516 1264 ecclesie
1531 1198 1658 1266 Toma-

301 1323 374 1369 cen.
389 1322 464 1368 vac.
480 1322 540 1388 per
555 1305 609 1368 ob.
627 1301 761 1368 Nicolai
776 1303 819 1368 de
834 1300 971 1387 Campis
983 1311 1000 1380 ¹,
1018 1299 1073 1385 qui
1090 1308 1185 1366 extra
1201 1299 1299 1367 Rom.
1316 1302 1441 1368 curiam
1462 1304 1552 1369 diem
1569 1305 1658 1370 clau-

300 1407 344 1473 sit
360 1407 657 1492 extremum,cujus
671 1407 836 1472 beneficia
852 1413 931 1470 ante
946 1404 1016 1489 ejus
1027 1412 1171 1470 mortem
1188 1426 1248 1491 per
1263 1426 1325 1472 nos
1340 1407 1473 1474 fuerunt
1485 1419 1653 1476 reseruata

300 1553 344 1563 -
367 1511 445 1577 Fiat
459 1520 555 1577 motu
569 1512 714 1599 proprio.
732 1510 772 1577 R.

347 1616 424 1680 Dat.
448 1615 546 1680 Avin.
564 1618 582 1681 8
599 1616 667 1682 kal.
680 1616 752 1702 julii
769 1623 803 1682 a⁰
820 1625 861 1700 7⁰.
878 1618 948 1698 (15,
967 1614 1035 1698 79).

358 1753 491 1838 1377.
1365 1771 1459 1852 1348,
1477 1791 1516 1854 ²4
1528 1769 1614 1851 juin.

346 1870 511 1956 Dignetur
526 1869 557 1935 S.
574 1869 613 1935 V.
631 1869 775 1937 Nicolao
792 1870 962 1952 Grenoldi,
979 1873 1101 1939 clerico
1117 1878 1152 1936 et
1168 1869 1347 1936 secretario
1363 1870 1478 1937 devoti
1490 1872 1546 1937 filii
1559 1875 1659 1940 vestri

302 1973 476 2054 Johannis,
491 1974 585 2041 ducis
600 1973 794 2057 Brabancie,
819 1975 861 2042 de
876 1975 1054 2059 decanatu,
1077 1995 1152 2042 can.
1177 1981 1212 2039 et
1238 1977 1328 2060 preb.
1345 1975 1485 2041 ecclesie
1507 1979 1661 2044 Antwer-

302 2078 434 2164 piensis,
465 2075 681 2144 Cameracen.
713 2078 810 2159 dioc,
826 2101 899 2146 vac.
928 2101 986 2168 per
1011 2083 1064 2146 ob.
1097 2078 1232 2145 Nicolai
1247 2078 1290 2144 de
1315 2078 1433 2146 Castro
1449 2093 1470 2163 ²,
1487 2083 1542 2166 qui
1566 2093 1661 2150 extra

304 2183 430 2249 curiam
446 2182 537 2258 obiit,
554 2183 656 2248 etiam
680 2182 706 2248 si
733 2191 811 2249 sunt
825 2184 1046 2269 quovismodo
1073 2181 1241 2263 reservati,
1270 2182 1315 2248 ad
1329 2203 1429 2268 quem
1456 2184 1659 2253 decanatum

304 2287 479 2353 consuevit
492 2284 640 2352 decanus
654 2307 715 2373 per
740 2288 942 2355 electionem
967 2289 1100 2370 assumi,
1116 2286 1290 2374 providere
1303 2310 1312 2367 ;
1329 2307 1404 2360 non¹
1420 2291 1505 2356 obst.
1521 2291 1611 2376 quod
1625 2293 1660 2358 in

302 2389 392 2456 dicta
408 2389 549 2457 ecclesia
564 2410 639 2457 can.
655 2390 786 2458 obtinet
802 2401 836 2458 et
851 2396 953 2480 preb,
970 2414 1010 2460 ac
1032 2394 1120 2480 dign.
1137 2392 1191 2456 vel
1206 2411 1291 2477 pers.
1307 2412 1366 2457 seu
1381 2393 1437 2458 off.
1454 2405 1610 2481 expectat
1625 2405 1661 2462 et

303 2492 473 2578 quoddam
488 2495 565 2560 ben.
592 2495 733 2577 obtinet,
749 2518 814 2582 que
830 2497 954 2564 habere
970 2495 1152 2583 dignemini
1173 2515 1233 2580 pro
1249 2498 1480 2582 expressis..—
1504 2499 1581 2566 Fiat
1598 2499 1660 2568 R...

347 2597 427 2663 Dat.
443 2597 542 2665 Avin.
559 2601 577 2664 8
594 2597 660 2667 kal.
673 2600 744 2685 julii
761 2609 794 2667 a⁰
811 2608 852 2685 7⁰.
870 2603 940 2686 (15,
958 2603 1026 2690 80).

357 2735 496 2821 1378.
1365 2755 1460 2839 1348,
1478 2752 1520 2817 ad
1530 2749 1617 2832 juin.

348 2852 447 2920 Motu
462 2855 597 2941 proprio
620 2856 833 2943 providemus
858 2854 878 2934 J
881 2856 1007 2923 ohanni
1033 2858 1076 2924 de
1102 2858 1325 2937 Guazonibus
1351 2859 1472 2926 clerico
1497 2854 1661 2923 Mediola-

303 2959 414 3023 nensis
429 2958 540 3044 dyoc,
556 2960 667 3043 legum
682 2960 823 3041 doctori,
838 2960 881 3027 de
904 2981 978 3027 can.
1007 2970 1041 3027 et
1067 2965 1158 3048 preb.
1184 2966 1265 3031 eccl.
1284 2964 1499 3030 Cameracen.
1512 2980 1586 3026 vac.
1602 2979 1662 3045 per

304 3064 357 3127 ob.
384 3061 556 3146 quondam
581 3060 812 3131 Bartholomei
838 3065 880 3131 de
904 3063 1173 3133 Calamandrana
1188 3079 1208 3150 ³,
1236 3068 1291 3154 qui
1312 3087 1419 3155 nuper
1444 3076 1539 3133 extra
1561 3064 1660 3130 Rom.

304 3164 429 3232 curiam
444 3164 597 3233 decessit.
613 3166 745 3235 -Fiat
763 3167 802 3235 R.
819 3169 954 3257 proprio
969 3178 1073 3236 motu.

347 3269 426 3335 Dat.
443 3270 541 3336 Avin.
559 3276 576 3335 6
593 3271 659 3338 kal.
672 3273 744 3357 julii
760 3280 793 3338 a⁰
810 3280 852 3357 7⁰.
868 3275 937 3356 (15,
959 3277 1043 3357 roo).

357 3404 496 3492 1379.
1370 3431 1519 3513 1341130
1531 3426 1617 3510 juin.

347 3524 472 3612 Supp...
488 3524 661 3603 Johannes
690 3526 732 3591 de
763 3525 890 3607 Venne,
907 3528 984 3593 cler.
1016 3527 1231 3597 Cameracen.
1261 3531 1358 3613 dioc,
1390 3540 1481 3617 quat.
1512 3531 1573 3598 sibi
1604 3530 1662 3617 [de

306 3629 487 3713 beneficio]
503 3629 546 3695 ad
561 3630 658 3695 coll...
674 3629 795 3696 decani
810 3638 845 3695 et
861 3631 999 3718 capituli
1012 3634 1093 3699 eccl.
1119 3634 1150 3699 S.
1178 3633 1299 3700 Gudile
1323 3635 1555 3717 Bruxellensis,
1572 3635 1662 3701 dicte

305 3731 435 3814 dioc.,...
445 3733 628 3819 dignemini
640 3733 846 3820 providere...
864 3775 900 3785 —
923 3735 1000 3802 Fiat
1016 3735 1056 3802 R.

348 3835 427 3902 Dat.
443 3837 542 3902 Avin.
561 3842 578 3901 6
594 3835 662 3902 kal.
675 3836 747 3922 julii
764 3845 797 3903 a⁰
815 3846 856 3921 7⁰.
874 3841 944 3924 (15,
966 3841 1067 3925 rorl).

356 3974 498 4060 1380.
1364 3999 1458 4081 1348,
1476 4014 1518 4080 27
1527 3994 1614 4077 jmu.

346 4091 468 4179 Supp...
486 4092 606 4174 Guido,
622 4094 674 4158 tit.
691 4094 722 4159 S.
744 4093 869 4161 Cecilie
884 4100 993 4182 presb.
1009 4098 1108 4179 card,
1125 4109 1215 4184 quat.
1232 4100 1382 4168 Roberto
1398 4101 1554 4183 Gardelli,
1570 4121 1659 4187 pres-

304 4195 422 4278 bitero,
438 4196 481 4261 de
507 4196 659 4283 parroch.
679 4200 761 4264 eccl.
787 4198 830 4265 de
856 4200 1045 4283 Hosstrate,
1062 4202 1279 4271 Cameracen.
1306 4206 1403 4284 dioc..
1426 4206 1515 4293 apud
1545 4204 1659 4271 sedem

303 4311 412 4385 apost.
422 4321 495 4367 vac.
507 4321 566 4387 per
580 4301 718 4367 liberam
734 4302 998 4387 resignacionem
1013 4326 1073 4391 per
1084 4306 1193 4393 ipsum
1203 4308 1407 4375 cardinalem
1417 4330 1522 4397 nuper
1534 4308 1659 4375 factam

338 4543 359 4587 l.
373 4540 413 4588 M·
425 4540 518 4589 Colard
538 4542 570 4591 de
582 4542 687 4607 Campis
706 4543 747 4591 fut
766 4545 869 4594 nomme
885 4546 1010 4596 chanoine
1021 4562 1084 4597 aveo
1095 4550 1256 4610 expectative
1267 4548 1299 4597 de
1312 4549 1439 4612 prdboude
1451 4548 1474 4597 le
1486 4550 1500 4596 4
1512 4562 1580 4596 iners
1597 4550 1660 4597 1336

304 4612 340 4674 (V
342 4612 401 4673 idat,
414 4628 439 4663 n.
451 4615 528 4677 2883)
540 4632 545 4674 ;
558 4616 576 4663 11
593 4623 631 4664 est
642 4616 726 4665 circle
738 4619 752 4664 4
763 4618 830 4665 avril
841 4620 904 4667 1340
916 4620 986 4682 (Van
1005 4622 1096 4683 Duyse,
1111 4622 1209 4673 Iment.
1221 4623 1292 4671 arud.
1304 4622 1347 4671 eles
1358 4624 1457 4671 ‹aelartes
1469 4622 1500 4671 dc
1520 4622 1546 4670 lu
1561 4622 1619 4669 rille
1630 4622 1662 4671 de

307 4686 389 4745 (land,
402 4701 427 4750 p.
441 4689 508 4750 138).
519 4716 552 4724 -
563 4692 586 4739 2.
599 4690 661 4737 l'oir
672 4705 697 4739 n.
715 4691 769 4749 446,
782 4692 836 4746 472,
851 4693 920 4741 1144.
933 4720 965 4728 -
977 4696 999 4742 3.
1014 4695 1184 4759 Barthelemy,
1198 4697 1238 4745 fils
1258 4697 1289 4745 de
1302 4698 1377 4746 noble
1395 4697 1523 4758 Francois.
1542 4699 1661 4758 seigneur

303 4760 335 4809 de
348 4761 559 4820 Culamandrnnn,
572 4764 613 4811 fut
625 4764 727 4813 nomnrd
738 4766 864 4815 chanoiue
875 4766 907 4815 de
921 4766 998 4829 Libge
1009 4783 1071 4819 avec
1080 4772 1243 4833 expectatis-e
1252 4771 1283 4819 ‹lo
1294 4770 1422 4834 prebende
1434 4785 1479 4834 pur
1491 4770 1555 4819 dean
1569 4770 1659 4819 xxll.

304 4833 329 4882 le
341 4836 373 4882 1²¹
384 4834 519 4885 decembre
531 4838 594 4886 1330
606 4837 682 4901 (Req.
694 4840 770 4888 Acin.
782 4842 819 4893 38.
834 4840 851 4888 f.
864 4842 941 4901 2688).
955 4841 977 4889 11
990 4842 1031 4891 iub
1039 4844 1196 4893 archidiucru
1211 4844 1243 4893 de
1256 4844 1370 4892 Bnrbant
1382 4847 1395 4893 ri
1410 4842 1486 4906 Li‘cge
1498 4850 1524 4892 et.
1535 4844 1615 4902 figure
1626 4860 1658 4891 cn

303 4915 371 4955 cette
382 4908 480 4969 qualite
492 4910 527 4957 du
538 4914 552 4958 5
564 4912 626 4959 aeut
641 4914 702 4960 1329
714 4928 748 4961 au
761 4915 790 4961 17
803 4928 870 4961 mars
884 4916 945 4962 1343
958 4915 1002 4977 (de
1015 4916 1142 4966 Murneffc
1153 4932 1194 4980 up.
1208 4917 1347 4977 :luido-lux,
1360 4918 1456 4976 xxvi.
1471 4921 1536 4977 410).
