3650 5675
721 577 809 652 2222,
831 576 925 642 arao
944 575 1022 657 jun.
1497 579 1558 644 252

193 727 317 793 dantur
349 734 385 793 et
408 727 511 793 etiam
534 735 745 808 moveantur,
772 727 955 812 dignemini
984 727 1138 792 omnibus
1164 749 1242 792 vere
1270 728 1497 814 penitentibus
1521 739 1555 794 et

194 831 363 912 confessis,
380 831 436 916 qui
453 831 495 896 de
510 831 608 896 bonis
623 831 671 896 eis
687 852 707 896 a
724 831 799 896 Deo
815 831 947 896 collatis
963 830 1007 896 ad
1032 831 1280 917 reparationem
1297 840 1331 897 et
1347 832 1553 897 reformatio-

194 955 272 999 nem
288 933 370 1000 dicti
385 935 589 1015 monasterii,
605 935 680 1021 pias
695 935 897 1000 elemosinas
920 943 955 998 et
979 933 1046 998 alia
1071 933 1220 1000 caritatis
1235 935 1380 1002 subsidia
1397 957 1555 1020 erogare-

194 1039 270 1119 rint,
297 1037 426 1123 aliquas
459 1037 685 1123 indulgentias
709 1038 881 1124 impertiri,
905 1037 948 1104 de
976 1039 1094 1123 quibus
1121 1038 1161 1105 V.
1186 1040 1351 1125 placuerit
1375 1039 1417 1120 8.,
1441 1041 1554 1125 eisque

196 1142 381 1208 concedere
396 1143 487 1228 quod
501 1143 630 1228 possint
642 1142 770 1208 litteras
785 1142 974 1227 hujusmodi
990 1140 1196 1228 indulgentie
1220 1164 1279 1230 per
1293 1144 1438 1230 patriam
1454 1144 1554 1209 (lesti-

193 1267 275 1311 nare
289 1266 351 1332 pro
366 1247 543 1331 querendis
558 1247 749 1313 elemosinis
763 1254 799 1311 et
822 1246 975 1312 subsidiis
997 1248 1202 1314 memoratis.
1219 1288 1260 1298 -
1277 1245 1352 1313 Fiat
1367 1248 1409 1313 de
1425 1248 1554 1314 duobus

194 1349 291 1414 annis
306 1357 341 1414 et
356 1348 485 1415 duabus
500 1351 733 1435 quadragenis.
753 1350 794 1417 R.

241 1452 328 1519 Item
354 1456 463 1540 suppl.
489 1463 580 1538 quat.
607 1455 655 1520 eis
680 1456 865 1521 concedere
890 1455 1072 1539 dignemini
1100 1464 1363 1538 conservatores,
1391 1456 1554 1522 informa

194 1555 321 1622 dudum
337 1577 497 1623 concessa
512 1559 649 1643 prelatis
665 1558 806 1624 Ytalicis
821 1559 855 1622 in
883 1558 1028 1624 concilio
1044 1558 1207 1625 Viennen.
1231 1600 1274 1611 -
1301 1558 1379 1624 Fiat
1395 1559 1438 1625 ad
1453 1561 1553 1625 trien-

194 1661 299 1726 nium.
315 1659 357 1725 R.

241 1763 321 1828 Dat.
338 1785 392 1850 ap.
408 1763 657 1831 l'illamnovam
677 1787 715 1831 10
731 1767 798 1831 kal.
811 1767 883 1851 julii
901 1773 934 1831 a⁰
952 1775 993 1850 5⁰.
1011 1765 1077 1850 (ll,
1096 1769 1164 1852 54).

252 1898 388 1982 1017.
1261 1919 1355 2000 1346,
1373 1939 1412 2001 24
1424 1916 1512 1997 juin.

241 2019 342 2105 Supp.
358 2019 378 2097 J
381 2020 542 2100 ohannes,
558 2021 659 2106 episc.
674 2022 871 2085 Atrebaten.
889 2036 909 2100 ¹,
934 2027 1024 2103 quat.
1044 2018 1151 2104 [fratri
1177 2039 1247 2100 su0,
1262 2039 1349 2105 mag.
1375 2020 1557 2106 Aymerico

198 2125 353 2205 Galvani,
369 2128 443 2191 bac.
460 2126 494 2190 in
510 2126 610 2207 decr,
636 2124 784 2211 cantori]
814 2127 897 2191 eccl.
922 2124 1120 2209 Lingonen,
1147 2124 1189 2189 de
1214 2145 1289 2190 can.
1317 2131 1351 2188 et
1367 2125 1458 2209 preb.
1474 2123 1557 2188 eccl.

198 2231 417 2294 Atrebaten...
427 2229 609 2314 dignemini
622 2229 808 2315 providere,
817 2249 887 2294 non
897 2230 983 2293 obst.
1005 2227 1095 2311 quod
1111 2227 1199 2293 idem
1215 2227 1414 2312 Aymericus
1429 2228 1462 2290 in
1479 2226 1557 2291 Lin-

198 2352 320 2415 gonen.
336 2334 522 2398 cantoriam
539 2341 573 2398 et
589 2334 622 2397 in
639 2333 759 2398 eadem
775 2331 961 2416 Lingonen.
977 2353 1016 2397 ac
1033 2331 1065 2395 in
1092 2331 1123 2395 S.
1150 2329 1289 2395 Martini
1306 2328 1348 2395 de
1376 2329 1558 2414 Campellis

199 2436 234 2500 in
251 2434 337 2517 Bria,
353 2437 511 2504 Parisien.
527 2438 624 2519 dioc,
641 2458 716 2503 2222.
732 2445 767 2502 et
782 2440 873 2523 preb.
890 2456 1023 2501 necnon
1053 2436 1085 2499 122
1113 2434 1268 2499 Parisien.
1296 2432 1378 2498 2221.
1399 2453 1473 2497 can.
1497 2434 1556 2496 sub

201 2561 276 2626 exp.
291 2544 383 2626 preb.
399 2563 440 2606 ac
455 2551 669 2627 personatum
685 2542 728 2608 de
744 2541 953 2624 Sourkerque
964 2551 984 2620 ¹,
1000 2539 1166 2604 Morinen.
1183 2538 1280 2618 (1102,
1294 2537 1386 2621 cujus
1403 2537 1558 2602 fructus...

205 2664 264 2709 100
278 2644 336 2709 lib.
351 2643 429 2710 Tur.
444 2667 537 2731 parv.
552 2666 621 2711 non
637 2644 815 2724 excedunt,
831 2644 981 2709 noscitur
997 2643 1158 2707 obtinere.
1179 2679 1210 2688 -
1233 2640 1308 2705 Fiat
1324 2639 1364 2704 R.

247 2747 324 2813 Dat.
340 2769 393 2835 ap.
410 2749 660 2815 villamnovam
677 2751 695 2813 8
712 2748 779 2812 kal.
792 2747 865 2832 julii
881 2754 913 2812 a⁰
932 2755 972 2830 5⁰.
990 2746 1056 2830 (11,
1075 2750 1157 2829 bol).

255 2887 394 2969 1018.
1265 2899 1359 2979 1346,
1377 2916 1417 2979 29
1428 2894 1514 2977 jain.

244 3006 345 3092 Supp.
361 3003 381 3083 J
384 3006 536 3070 ohannes
550 3005 592 3071 de
609 3003 802 3082 Basentin0,
820 3006 896 3069 cler.
914 3002 1118 3067 Noviomen.
1134 2999 1232 3079 (1102,
1249 3007 1342 3084 quat.
1369 3000 1398 3063 ei
1423 2998 1556 3063 decan.

201 3118 235 3173 et
251 3113 342 3195 preb.
358 3110 440 3175 eccl.
456 3110 488 3173 S.
505 3108 594 3173 Petri
612 3107 802 3188 Insuleusis,
813 3108 842 3172 T
844 3127 1001 3173 ornaceu.
1017 3105 1114 3186 (1102,
1125 3125 1198 3170 vae.
1215 3104 1305 3190 apud
1320 3102 1434 3169 sedem
1450 3111 1558 3188 apost.

200 3234 260 3297 per
274 3213 330 3278 lib.
346 3213 503 3297 resignat.
519 3233 538 3276 a
554 3220 769 3298 procuratore
785 3231 872 3294 mag.
889 3210 1055 3287 Johannis
1071 3209 1112 3273 de
1130 3208 1344 3293 ErqueriacO,
1360 3216 1441 3272 tunc
1458 3206 1559 3291 ipsius

202 3317 341 3382 ecclesie
358 3338 430 3382 can.
447 3318 550 3401 preb,
567 3316 692 3381 iactam
708 3316 750 3381 de
766 3316 829 3381 illis
853 3314 943 3399 apud
967 3313 1080 3379 sedem
1101 3313 1208 3399 ipsam
1234 3313 1266 3376 in
1294 3312 1448 3376 manibus
1465 3310 1504 3376 R.
1522 3308 1558 3375 P.

201 3420 291 3486 dom.
308 3420 397 3487 card.
414 3420 580 3485 liduensis
595 3431 615 3500 ³,
632 3420 674 3485 de
689 3419 853 3485 mandato
868 3427 981 3483 restro
997 3438 1095 3503 super
1121 3417 1186 3481 1202
1202 3416 1279 3480 vive
1304 3416 1397 3480 vocis
1424 3415 1558 3479 oraculo

201 3525 262 3588 sibi
279 3524 379 3605 fact0,
395 3525 653 3609 resignationem
676 3523 866 3608 hujusmodi
883 3521 1093 3587 admittentis
1108 3544 1116 3599 ;
1145 3541 1209 3605 que
1237 3518 1370 3603 quidem
1387 3516 1557 3602 prebenda

203 3627 312 3713 quta
327 3635 454 3693 statuta
470 3627 572 3713 ipsius
588 3628 729 3693 ecclesie
745 3628 834 3692 n'unc
850 3624 1069 3691 sacerdotalis
1085 3624 1208 3703 existit,
1233 3622 1336 3686 etiarn
1362 3622 1387 3685 si
1406 3621 1465 3705 ipsi
1483 3640 1557 3683 can.

200 3740 235 3795 et
250 3735 341 3817 preb.
353 3730 382 3817 ¹¹]
410 3732 492 3797 alias
519 3752 578 3817 per
594 3732 626 3795 S.
650 3730 700 3812 V,
726 3732 780 3795 vel
805 3728 1057 3815 predecessores
1084 3738 1222 3805 vestros,
1251 3726 1359 3789 sint...
1388 3723 1556 3797 reservati,

199 3835 379 3919 dignemini
396 3835 572 3922 providere
586 3858 594 3915 ;
612 3856 689 3901 cum
705 3855 747 3899 eo
762 3834 1005 3918 dispensantes,
1016 3840 1053 3896 ut
1063 3830 1196 3896 statutis
1212 3838 1247 3893 et
1263 3826 1557 3892 consuetudinibus

201 3937 301 4023 ipsius
325 3940 407 4004 eccl.
436 3939 621 4019 contrariis,
649 3938 752 4003 etiam
776 3937 802 4001 si
829 3943 991 4001 caveatur
1017 3936 1050 3997 in
1076 3934 1132 4015 eis,
1160 3932 1251 4017 quod
1273 3931 1382 3995 nullus
1410 3930 1556 4013 aliquam

200 4040 444 4107 sacerdotalem
459 4042 663 4128 prebendam
680 4040 713 4103 in
731 4040 803 4123 ipsa
827 4038 908 4103 2221.
937 4037 1066 4121 assequi
1091 4037 1146 4099 rel
1170 4035 1320 4100 obtinere
1346 4033 1470 4112 valeat,
1494 4032 1555 4097 nisi

202 4146 280 4211 a‘ctu
295 4146 458 4227 52222105,
475 4148 528 4211 vel
545 4146 577 4209 in
595 4143 695 4211 sacris
712 4142 914 4208 constitutus
934 4141 1056 4205 existat
1072 4163 1079 4219 ;
1098 4149 1132 4204 et
1159 4158 1368 4223 quacumque
1396 4138 1556 4201 constitu·

200 4249 294 4313 tione
309 4251 343 4314 in
371 4250 575 4315 contrarium
599 4247 690 4313 edita
713 4265 926 4331 nequaquam
943 4248 1039 4323 obst,
1057 4243 1146 4308 idem
1162 4242 1346 4321 Johannes,
1370 4241 1424 4323 qui
1448 4241 1557 4306 nullos

202 4352 321 4433 adhuc,
348 4363 460 4439 preter
485 4354 628 4439 primam
653 4360 836 4429 tonsuram,
869 4349 997 4434 recepit
1023 4347 1164 4427 ordines,
1192 4346 1281 4430 ipsos
1305 4365 1379 4410 2222.
1404 4352 1439 4409 et
1465 4346 1557 4429 preb.

202 4456 303 4521 libere
318 4458 466 4543 recipere
482 4465 517 4522 et
533 4456 624 4522 licite
639 4456 783 4521 retinere
798 4454 911 4518 valeat
927 4474 935 4531 3
953 4451 1109 4535 quodque
1125 4450 1256 4515 ratione
1273 4449 1419 4535 ipsorum
1436 4469 1511 4513 can.
1524 4456 1558 4511 et

201 4548 293 4645 preb.
303 4582 373 4626 uon
385 4568 541 4626 teneatur
552 4560 615 4625 nisi
625 4561 802 4626 dumtaxat
813 4557 856 4622 ad
869 4555 1130 4621 subdiaconatus
1146 4554 1296 4621 ordinem
1307 4553 1506 4640 promoveri.
1517 4593 1559 4603 -

235 4752 262 4810 a)
274 4750 348 4800 Cotta
359 4750 450 4813 phrase
461 4764 478 4797 2
488 4747 529 4797 dte
540 4746 644 4811 ajouttc
655 4762 688 4795 en
698 4760 794 4806 margo.

238 4946 260 4992 l.
272 4944 337 4993 dean
356 4944 467 4993 Galvani
484 4944 587 4993 nomme
603 4945 627 4993 12
644 4945 675 4992 28
693 4942 743 4993 fer.
755 4943 818 4991 1344
831 4942 933 5003 (Euhel.
948 4942 966 4991 Ι.
982 4942 1049 5001 lli).
1061 4968 1093 4975 -
1110 4943 1132 4989 2.
1145 4940 1209 4987 Sans
1220 4939 1298 4988 doute
1311 4938 1438 4985 Zutkcrkc
1451 4936 1561 4995 (Pau-dc·

206 5018 307 5079 Calais).
320 5048 352 5057 -
363 5019 387 5068 3.
399 5018 483 5068 Ρ12222
496 5018 629 5079 Bertrund,
642 5017 710 5067 med.
722 5017 758 5064 du
770 5019 831 5064 titre
842 5016 874 5065 (12
887 5014 1040 5064 22122202(
1054 5030 1059 5071 ;
1072 5028 1095 5062 r.
1110 5028 1133 5061 n.
1146 5015 1200 5063 976.
