3650 5675
679 517 767 590 1342,
790 514 885 580 0030
904 516 1015 597 juna.
1490 522 1531 587 aa

212 670 294 730 124.
312 662 400 729 Item
423 684 517 751 supp.
534 672 626 749 quat.
643 664 773 751 phisico
799 685 860 731 suo
885 664 986 733 Petro
1002 666 1133 746 chaale,
1157 688 1244 753 mag.
1268 669 1302 733 in
1322 670 1411 736 med.
1427 680 1463 737 et
1477 672 1531 737 lic.

166 769 200 831 in
217 776 290 847 arb,
306 768 349 833 de
360 788 431 834 can.
448 776 483 833 et
498 771 588 854 preb.
617 768 645 833 S.
663 768 848 834 Donatiani
865 767 1042 854 Brugensis
1059 783 1079 852 ¹,
1104 770 1290 837 Tornacen.
1306 773 1402 855 (1100,
1418 775 1534 859 digne-

165 872 247 936 mini
262 872 449 957 providere,
465 893 535 937 non
551 874 635 938 obst.
651 871 742 956 quod
757 873 910 957 parroch.
927 875 1007 939 eccl.
1018 873 1061 940 de
1073 874 1238 961 Vlevaing
1250 886 1286 943 et
1297 898 1371 942 can.
1388 887 1423 943 et
1438 882 1531 964 preb.

166 976 247 1040 eccl.
278 974 322 1040 de
351 974 509 1041 Comines
533 983 569 1040 et
597 974 640 1040 de
674 973 845 1055 Haudion,
875 975 1052 1061 hospitalis
1081 977 1104 1041 S
1134 976 1252 1055 Jacobi
1281 979 1324 1045 de
1353 980 1531 1061 Wastines,

167 1078 199 1143 S.
216 1077 343 1144 Nicasii
362 1078 506 1145 lnsulen.
523 1088 557 1145 et
574 1078 610 1144 B.
628 1076 676 1145 M.
692 1078 727 1144 in
745 1079 998 1160 Hardebourch,
1025 1080 1213 1147 Tornacen.
1229 1082 1328 1163 (1100,
1353 1093 1532 1169 perpetuas

167 1182 373 1267 capellanias
399 1183 540 1263 obtinet,
557 1182 676 1267 quibus
705 1180 934 1269 [capellaniis]
961 1192 1013 1249 est
1036 1186 1226 1251 renuntiare
1249 1195 1396 1271 paratae,
1416 1188 1531 1253 habita

167 1286 375 1370 possessione
390 1286 556 1352 dictorum
573 1294 699 1352 canet
716 1290 818 1371 preb,
835 1287 861 1351 si
878 1286 918 1350 V.
934 1288 1070 1373 placeat
1086 1290 1116 1353 S.
1137 1328 1179 1339 -
1196 1288 1274 1355 Fiat
1299 1290 1335 1355 R

212 1424 290 1485 125.
309 1417 397 1483 Item
412 1438 506 1503 supp.
522 1426 612 1503 quat.
638 1416 790 1483 Gilberto
816 1415 935 1483 Boitat
958 1438 1029 1503 cap.
1046 1438 1106 1483 suo
1127 1419 1170 1483 de
1197 1439 1272 1484 can.
1289 1428 1324 1483 et
1339 1423 1428 1505 preb.
1445 1423 1528 1486 eccl.

167 1522 200 1588 S.
227 1522 409 1587 Salvaton's
426 1521 730 1601 Haerlebercensis,
753 1521 937 1587 Tornacen.
954 1522 1050 1601 dioc,
1065 1521 1246 1606 dignemini
1261 1522 1446 1608 providere,
1463 1545 1530 1591 non

166 1630 253 1692 obst.
280 1626 370 1711 quod
400 1628 480 1693 eccl.
523 1626 552 1693 S.
579 1626 726 1692 Bavonis
755 1624 798 1690 de
829 1624 932 1690 Larve
962 1626 1057 1690 etin
1084 1624 1120 1690 B.
1138 1625 1186 1691 M.
1209 1647 1250 1692 ac
1277 1626 1308 1692 S.
1335 1624 1473 1692 Martini
1496 1638 1532 1693 et

165 1730 287 1797 domus
301 1732 508 1816 leprosorum
535 1729 774 1810 Curtracensis,
798 1728 985 1794 Tornacen.
1009 1729 1108 1810 (1100,
1124 1737 1302 1815 perpetuas
1325 1732 1530 1818 capellanias

87 1892 90 1899 .
166 1833 307 1900 obtinet.
324 1874 366 1885 -
390 1833 467 1900 Fiat
484 1833 523 1899 R.

214 1968 291 2028 126.
309 1962 396 2029 Item
412 1983 506 2049 supp.
523 1972 612 2047 quat.
629 1965 725 2029 alteri
741 1984 814 2050 cap.
830 1985 890 2030 suo
904 1964 1075 2030 Richardo
1088 1963 1335 2031 Probilrominis
1348 1966 1392 2031 de
1407 1986 1480 2033 can.
1496 1977 1530 2033 et

168 2069 257 2151 preb.
274 2067 354 2132 eccl.
371 2066 401 2131 S.
420 2064 574 2133 Marcelli
585 2068 684 2153 juxta
701 2067 854 2149 Parisius,
867 2067 1048 2151 dignemini
1061 2067 1246 2152 providere,
1259 2088 1328 2133 non
1338 2072 1424 2135 obst.
1440 2071 1530 2155 quod

167 2170 319 2256 parroch.
336 2172 415 2235 eccl.
432 2170 474 2236 de
490 2170 644 2236 vlardslo
657 2192 697 2236 ac
713 2172 745 2235 in
762 2172 792 2235 S.
808 2170 954 2236 Amandi
969 2180 1006 2236 et
1021 2171 1051 2237 S.
1067 2171 1291 2237 Salvatorisin
1304 2171 1430 2258 Brugis,
1442 2173 1529 2239 dioc.

166 2272 361 2353 Tornacen.,
377 2295 418 2339 ac
435 2274 468 2338 in
485 2275 514 2338 S.
532 2274 693 2341 Mederici
722 2274 876 2340 Parisien.
893 2274 1042 2340 ecclesiis
1069 2275 1272 2360 capellanias
1300 2276 1430 2343 obtinet
1456 2298 1531 2362 per-

165 2386 293 2462 petuas.
314 2416 357 2425 —-
373 2376 435 2467 vel
451 2376 494 2443 de
511 2398 581 2443 can.
598 2386 633 2443 et
649 2381 738 2465 preb.
755 2379 837 2444 0001.
854 2378 881 2443 S.
899 2376 920 2455 J
923 2378 1065 2443 ohannis
1080 2376 1277 2445 Laudunen.
1292 2419 1335 2430 —
1351 2379 1429 2446 Fiat
1445 2380 1486 2445 R.

211 2522 287 2581 127.
306 2516 394 2581 Item
410 2536 505 2602 supp.
522 2523 614 2601 quat.
631 2515 763 2594 Jacobo
778 2517 820 2582 (10
837 2516 946 2597 vacis,
972 2516 1138 2601 receptori
1161 2535 1231 2593 suo,
1247 2514 1290 2580 de
1305 2518 1471 2582 decanatu
1495 2526 1530 2581 et

165 2621 256 2705 preb.
290 2621 369 2685 eccl.
386 2620 415 2684 S.
433 2619 523 2685 Petri
539 2618 749 2695 Casletensis,
767 2618 932 2686 Morinen.
948 2619 1044 2699 dioc,
1060 2618 1243 2702 dignemini
1259 2620 1445 2705 providere,
1460 2640 1529 2685 non

164 2726 249 2788 obst.
266 2723 354 2807 quod
371 2745 443 2789 can.
460 2733 494 2789 et
510 2728 599 2810 preb.
616 2725 696 2790 eccl.
713 2723 923 2788 Cominensis
937 2732 972 2788 et
987 2723 1143 2808 parroch.
1158 2722 1239 2787 eccl.
1255 2720 1530 2803 Betlrunieusem

163 2826 348 2894 'l'omacen
365 2836 400 2894 et
415 2830 624 2894 Attrebaten.
637 2828 745 2914 dyoc.‚
772 2836 806 2892 et
822 2826 994 2912 quamdan
1020 2826 1138 2913 capell.
1162 2826 1194 2890 in
1222 2828 1304 2893 eccl.
1319 2829 1528 2893 Attrebaten.

164 2933 314 2998 noscitur
329 2934 488 2999 obtinere.
505 2972 548 2982 -
565 2931 643 2997 Fiat
659 2930 699 2996 R.

212 3035 289 3101 Dat.
306 3057 359 3122 ap.
377 3037 627 3102 villamnovam
645 3059 663 3120 4
681 3035 748 3100 kal.
766 3055 839 3120 aug.
855 3045 888 3100 a''
909 3045 945 3100 1⁰.
963 3034 1006 3113 (l,
1025 3049 1092 3118 97).

219 3165 322 3248 128.
1199 3195 1294 3258 1542,
1311 3196 1351 3259 29
1361 3175 1485 3256 juillet.

208 3284 306 3370 Supp.
327 3282 526 3369 Raynardus
542 3281 667 3368 Gayta,
684 3284 801 3367 presb,
819 3279 903 3345 filius
931 3279 1101 3362 quondam
1118 3277 1137 3356 J
1141 3279 1238 3344 acobi
1266 3277 1379 3364 Gayta
1394 3278 1438 3344 de
1453 3279 1530 3345 Cla-

165 3394 328 3468 romonte,
345 3394 437 3470 quat.
454 3385 514 3450 sibi
528 3385 702 3472 providere
717 3383 899 3469 dignemini
916 3381 958 3447 de
976 3403 1052 3447 can.
1069 3385 1139 3447 sub.
1155 3403 1231 3468 exp.
1247 3386 1339 3468 preb.
1355 3384 1437 3449 0001.
1454 3387 1529 3450 coll.

166 3490 208 3554 de
224 3489 254 3554 S.
271 3488 454 3569 Odomam,
472 3487 637 3554 Morinen.
654 3487 751 3570 (1100,
776 3508 845 3552 non
870 3489 957 3552 obst.
973 3485 1065 3570 quod
1080 3505 1152 3551 can.
1169 3495 1204 3550 et
1230 3489 1322 3572 preb.
1337 3486 1528 3565 Belvacen.‚

167 3603 201 3658 et
217 3591 467 3658 Claromouten.
484 3593 614 3674 eccles,
630 3611 762 3657 necnon
787 3603 821 3654 et
836 3589 991 3676 parroclr.
1007 3589 1089 3653 0001.
1106 3587 1145 3653 Β.
1163 3586 1272 3654 Marie
1288 3589 1330 3655 de
1349 3589 1530 3670 Comianis,

169 3695 325 3782 bajocen.
341 3697 437 3774 dioc,
455 3697 606 3762 obtinere
622 3705 787 3760 noscatur.
809 3731 841 3742 -
864 3691 943 3758 Fiat
960 3692 998 3758 R.

211 3801 287 3865 Dat.
304 3821 358 3886 ap.
375 3800 625 3866 villamnovam
643 3823 661 3884 4
678 3799 745 3864 kal.
763 3819 837 3882 aug.
855 3807 888 3862 a‘'
909 3808 944 3862 1⁰.
963 3797 1006 3878 (l,
1028 3812 1112 3881 101).

221 3939 324 4020 129.
1200 3969 1295 4030 1342,
1309 3969 1353 4031 30
1363 3948 1447 4029 juill
1464 3956 1486 4014 l.

209 4056 309 4142 Supp.
325 4056 513 4123 Bernardus
530 4055 701 4142 Espinata,
708 4055 821 4139 presb.
836 4052 1053 4118 lemovicen.
1074 4053 1172 4132 (1100,
1184 4051 1339 4116 officialis
1360 4051 1528 4134 quondam

169 4161 319 4226 foraneus
349 4163 427 4226 bon.
459 4181 560 4226 mem.
587 4159 679 4224 dom.
705 4156 904 4239 G(uillelmi)
929 4156 1030 4241 episc.
1054 4154 1277 4221 Tomaceusis
1291 4165 1312 4234 ²,
1336 4174 1426 4220 nunc
1449 4174 1531 4219 vero

168 4263 265 4330 famil.
280 4265 397 4350 prioris
412 4267 581 4344 Alvemie,
598 4273 687 4348 quat.
704 4261 765 4327 sibi
790 4260 833 4326 de
855 4281 929 4325 can.
945 4259 975 4324 S.
992 4257 1140 4344 Caprasii
1156 4260 1331 4343 Agennen.
1347 4257 1528 4342 dignemini

166 4369 350 4453 providere,
367 4371 458 4455 preb.
475 4389 557 4434 vero
571 4359 749 4433 reservare.
767 4405 808 4412 -
825 4363 901 4429 Fiat
918 4363 955 4426 R.

209 4471 284 4538 Dat.
302 4493 353 4558 ap.
371 4472 623 4538 villamnovam
641 4491 658 4554 3
674 4467 741 4534 kal.
755 4487 827 4552 aug.
844 4475 877 4531 a'¹
898 4476 935 4530 1⁰.
954 4465 997 4545 (l,
1020 4471 1118 4549 105').

219 4611 325 4696 130.
1161 4597 1170 4615 ⁸
1200 4639 1294 4702 1542,
1311 4639 1353 4703 jo
1363 4619 1486 4701 juillet.

208 4728 306 4814 Supp.
324 4726 402 4793 Odo
420 4725 463 4791 de
479 4726 652 4807 Tuumne,
664 4723 944 4790 fraterGuillelmi
961 4723 1049 4790 dom.
1062 4723 1144 4789 dicti
1156 4721 1222 4790 loci
1234 4723 1277 4790 de
1292 4721 1464 4806 Tuumne,
1475 4725 1529 4790 lic.

198 4893 218 4938 1.
240 4891 324 4940 Pierio
343 4891 441 4950 Cbnale.
461 4889 553 4954 prdvdt
562 4889 595 4939 (10
616 4889 700 4938 Caesel
720 4893 747 4938 et
766 4888 841 4937 chan.
866 4889 898 4937 ‹le
917 4889 942 4938 S.
961 4863 1096 4949 Donariem
1114 4894 1220 4939 mourut
1240 4905 1272 4939 cn
1293 4891 1362 4938 iarn.
1384 4888 1529 4954 (Cbmpead.

165 4961 281 5022 0100001,
294 4964 419 5023 ill-lla).
438 4991 461 4997 -
474 4967 497 5012 2.
507 4962 655 5011 Guillnnme
666 4963 698 5011 de
710 4962 865 5020 ventadour,
878 4961 904 5014 ·l·
917 4965 980 5012 1333
991 4965 1092 5024 (Enbel
1107 4964 1126 5024 1,
1139 4967 1205 5027 516).
