3650 5675
718 554 805 629 1845,
828 553 900 617 12¹4
921 571 1011 619 mars.
1487 564 1544 627 197

185 702 469 786 eccl.Tomacen.,
484 706 564 771 dum
580 705 719 787 viveret,
736 704 920 787 obtinebat,
931 706 1023 790 cujus
1038 709 1115 771 ben.
1130 713 1209 771 ante
1225 706 1327 793 ipsius
1342 694 1397 776 ob.
1413 710 1545 778 fuerunt

185 808 377 893 specialiter
391 817 572 890 reservata,
585 809 736 875 conferre
759 808 942 894 dignemini
959 816 994 874 et
1009 809 1070 875 sibi
1085 809 1128 875 de
1143 810 1191 875 eis
1207 811 1311 876 etiam
1326 814 1545 899 providere,...

184 932 254 977 non
278 915 364 978 obst.
387 911 478 996 quod
497 912 699 978 decanatum
714 921 750 979 et
761 915 857 999 preb.
874 913 907 977 in
924 912 1064 978 Belnen.
1080 913 1231 999 predicta
1247 922 1282 979 et
1297 916 1331 979 in
1348 916 1545 984 Cabilonen.

78 1043 80 1051 ·
185 1025 222 1083 et
244 1016 425 1084 Camoten.
447 1038 524 1083 cum
546 1038 623 1105 exp.
646 1017 735 1103 dign.
759 1023 835 1097 etc,
852 1025 887 1082 et
902 1018 936 1081 in
952 1018 984 1082 S.
1000 1016 1087 1094 Justi
1111 1015 1308 1101 Lugdunen.
1324 1039 1365 1085 ac
1380 1019 1420 1086 B.
1437 1019 1487 1087 M.
1502 1023 1545 1088 de

184 1118 451 1200 Montebrisone,
483 1119 679 1205 Lugdunen.
709 1121 807 1201 dioc,
834 1120 994 1201 ecclesiis,
1010 1141 1084 1185 can.
1109 1127 1143 1184 et
1170 1124 1262 1206 preb.
1289 1143 1347 1187 seu
1373 1125 1546 1210 portiones

183 1223 334 1288 noscitur
349 1222 511 1290 obtinere.
526 1265 570 1275 —
586 1224 662 1290 Fiat
677 1224 704 1289 si
719 1244 788 1290 non
803 1224 847 1289 sit
862 1223 959 1290 alteri
971 1225 1025 1308 jus
1040 1224 1074 1288 in
1088 1244 1124 1288 re
1140 1224 1306 1309 quesitum
1323 1225 1363 1292 R.

230 1325 306 1391 Dat.
323 1346 377 1412 ap.
393 1325 641 1393 villamnovam
656 1326 723 1393 kal.
738 1334 836 1393 mart.
851 1334 884 1392 a⁰
901 1334 944 1411 3⁰.
961 1327 976 1412 (
977 1334 1010 1408 6,
1029 1327 1096 1412 57).

238 1465 351 1547 801.
1232 1497 1251 1541 Ι
1253 1495 1327 1559 345,
1344 1489 1387 1543 r‘'
1401 1500 1504 1544 mars.

230 1582 332 1669 Supp.
359 1580 530 1659 Johannes
556 1578 710 1643 Maurelli
727 1589 746 1660 ¹,
769 1581 845 1643 bae.
861 1578 895 1642 in
922 1578 1021 1660 decr,
1038 1579 1254 1649 Lemoviccn.
1278 1583 1376 1658 dioc..
1400 1590 1490 1667 quat.
1506 1581 1548 1646 de

186 1685 355 1751 decanatu
370 1684 469 1749 rurali
484 1684 526 1750 de
542 1681 732 1763 Thecarti0,
755 1682 843 1748 dioc.
863 1681 1046 1764 Pictaven,
1062 1686 1123 1751 sibi
1139 1687 1321 1774 dignemini
1348 1686 1525 1772 providere
1538 1707 1548 1765 ;

186 1810 257 1855 non
273 1792 359 1855 obst.
376 1788 466 1874 quod
481 1808 554 1853 can.
571 1795 607 1851 et
621 1789 712 1872 preb.
726 1784 886 1852 Leodien.
903 1795 937 1852 et
962 1787 1178 1857 Dauratensis
1192 1792 1411 1859 ecclesiarum
1426 1799 1461 1856 et
1476 1810 1550 1877 pre·

186 1895 374 1980 posituram
389 1892 420 1958 S.
437 1892 553 1957 Crucis
568 1890 729 1957 Leodien.
746 1892 897 1956 obtinere
921 1901 1081 1958 noscatur
1104 1904 1139 1961 et
1166 1896 1227 1961 sibi
1254 1896 1296 1961 de
1320 1916 1391 1961 can.
1407 1903 1442 1959 et
1457 1896 1549 1980 preb.

187 1998 220 2063 S.
237 1996 401 2075 Johannis
413 1995 609 2061 Laudunen.
625 1995 659 2059 in
675 1993 786 2079 Burgo
801 1995 973 2080 provisum
999 1996 1106 2079 fucrit,
1123 2020 1264 2084 quorum
1288 2008 1404 2065 tamen
1420 2019 1549 2085 posses·

187 2100 319 2168 sionem
335 2121 403 2166 non
419 2107 470 2164 est
485 2106 655 2164 assecutus
679 2118 743 2163 nec
767 2098 839 2179 fuit,
863 2119 982 2183 ymmo
1008 2121 1106 2187 super
1132 2104 1211 2190 ipsis
1238 2104 1272 2169 in
1299 2104 1426 2191 palatio
1441 2109 1549 2189 apost.

187 2204 284 2270 litem
306 2205 419 2269 habet.
441 2242 468 2251 -
493 2201 569 2267 Fiat
586 2200 626 2267 R.
1170 2281 1174 2289 Ι

233 2308 314 2374 Dat.
331 2328 385 2393 ap.
401 2305 652 2371 villamnovam
668 2303 733 2370 kal.
750 2314 849 2370 mart.
866 2312 899 2370 a⁰
917 2313 959 2391 3⁰.
977 2308 1026 2390 (6,
1044 2310 1111 2393 58).

240 2446 354 2528 802.
894 2496 896 2503 v
1253 2482 1271 2526 r
1402 2481 1506 2525 mars.

232 2565 335 2651 Supp.
361 2562 557 2627 Franciscus
582 2560 625 2625 de
656 2556 939 2640 Monteflascone,
956 2530 1172 2630 Cameracen.
1200 2480 1503 2629 eccliiioiasticus
1527 2574 1549 2642 ²,

187 2671 282 2747 quat.
307 2662 368 2729 sibi
385 2662 556 2747 indulgere
571 2660 755 2745 dignemini
771 2669 808 2726 ut
827 2662 877 2749 [in
899 2666 969 2730 abs.
981 2664 1107 2732 fructus
1122 2667 1230 2733 facere
1247 2666 1381 2753 possit].
1403 2706 1446 2715 -
1472 2664 1548 2731 Fiat

189 2768 223 2832 in
240 2767 347 2833 forma
363 2766 406 2832 ad
421 2764 602 2830 triennium
619 2764 660 2830 R.

232 2873 311 2938 Dat.
327 2893 380 2959 ap.
397 2870 647 2936 Villamnovam
663 2893 682 2955 4
699 2891 777 2936 non.
793 2881 890 2939 mart.
907 2881 941 2938 a⁰
957 2881 1000 2958 3⁰.
1025 2875 1074 2958 (6,
1092 2877 1160 2960 59).

242 3007 358 3094 803·
1256 3043 1352 3110 1345,
1368 3053 1387 3109 4
1405 3048 1508 3091 mars.

235 3127 336 3212 Supp.
355 3123 622 3212 [Engelbertus],
639 3125 767 3191 electus
788 3125 959 3205 Leodicn,
976 3138 1067 3212 quat.
1083 3130 1143 3197 sibi
1162 3130 1347 3196 concedere
1359 3129 1552 3215 dignemini,

189 3230 281 3317 quod
296 3230 401 3316 possit
416 3237 451 3295 et
463 3229 523 3294 sibi
536 3228 804 3311 liceat,quotiens
816 3237 1020 3315 oportunum
1032 3231 1140 3313 fuerit,
1153 3232 1324 3317 ydoneum
1340 3233 1460 3317 eligere
1473 3252 1552 3297 con-

190 3335 359 3414 fessorem,
375 3333 430 3417 qui
447 3353 545 3418 super
559 3331 718 3417 peccatis,
731 3352 795 3415 que
812 3333 872 3398 sibi
891 3334 1114 3416 confitebitur,
1125 3337 1234 3421 ipsum
1246 3337 1421 3402 absolvere
1442 3336 1553 3400 valeat

192 3448 269 3518 etc,
286 3439 320 3502 in
336 3437 442 3503 forma
458 3436 598 3502 concedi
614 3435 830 3521 pontificibus
846 3447 1016 3504 consueta.
1032 3479 1076 3488 -
1092 3438 1167 3505 Fiat
1185 3439 1225 3506 R.

235 3541 325 3607 Item
337 3561 443 3627 supp,
456 3549 547 3624 quat.
558 3541 747 3606 celebrandi
759 3541 885 3623 missas,
898 3554 934 3607 et
946 3544 1104 3610 celebrari
1120 3565 1234 3610 coram
1250 3567 1292 3611 eo
1304 3544 1456 3625 faciendi,
1470 3552 1550 3609 ante

191 3655 225 3712 et
253 3652 330 3731 post
346 3644 635 3710 consecrationem
662 3643 773 3730 ipsius,
799 3645 903 3710 etiam
931 3654 1112 3732 antequam
1140 3648 1310 3715 illucescat
1333 3649 1413 3729 dies,
1442 3648 1553 3712 eidem

191 3749 374 3834 dignemini
390 3749 563 3813 licentiam
578 3748 739 3833 impertiri
756 3757 831 3830 etc,
847 3757 885 3814 ut
901 3749 935 3813 in
952 3749 1069 3816 forma.
1085 3792 1129 3800 -
1148 3750 1224 3817 Fiat
1240 3752 1279 3818 R.

236 3853 312 3918 Dat.
329 3873 379 3938 ap.
396 3851 643 3917 Villamnovam
660 3874 679 3936 4
695 3873 774 3918 non.
791 3861 886 3919 mart.
903 3861 936 3918 a⁰
953 3860 993 3938 3⁰.
1010 3855 1059 3937 (6,
1078 3858 1142 3940 59).

246 3988 499 4072 804-807.
1251 4022 1379 4087 134524
1404 4025 1507 4068 mars.

237 4108 339 4194 Supp.
355 4105 511 4172 Elbertus
526 4105 568 4170 de
584 4103 805 4170 Bettencourt
820 4118 841 4185 ³,
858 4107 1045 4192 prepositus
1068 4107 1150 4172 eccl.
1166 4106 1197 4172 S.
1226 4104 1364 4171 Martini
1382 4105 1552 4187 Leodien,

193 4211 398 4277 consiliarius
414 4209 619 4293 Engleberti,
636 4209 734 4274 electi
758 4209 928 4289 Leodien,
945 4218 1037 4293 quat.
1061 4211 1122 4275 sibi
1150 4210 1280 4276 decan.
1297 4213 1378 4276 eccl.
1395 4211 1554 4276 Camera-

192 4336 266 4381 cen.
292 4314 476 4399 dignemini
508 4312 684 4400 providere
708 4336 715 4392 ;
749 4317 841 4399 preb.
868 4334 950 4379 vero
968 4313 1057 4399 [vac.
1084 4317 1139 4379 vel
1163 4315 1292 4402 vacat]
1316 4315 1553 4381 conferendam

191 4419 313 4497 eidem,
329 4417 504 4482 donationi
521 4425 629 4502 apost.
645 4416 827 4500 dignemini
840 4437 1030 4497 reservare;
1047 4438 1115 4483 non
1135 4420 1221 4484 obst.
1237 4418 1327 4502 quod
1338 4419 1463 4484 dictam
1479 4438 1552 4504 pre-

192 4522 386 4608 posituram,
403 4520 486 4585 etin
503 4521 619 4604 majori
637 4518 806 4602 Leodicn,
824 4541 864 4586 ac
889 4522 923 4585 in
940 4519 978 4586 B.
997 4520 1045 4585 M.
1069 4521 1259 4603 Dionensis,
1277 4520 1437 4588 Leodien.
1454 4522 1551 4602 dioc,

193 4625 352 4706 ecclesiiS,
369 4644 441 4690 can.
458 4635 493 4688 et
508 4626 611 4709 preb,
626 4644 759 4689 necnon
776 4625 944 4708 quandam
960 4645 1051 4711 perp.
1067 4627 1187 4711 capell.
1204 4626 1318 4691 altaris
1341 4626 1373 4689 S.
1388 4625 1553 4703 Johannis

195 4729 326 4815 Evang.
351 4728 405 4794 siti
429 4729 462 4793 in
479 4728 631 4814 parroch.
647 4729 729 4793 eccl.
745 4729 788 4793 de
804 4728 1062 4809 Corwaremme,
1078 4730 1168 4795 dicte
1183 4729 1280 4809 dioc,
1295 4730 1445 4795 noscitur
1468 4730 1553 4794 obti-

193 4855 283 4900 nere.
302 4873 338 4882 -
358 4831 434 4897 Fiat
450 4831 490 4898 R.

194 4947 442 4958 ————-—--=

227 4993 249 5039 l.
262 4991 325 5038 Voir
335 5003 361 5038 n.
373 4991 429 5038 691.
439 5017 471 5025 -
488 4992 512 5038 2.
524 4989 622 5050 Mollat,
636 5005 661 5038 n.
674 4991 729 5039 709.
741 5019 772 5026 -
785 4993 806 5038 3.
819 4992 850 5039 de
863 4993 958 5050 'l'beun
972 4993 1005 5050 ll,
1017 4995 1098 5040 65-66.
