3650 5675
673 543 762 619 1849,
783 544 875 608 2824
896 545 1069 624 septembre.
1487 552 1552 619 888

189 698 279 764 dien.
295 696 392 775 dioc,
408 695 451 761 de
465 696 543 759 ben.
559 694 641 759 ec'cl.
657 694 699 759 ad
727 695 801 760 coll.
827 696 1021 781 capituliS.
1045 695 1212 775 Johannis
1240 698 1368 786 Evang.
1389 699 1548 770 Leodien.

193 800 284 888 [vac.
299 800 354 865 vel
369 796 497 883 vacat]
516 795 699 881 dignemini
715 797 961 882 providere-
917 798 1055 864 -Fiat
1079 799 1234 865 R..

234 904 313 969 Dat.
330 922 384 989 ap.
401 900 766 981 Villamnovamokal.
782 909 849 967 oct.
865 909 898 967 a⁰
915 904 957 967 8⁰.
974 903 1046 985 (18,
1065 906 1148 989 20').

193 1053 195 1061 ’
242 1040 389 1126 1803.
1143 1076 1239 1143 1349,
1256 1078 1295 1142 23
1316 1063 1506 1146 septembre.

235 1158 366 1245 Supp...
385 1156 541 1242 Philippa
553 1156 596 1220 de
608 1155 744 1237 Bauci0,
760 1156 897 1222 domina
911 1157 955 1221 de
970 1158 1149 1245 Apcherio,
1166 1168 1257 1245 quat.
1273 1162 1466 1248 [capellano
1490 1148 1549 1231 suo

191 1261 377 1328 domestico
392 1258 540 1338 Johanni
556 1260 725 1344 quondam
736 1260 876 1327 Gilberti
893 1260 942 1327 Le
953 1263 1136 1345 Tieson,de
1152 1265 1335 1346 Dionanto,
1352 1268 1549 1353 presbitero]

67 1418 71 1423 .
191 1366 350 1432 Leodien.
366 1364 464 1444 dioc,
480 1363 523 1430 de
535 1364 648 1447 aliquo
662 1366 739 1429 ben.
756 1366 869 1430 eccl...
886 1366 929 1432 ad
945 1368 1021 1433 coll.
1037 1368 1197 1454 episcopi,
1213 1370 1383 1455 prepositi,
1399 1371 1549 1437 decani...

190 1478 225 1536 et
240 1470 444 1554 singulorum
460 1466 770 1533 archidiaconorum
786 1475 820 1532 et
830 1472 991 1535 abbatum
1002 1472 1199 1537 secularium
1209 1480 1244 1537 et
1255 1472 1494 1538 canonicorum
1507 1494 1547 1540 ac

191 1574 327 1659 capituli
352 1572 492 1638 ecclesie
519 1570 679 1637 Leodien.
704 1572 885 1657 dignemini
911 1574 1088 1661 providere
1100 1598 1109 1656 ;
1135 1597 1205 1641 non
1232 1578 1317 1642 obst.
1345 1578 1434 1661 quod
1460 1578 1548 1643 idern

190 1675 365 1755 Johannes
379 1674 548 1760 quoddam
572 1675 678 1741 altare
705 1675 739 1739 in
764 1677 846 1741 eccl.
872 1676 1036 1744 Dionensi
1062 1679 1211 1745 noscitur
1226 1679 1389 1745 obtinere.
1405 1721 1448 1731 -
1472 1680 1548 1747 Fiat

193 1780 232 1845 R.
248 1780 291 1846 ad
306 1800 408 1845 unam
423 1779 636 1864 collegiatam
652 1799 753 1863 quam
769 1780 917 1865 elegerit.

183 1888 186 1897 “
234 1882 313 1949 Dat.
329 1903 381 1969 ap.
397 1880 649 1948 villamnovam
666 1902 683 1962 9
700 1880 766 1948 kal.
779 1889 845 1948 oct.
862 1890 894 1947 a⁰
911 1886 953 1949 8⁰.
971 1884 1042 1968 (18,
1057 1905 1074 1949 2
1079 1886 1125 1970 3).

242 2020 391 2103 1804.
1145 2055 1240 2119 1349,
1257 2056 1298 2118 24
1315 2039 1504 2123 septembre.

234 2138 453 2205 Providemus
468 2143 564 2202 motu
579 2138 714 2223 proprio
731 2136 882 2205 Henrico
896 2138 939 2203 de
956 2136 1103 2221 Lewis1,
1120 2137 1280 2205 Leodien.
1295 2139 1394 2221 dioc,
1410 2161 1497 2224 mag.
1513 2140 1547 2204 in

189 2242 281 2308 dicta
299 2240 350 2328 [in
366 2238 554 2325 theologie]
572 2239 745 2321 facultate,
761 2241 803 2307 de
820 2262 892 2307 can.
909 2251 945 2307 et
960 2240 1220 2327 preb.Melden.,
1237 2263 1311 2310 vac.
1327 2265 1386 2330 per
1401 2246 1455 2309 ob.
1472 2242 1548 2308 Fla-

189 2344 293 2430 mingi
310 2344 351 2409 de
364 2343 489 2410 Lauda.
505 2383 549 2393 —
564 2342 641 2409 Fiat
656 2352 752 2410 motu
766 2346 912 2431 proprio.
931 2344 971 2411 R.

230 2448 295 2513 Vel
311 2448 345 2514 in
361 2468 441 2514 casu
457 2468 524 2531 quo
546 2446 730 2515 nominatis
745 2469 805 2533 per
820 2450 949 2532 regales
960 2449 1002 2513 de
1018 2449 1145 2515 eisdem
1160 2449 1334 2536 provisum
1349 2450 1447 2516 fuerit
1459 2451 1548 2535 quod

189 2552 394 2639 prebendam
409 2551 632 2617 Leodiensem
646 2551 689 2617 ad
701 2572 802 2636 quam
811 2552 1249 2638 expectat,quibuscumque
1264 2554 1547 2620 reservacionrbus

189 2658 286 2723 factis
300 2656 355 2721 vel
381 2654 541 2721 faciendis
565 2674 634 2719 non
659 2656 755 2733 obst,
779 2652 940 2717 canonice
961 2660 1154 2739 acceptatas
1179 2656 1233 2719 vel
1249 2655 1475 2741 acceptandas
1489 2676 1549 2739 per

191 2762 298 2848 ipsum
313 2760 368 2826 vel
383 2766 637 2847 procuratorem
651 2778 747 2822 suum
762 2756 877 2821 valeat
893 2756 1054 2823 obtinere.
1067 2798 1111 2807 -
1121 2757 1199 2823 Fiat
1213 2759 1255 2823 de
1271 2759 1548 2824 reservationibus

191 2865 391 2953 specialibus
406 2885 465 2951 per
480 2885 543 2930 nos
557 2862 666 2928 iactis.
679 2861 720 2928 R.

235 2970 314 3036 Dat.
329 2991 383 3056 ap.
399 2969 648 3034 Villamnovam
665 2969 684 3032 8
700 2965 769 3032 kal.
785 2975 852 3033 oct.
868 2973 901 3031 a⁰
912 2968 961 3032 8⁰.
978 2967 1049 3050 (18,
1069 2969 1116 3052 5).

245 3107 389 3191 1805.
1148 3139 1243 3202 1549,
1260 3141 1299 3203 24
1316 3121 1505 3206 septembre.

235 3225 336 3313 Supp.
354 3224 481 3305 Petrus,
499 3225 625 3289 electus
651 3221 906 3307 Tornacensis'J,
934 3228 1024 3305 quat.
1048 3220 1158 3286 eidem
1180 3223 1350 3307 indulgere
1366 3223 1546 3307 dignemini

191 3329 280 3415 quod
297 3329 451 3396 debonis
478 3327 579 3414 ipsius
605 3326 819 3413 episcopatus
842 3325 949 3410 possit
972 3326 1088 3391 testari
1104 3335 1139 3391 et
1162 3327 1254 3408 aliaS,
1271 3337 1307 3393 ut
1322 3328 1356 3392 in
1372 3328 1489 3394 sorma.
1507 3368 1548 3378 —

192 3433 269 3500 Fiat
292 3433 333 3499 R.

235 3535 332 3618 Item,
349 3536 458 3602 eidem
474 3536 578 3601 altare
593 3533 758 3620 portabile
775 3533 960 3598 concedere
981 3532 1176 3619 dignemini,
1192 3543 1227 3600 et
1242 3534 1332 3619 quod
1358 3543 1436 3600 ante
1458 3534 1548 3600 diem

191 3649 227 3706 et
242 3643 311 3706 alta
325 3661 410 3707 voce
434 3639 540 3726 possit
564 3638 674 3704 iacere
701 3637 870 3717 celebrari,
896 3636 1000 3701 etiam
1014 3657 1074 3723 per
1088 3637 1270 3723 religiosos,
1294 3629 1328 3702 et
1352 3638 1445 3718 alias,
1460 3638 1547 3705 utin

190 3745 307 3810 forma.
323 3783 367 3794 -
383 3743 459 3810 Fiat
475 3742 516 3809 R.

235 3847 333 3929 item,
350 3848 440 3932 quod
451 3867 511 3933 per
522 3845 741 3932 presbiterum
750 3844 921 3930 ydoneum
931 3845 1090 3911 ecclesias
1104 3853 1140 3909 et
1149 3845 1312 3910 cimiteria
1324 3866 1456 3911 suarum
1468 3847 1547 3911 civi-

184 3951 270 4017 tatis
285 3961 321 4017 et
335 3950 477 4016 diocesis
503 3949 609 4035 possit
635 3947 744 4014 facere
770 3946 987 4028 reconciliari,
1003 3956 1038 4013 et
1053 3947 1144 4029 alias,
1160 3955 1198 4012 ut
1219 3947 1254 4013 in
1278 3948 1395 4014 forma.
1411 3983 1453 3994 -
1470 3948 1547 4015 Fiat

190 4054 234 4121 ad
248 4055 428 4122 triennium
445 4054 486 4120 R.

235 4158 333 4239 Item,
361 4159 451 4245 quod
475 4157 580 4246 possit
607 4176 719 4223 creare
745 4177 803 4222 sex
830 4157 980 4223 notarios
1006 4157 1208 4223 auctoritate
1234 4157 1429 4242 apostolica,
1451 4166 1490 4222 ut
1512 4157 1546 4222 in

191 4263 305 4329 forma.
321 4301 364 4314 -·
381 4261 458 4328 Fiat
473 4262 516 4328 de
530 4261 636 4327 tribus
653 4261 694 4326 R.

234 4365 333 4447 Item,
361 4364 452 4451 quod
478 4366 511 4430 in
535 4364 671 4449 singulis
696 4364 907 4429 monasteriis
931 4363 1079 4430 virorum
1103 4383 1377 4446 quorumcunque
1393 4362 1546 4428 ordinum

192 4490 323 4536 suarum
334 4469 481 4536 civitatis
491 4476 526 4534 et
536 4469 678 4535 diocesis
687 4469 792 4554 possit
804 4489 931 4554 ponere
940 4488 1044 4533 unum
1053 4467 1257 4533 monachum
1269 4489 1328 4533 seu
1337 4469 1545 4550 canonicum,

192 4582 226 4639 et
241 4575 322 4640 alias
337 4573 424 4639 utin
440 4573 609 4639 forma-
631 4571 709 4637 Fiat
726 4572 765 4637 R.
1344 4627 1349 4639 ,

236 4674 334 4758 Item,
351 4676 434 4742 etin
450 4675 586 4761 singulis
600 4675 811 4742 monasteriis
825 4675 1001 4740 mulierum
1016 4675 1181 4742 dictarum
1196 4675 1341 4741 civitatis
1356 4683 1391 4739 et
1406 4629 1547 4788 diocesis

192 4801 294 4846 unam
310 4780 457 4867 puellam
471 4779 525 4845 litt
511 4787 716 4861 t,eteratarn
702 4779 864 4845 taliasut
880 4779 914 4844 in
930 4779 1106 4846 forma—
1123 4777 1198 4845 Fiat
1214 4777 1254 4845 R.

225 4991 247 5040 l.
258 4988 321 5037 Voir
331 5003 357 5039 n.
371 4989 441 5037 1580.
452 5015 484 5024 —
496 4991 518 5037 2.
531 4988 616 5038 Pierre
626 4989 658 5038 de
667 4989 779 5049 Forento,
792 4991 847 5038 voir
860 5003 884 5038 n.
898 4991 968 5038 1763.
1023 5039 1027 5048 ,
1085 5003 1089 5012 ·
