<?xml version="1.0" encoding="UTF-8"?>
<!DOCTYPE html PUBLIC "-//W3C//DTD XHTML 1.0 Transitional//EN"
    "http://www.w3.org/TR/xhtml1/DTD/xhtml1-transitional.dtd">
<html xmlns="http://www.w3.org/1999/xhtml" xml:lang="en" lang="en">
 <head>
  <title>
</title>
<meta http-equiv="Content-Type" content="text/html;charset=utf-8" />
  <meta name='ocr-system' content='tesseract 3.04.00' />
  <meta name='ocr-capabilities' content='ocr_page ocr_carea ocr_par ocr_line ocrx_word'/>
</head>
<body>
  <div class='ocr_page' id='page_1' title='image "./suppliquesdeclm00berlgoog_0599.png"; bbox 0 0 3650 5675; ppageno 0'>
   <div class='ocr_carea' id='block_1_1' title="bbox 304 500 1152 584">
    <p class='ocr_par' dir='ltr' id='par_1_1' title="bbox 304 500 1152 584">
     <span class='ocr_line' id='line_1_1' title="bbox 304 500 1152 584; baseline 0.002 -20"><span class='ocrx_word' id='word_1_1' title='bbox 304 500 367 565; x_wconf 80' lang='lat'>554</span> <span class='ocrx_word' id='word_1_2' title='bbox 826 502 911 577; x_wconf 82' lang='lat'>1351,</span> <span class='ocrx_word' id='word_1_3' title='bbox 934 502 1006 567; x_wconf 81' lang='lat'>9-30</span> <span class='ocrx_word' id='word_1_4' title='bbox 1023 503 1152 584; x_wconf 80' lang='lat' dir='ltr'>J&#39;anvier.</span> 
     </span>
    </p>
   </div>
   <div class='ocr_carea' id='block_1_2' title="bbox 356 646 1624 751">
    <p class='ocr_par' dir='ltr' id='par_1_2' title="bbox 356 646 1624 751">
     <span class='ocr_line' id='line_1_2' title="bbox 356 646 1624 751; baseline 0.006 -24"><span class='ocrx_word' id='word_1_5' title='bbox 356 646 495 732; x_wconf 91' lang='grc'><strong><em>2137.</em></strong></span> <span class='ocrx_word' id='word_1_6' title='bbox 1337 686 1432 750; x_wconf 80' lang='grc'><strong><em>1551,</em></strong></span> <span class='ocrx_word' id='word_1_7' title='bbox 1449 690 1469 751; x_wconf 88' lang='lat'><em>9</em></span> <span class='ocrx_word' id='word_1_8' title='bbox 1479 668 1624 749; x_wconf 75' lang='lat' dir='ltr'>Jirrrvier.</span> 
     </span>
    </p>
   </div>
   <div class='ocr_carea' id='block_1_3' title="bbox 303 762 1667 1165">
    <p class='ocr_par' dir='ltr' id='par_1_3' title="bbox 303 762 1667 1165">
     <span class='ocr_line' id='line_1_3' title="bbox 348 762 1667 853; baseline 0.008 -24"><span class='ocrx_word' id='word_1_9' title='bbox 348 765 449 851; x_wconf 90' lang='lat' dir='ltr'>Supp.</span> <span class='ocrx_word' id='word_1_10' title='bbox 465 764 638 843; x_wconf 91' lang='lat' dir='ltr'>Johannes</span> <span class='ocrx_word' id='word_1_11' title='bbox 654 771 689 828; x_wconf 85' lang='lat' dir='ltr'>et</span> <span class='ocrx_word' id='word_1_12' title='bbox 705 762 869 830; x_wconf 87' lang='lat' dir='ltr'>Nicolaus</span> <span class='ocrx_word' id='word_1_13' title='bbox 895 765 1030 850; x_wconf 90' lang='lat' dir='ltr'>Rogerii</span> <span class='ocrx_word' id='word_1_14' title='bbox 1042 777 1061 846; x_wconf 93' lang='lat'>¹,</span> <span class='ocrx_word' id='word_1_15' title='bbox 1077 775 1171 851; x_wconf 89' lang='lat' dir='ltr'>quat.</span> <span class='ocrx_word' id='word_1_16' title='bbox 1197 769 1381 853; x_wconf 83' lang='lat' dir='ltr'>Aymerico</span> <span class='ocrx_word' id='word_1_17' title='bbox 1405 770 1519 853; x_wconf 90' lang='lat' dir='ltr'>Chati,</span> <span class='ocrx_word' id='word_1_18' title='bbox 1546 774 1667 840; x_wconf 91' lang='lat' dir='ltr'>clerico</span> 
     </span>
     <span class='ocr_line' id='line_1_4' title="bbox 304 867 1666 961; baseline 0.008 -28"><span class='ocrx_word' id='word_1_19' title='bbox 304 867 520 935; x_wconf 90' lang='lat' dir='ltr'>Lemovicen.</span> <span class='ocrx_word' id='word_1_20' title='bbox 536 868 635 949; x_wconf 84' lang='lat' dir='ltr'>dioc,</span> <span class='ocrx_word' id='word_1_21' title='bbox 651 868 685 933; x_wconf 93' lang='lat' dir='ltr'>in</span> <span class='ocrx_word' id='word_1_22' title='bbox 701 869 764 952; x_wconf 92' lang='lat' dir='ltr'>leg.</span> <span class='ocrx_word' id='word_1_23' title='bbox 786 868 850 947; x_wconf 80' lang='lat' dir='ltr'>lie,</span> <span class='ocrx_word' id='word_1_24' title='bbox 867 878 903 934; x_wconf 87' lang='lat' dir='ltr'>et</span> <span class='ocrx_word' id='word_1_25' title='bbox 922 871 1024 935; x_wconf 84' lang='lat' dir='ltr'>vestri</span> <span class='ocrx_word' id='word_1_26' title='bbox 1040 872 1226 937; x_wconf 84' lang='lat' dir='ltr'>marescalli</span> <span class='ocrx_word' id='word_1_27' title='bbox 1242 876 1501 961; x_wconf 70' lang='lat' dir='ltr'>consanguineo</span> <span class='ocrx_word' id='word_1_28' title='bbox 1524 878 1568 943; x_wconf 90' lang='lat' dir='ltr'>de</span> <span class='ocrx_word' id='word_1_29' title='bbox 1591 899 1666 943; x_wconf 89' lang='lat' dir='ltr'>ean.</span> 
     </span>
     <span class='ocr_line' id='line_1_5' title="bbox 304 969 1666 1062; baseline 0.008 -26"><span class='ocrx_word' id='word_1_30' title='bbox 304 980 338 1037; x_wconf 91' lang='lat' dir='ltr'>et</span> <span class='ocrx_word' id='word_1_31' title='bbox 352 975 445 1057; x_wconf 86' lang='lat' dir='ltr'>preb.</span> <span class='ocrx_word' id='word_1_32' title='bbox 470 973 501 1036; x_wconf 89' lang='lat' dir='ltr'>S.</span> <span class='ocrx_word' id='word_1_33' title='bbox 527 972 617 1036; x_wconf 91' lang='lat' dir='ltr'>Petri</span> <span class='ocrx_word' id='word_1_34' title='bbox 642 971 684 1036; x_wconf 92' lang='lat' dir='ltr'>de</span> <span class='ocrx_word' id='word_1_35' title='bbox 710 969 835 1051; x_wconf 84' lang='lat' dir='ltr'><strong>Insula,</strong></span> <span class='ocrx_word' id='word_1_36' title='bbox 860 970 1050 1040; x_wconf 89' lang='lat' dir='ltr'>Tomacen.</span> <span class='ocrx_word' id='word_1_37' title='bbox 1075 974 1175 1056; x_wconf 75' lang='lat' dir='ltr'>dioc,</span> <span class='ocrx_word' id='word_1_38' title='bbox 1200 996 1275 1043; x_wconf 88' lang='lat' dir='ltr'>vac.</span> <span class='ocrx_word' id='word_1_39' title='bbox 1300 998 1360 1062; x_wconf 91' lang='lat' dir='ltr'>per</span> <span class='ocrx_word' id='word_1_40' title='bbox 1383 981 1436 1043; x_wconf 94' lang='lat' dir='ltr'>ob.</span> <span class='ocrx_word' id='word_1_41' title='bbox 1460 978 1600 1057; x_wconf 92' lang='lat' dir='ltr'>Jordani</span> <span class='ocrx_word' id='word_1_42' title='bbox 1624 982 1666 1047; x_wconf 91' lang='lat' dir='ltr'>de</span> 
     </span>
     <span class='ocr_line' id='line_1_6' title="bbox 303 1074 1667 1165; baseline 0.007 -26"><span class='ocrx_word' id='word_1_43' title='bbox 303 1076 334 1140; x_wconf 88' lang='lat' dir='ltr'>S.</span> <span class='ocrx_word' id='word_1_44' title='bbox 348 1075 502 1142; x_wconf 91' lang='lat' dir='ltr'>Dionisio</span> <span class='ocrx_word' id='word_1_45' title='bbox 514 1087 534 1157; x_wconf 87' lang='lat'>²,</span> <span class='ocrx_word' id='word_1_46' title='bbox 547 1075 602 1159; x_wconf 88' lang='lat' dir='ltr'>qui</span> <span class='ocrx_word' id='word_1_47' title='bbox 619 1083 712 1141; x_wconf 84' lang='lat' dir='ltr'>extra</span> <span class='ocrx_word' id='word_1_48' title='bbox 729 1074 828 1140; x_wconf 88' lang='lat' dir='ltr'>Rom.</span> <span class='ocrx_word' id='word_1_49' title='bbox 854 1078 980 1142; x_wconf 90' lang='lat' dir='ltr'>curiam</span> <span class='ocrx_word' id='word_1_50' title='bbox 1005 1078 1158 1158; x_wconf 85' lang='lat' dir='ltr'>decessit,</span> <span class='ocrx_word' id='word_1_51' title='bbox 1171 1098 1254 1163; x_wconf 90' lang='lat' dir='ltr'>quos</span> <span class='ocrx_word' id='word_1_52' title='bbox 1270 1083 1312 1144; x_wconf 90' lang='lat' dir='ltr'>ab</span> <span class='ocrx_word' id='word_1_53' title='bbox 1327 1080 1473 1165; x_wconf 91' lang='lat' dir='ltr'>Hugone</span> <span class='ocrx_word' id='word_1_54' title='bbox 1489 1083 1530 1148; x_wconf 94' lang='lat' dir='ltr'>de</span> <span class='ocrx_word' id='word_1_55' title='bbox 1547 1083 1667 1149; x_wconf 90' lang='lat' dir='ltr'>Pome-</span> 
     </span>
    </p>
   </div>
   <div class='ocr_carea' id='block_1_4' title="bbox 302 1179 1665 1347">
    <p class='ocr_par' dir='ltr' id='par_1_4' title="bbox 302 1179 1665 1347">
     <span class='ocr_line' id='line_1_7' title="bbox 302 1179 1665 1272; baseline 0.008 -30"><span class='ocrx_word' id='word_1_56' title='bbox 302 1179 357 1244; x_wconf 89' lang='lat' dir='ltr'>riis</span> <span class='ocrx_word' id='word_1_57' title='bbox 373 1200 414 1244; x_wconf 81' lang='lat' dir='ltr'>ex</span> <span class='ocrx_word' id='word_1_58' title='bbox 431 1200 531 1245; x_wconf 87' lang='lat' dir='ltr'>causa</span> <span class='ocrx_word' id='word_1_59' title='bbox 546 1179 779 1263; x_wconf 86' lang='lat' dir='ltr'>resignationis</span> <span class='ocrx_word' id='word_1_60' title='bbox 795 1188 829 1243; x_wconf 88' lang='lat' dir='ltr'>et</span> <span class='ocrx_word' id='word_1_61' title='bbox 844 1181 1104 1265; x_wconf 86' lang='lat' dir='ltr'>permutationis</span> <span class='ocrx_word' id='word_1_62' title='bbox 1120 1182 1267 1248; x_wconf 90' lang='lat' dir='ltr'>obtinuit</span> <span class='ocrx_word' id='word_1_63' title='bbox 1282 1182 1463 1267; x_wconf 86' lang='lat' dir='ltr'>dignemini</span> <span class='ocrx_word' id='word_1_64' title='bbox 1479 1186 1665 1272; x_wconf 88' lang='lat' dir='ltr'>providere.</span> 
     </span>
     <span class='ocr_line' id='line_1_8' title="bbox 302 1282 509 1347; baseline 0 0"><span class='ocrx_word' id='word_1_65' title='bbox 302 1323 346 1331; x_wconf 88' lang='lat'><em>—</em></span> <span class='ocrx_word' id='word_1_66' title='bbox 369 1282 445 1347; x_wconf 91' lang='lat' dir='ltr'>Fiat</span> <span class='ocrx_word' id='word_1_67' title='bbox 470 1283 509 1347; x_wconf 92' lang='lat' dir='ltr'>R.</span> 
     </span>
    </p>
   </div>
   <div class='ocr_carea' id='block_1_5' title="bbox 346 1386 1080 1474">
    <p class='ocr_par' dir='ltr' id='par_1_5' title="bbox 346 1386 1080 1474">
     <span class='ocr_line' id='line_1_9' title="bbox 346 1386 1080 1474; baseline 0.005 -24"><span class='ocrx_word' id='word_1_68' title='bbox 346 1386 426 1451; x_wconf 92' lang='lat' dir='ltr'>Dat.</span> <span class='ocrx_word' id='word_1_69' title='bbox 443 1387 542 1451; x_wconf 83' lang='lat' dir='ltr'>Avin.</span> <span class='ocrx_word' id='word_1_70' title='bbox 561 1403 576 1469; x_wconf 89' lang='grc'><strong><em>5</em></strong></span> <span class='ocrx_word' id='word_1_71' title='bbox 602 1388 646 1453; x_wconf 90' lang='lat' dir='ltr'>id.</span> <span class='ocrx_word' id='word_1_72' title='bbox 659 1389 789 1471; x_wconf 86' lang='lat' dir='ltr'>januar.</span> <span class='ocrx_word' id='word_1_73' title='bbox 806 1396 840 1452; x_wconf 90' lang='lat' dir='ltr'>a⁰</span> <span class='ocrx_word' id='word_1_74' title='bbox 857 1396 898 1468; x_wconf 90' lang='lat'>9⁰.</span> <span class='ocrx_word' id='word_1_75' title='bbox 917 1390 993 1470; x_wconf 84' lang='lat'>(20,</span> <span class='ocrx_word' id='word_1_76' title='bbox 1012 1390 1080 1474; x_wconf 83' lang='lat'>36).</span> 
     </span>
    </p>
   </div>
   <div class='ocr_carea' id='block_1_6' title="bbox 281 1539 1667 1955">
    <p class='ocr_par' dir='ltr' id='par_1_6' title="bbox 281 1539 1667 1850">
     <span class='ocr_line' id='line_1_10' title="bbox 353 1539 1622 1643; baseline 0.002 -23"><span class='ocrx_word' id='word_1_77' title='bbox 353 1539 497 1627; x_wconf 85' lang='grc'><strong><em>2138.</em></strong></span> <span class='ocrx_word' id='word_1_78' title='bbox 1316 1578 1411 1642; x_wconf 81' lang='grc'><strong><em>1351,</em></strong></span> <span class='ocrx_word' id='word_1_79' title='bbox 1428 1579 1467 1643; x_wconf 77' lang='lat'>14</span> <span class='ocrx_word' id='word_1_80' title='bbox 1479 1558 1622 1640; x_wconf 72' lang='lat' dir='ltr'>janmer.</span> 
     </span>
     <span class='ocr_line' id='line_1_11' title="bbox 281 1658 1667 1748; baseline 0.002 -25"><span class='ocrx_word' id='word_1_81' title='bbox 281 1672 284 1679; x_wconf 63' lang='lat'><strong>⁴</strong></span> <span class='ocrx_word' id='word_1_82' title='bbox 346 1659 446 1745; x_wconf 91' lang='lat' dir='ltr'>Supp.</span> <span class='ocrx_word' id='word_1_83' title='bbox 459 1658 479 1737; x_wconf 95' lang='lat' dir='ltr'>J</span> <span class='ocrx_word' id='word_1_84' title='bbox 482 1662 607 1725; x_wconf 87' lang='lat' dir='ltr'>acobus</span> <span class='ocrx_word' id='word_1_85' title='bbox 623 1660 665 1726; x_wconf 89' lang='lat' dir='ltr'>de</span> <span class='ocrx_word' id='word_1_86' title='bbox 681 1658 862 1741; x_wconf 87' lang='lat' dir='ltr'>Borboni0,</span> <span class='ocrx_word' id='word_1_87' title='bbox 878 1660 985 1741; x_wconf 90' lang='lat' dir='ltr'>miles,</span> <span class='ocrx_word' id='word_1_88' title='bbox 1013 1669 1106 1744; x_wconf 88' lang='lat' dir='ltr'>quat.</span> <span class='ocrx_word' id='word_1_89' title='bbox 1133 1661 1352 1727; x_wconf 84' lang='lat' dir='ltr'>familiaribus</span> <span class='ocrx_word' id='word_1_90' title='bbox 1367 1662 1434 1727; x_wconf 89' lang='lat' dir='ltr'>suis</span> <span class='ocrx_word' id='word_1_91' title='bbox 1448 1662 1667 1748; x_wconf 86' lang='lat' dir='ltr'>infrascriptis</span> 
     </span>
     <span class='ocr_line' id='line_1_12' title="bbox 300 1763 709 1850; baseline 0 -23"><span class='ocrx_word' id='word_1_92' title='bbox 300 1763 484 1848; x_wconf 87' lang='lat' dir='ltr'>dignemini</span> <span class='ocrx_word' id='word_1_93' title='bbox 501 1763 709 1850; x_wconf 89' lang='lat' dir='ltr'>providere...</span> 
     </span>
    </p>

    <p class='ocr_par' dir='ltr' id='par_1_7' title="bbox 347 1865 1666 1955">
     <span class='ocr_line' id='line_1_13' title="bbox 347 1865 1666 1955; baseline 0.001 -25"><span class='ocrx_word' id='word_1_94' title='bbox 347 1865 434 1931; x_wconf 88' lang='lat' dir='ltr'>ltem</span> <span class='ocrx_word' id='word_1_95' title='bbox 447 1865 466 1944; x_wconf 93' lang='lat' dir='ltr'>J</span> <span class='ocrx_word' id='word_1_96' title='bbox 469 1866 596 1932; x_wconf 87' lang='lat' dir='ltr'>ohanni</span> <span class='ocrx_word' id='word_1_97' title='bbox 608 1866 651 1933; x_wconf 91' lang='lat' dir='ltr'>de</span> <span class='ocrx_word' id='word_1_98' title='bbox 663 1865 856 1949; x_wconf 88' lang='lat' dir='ltr'>Coroubles,</span> <span class='ocrx_word' id='word_1_99' title='bbox 872 1867 1069 1952; x_wconf 86' lang='lat' dir='ltr'>presbitero,</span> <span class='ocrx_word' id='word_1_100' title='bbox 1089 1867 1146 1954; x_wconf 91' lang='lat' dir='ltr'>[de</span> <span class='ocrx_word' id='word_1_101' title='bbox 1161 1872 1240 1933; x_wconf 92' lang='lat' dir='ltr'>ben.</span> <span class='ocrx_word' id='word_1_102' title='bbox 1252 1868 1353 1955; x_wconf 90' lang='lat' dir='ltr'>eccl.]</span> <span class='ocrx_word' id='word_1_103' title='bbox 1368 1869 1413 1935; x_wconf 90' lang='lat' dir='ltr'>ad</span> <span class='ocrx_word' id='word_1_104' title='bbox 1428 1870 1504 1935; x_wconf 92' lang='lat' dir='ltr'>coll.</span> <span class='ocrx_word' id='word_1_105' title='bbox 1516 1868 1666 1955; x_wconf 87' lang='lat' dir='ltr'>episcopi</span> 
     </span>
    </p>
   </div>
   <div class='ocr_carea' id='block_1_7' title="bbox 300 1970 1129 2160">
    <p class='ocr_par' dir='ltr' id='par_1_8' title="bbox 300 1970 1129 2160">
     <span class='ocr_line' id='line_1_14' title="bbox 300 1970 1129 2058; baseline 0.001 -22"><span class='ocrx_word' id='word_1_106' title='bbox 300 1979 336 2036; x_wconf 92' lang='lat' dir='ltr'>et</span> <span class='ocrx_word' id='word_1_107' title='bbox 353 1971 490 2057; x_wconf 87' lang='lat' dir='ltr'>capituli</span> <span class='ocrx_word' id='word_1_108' title='bbox 507 1970 726 2037; x_wconf 84' lang='lat' dir='ltr'>Cameracen.</span> <span class='ocrx_word' id='word_1_109' title='bbox 741 1970 926 2055; x_wconf 89' lang='lat' dir='ltr'>dignemini</span> <span class='ocrx_word' id='word_1_110' title='bbox 941 1972 1129 2058; x_wconf 90' lang='lat' dir='ltr'>providere.</span> 
     </span>
     <span class='ocr_line' id='line_1_15' title="bbox 346 2075 1063 2160; baseline 0.003 -20"><span class='ocrx_word' id='word_1_111' title='bbox 346 2076 421 2140; x_wconf 83' lang='lat' dir='ltr'>Dat.</span> <span class='ocrx_word' id='word_1_112' title='bbox 437 2076 537 2141; x_wconf 83' lang='lat' dir='ltr'>Avin.</span> <span class='ocrx_word' id='word_1_113' title='bbox 559 2096 594 2157; x_wconf 90' lang='lat'>19</span> <span class='ocrx_word' id='word_1_114' title='bbox 611 2075 678 2141; x_wconf 89' lang='lat' dir='ltr'>kal.</span> <span class='ocrx_word' id='word_1_115' title='bbox 693 2076 759 2141; x_wconf 86' lang='lat' dir='ltr'>feb.</span> <span class='ocrx_word' id='word_1_116' title='bbox 775 2082 808 2139; x_wconf 90' lang='lat' dir='ltr'>a⁰</span> <span class='ocrx_word' id='word_1_117' title='bbox 825 2083 866 2156; x_wconf 91' lang='lat'>9⁰.</span> <span class='ocrx_word' id='word_1_118' title='bbox 885 2076 962 2160; x_wconf 86' lang='lat'>(20,</span> <span class='ocrx_word' id='word_1_119' title='bbox 979 2077 1063 2160; x_wconf 71' lang='lat'>40¹).</span> 
     </span>
    </p>
   </div>
   <div class='ocr_carea' id='block_1_8' title="bbox 291 2228 1666 2954">
    <p class='ocr_par' dir='ltr' id='par_1_9' title="bbox 353 2228 1621 2328">
     <span class='ocr_line' id='line_1_16' title="bbox 353 2228 1621 2328; baseline 0 -19"><span class='ocrx_word' id='word_1_120' title='bbox 353 2228 495 2314; x_wconf 83' lang='grc'><strong><em>2139.</em></strong></span> <span class='ocrx_word' id='word_1_121' title='bbox 1312 2264 1352 2328; x_wconf 79' lang='grc'>15</span> <span class='ocrx_word' id='word_1_122' title='bbox 1355 2263 1407 2325; x_wconf 89' lang='grc'>51,</span> <span class='ocrx_word' id='word_1_123' title='bbox 1425 2267 1465 2308; x_wconf 88' lang='lat'>22</span> <span class='ocrx_word' id='word_1_124' title='bbox 1475 2242 1621 2325; x_wconf 83' lang='lat' dir='ltr'>jonvier.</span> 
     </span>
    </p>

    <p class='ocr_par' dir='ltr' id='par_1_10' title="bbox 291 2346 1666 2954">
     <span class='ocr_line' id='line_1_17' title="bbox 342 2346 1664 2433; baseline 0.001 -22"><span class='ocrx_word' id='word_1_125' title='bbox 342 2347 447 2433; x_wconf 91' lang='lat' dir='ltr'>Supp.</span> <span class='ocrx_word' id='word_1_126' title='bbox 480 2347 607 2428; x_wconf 90' lang='lat' dir='ltr'>Petrus,</span> <span class='ocrx_word' id='word_1_127' title='bbox 624 2382 627 2387; x_wconf 68' lang='lat'><em>,</em></span> <span class='ocrx_word' id='word_1_128' title='bbox 642 2347 819 2433; x_wconf 88' lang='lat' dir='ltr'>episcopus</span> <span class='ocrx_word' id='word_1_129' title='bbox 842 2346 1069 2426; x_wconf 88' lang='lat' dir='ltr'>Penestrinus,</span> <span class='ocrx_word' id='word_1_130' title='bbox 1093 2356 1183 2430; x_wconf 89' lang='lat' dir='ltr'>quat.</span> <span class='ocrx_word' id='word_1_131' title='bbox 1207 2346 1399 2433; x_wconf 88' lang='lat' dir='ltr'>[capellano</span> <span class='ocrx_word' id='word_1_132' title='bbox 1430 2368 1471 2413; x_wconf 91' lang='lat' dir='ltr'>ac</span> <span class='ocrx_word' id='word_1_133' title='bbox 1504 2348 1664 2431; x_wconf 88' lang='lat' dir='ltr'>magistro</span> 
     </span>
     <span class='ocr_line' id='line_1_18' title="bbox 301 2450 1666 2537; baseline -0.002 -20"><span class='ocrx_word' id='word_1_134' title='bbox 301 2452 431 2537; x_wconf 88' lang='lat' dir='ltr'>capelle</span> <span class='ocrx_word' id='word_1_135' title='bbox 457 2472 545 2527; x_wconf 90' lang='lat' dir='ltr'>sue,·</span> <span class='ocrx_word' id='word_1_136' title='bbox 566 2450 728 2516; x_wconf 90' lang='lat' dir='ltr'>continuo</span> <span class='ocrx_word' id='word_1_137' title='bbox 756 2451 986 2531; x_wconf 89' lang='lat' dir='ltr'>commensali,</span> <span class='ocrx_word' id='word_1_138' title='bbox 1014 2458 1048 2515; x_wconf 92' lang='lat' dir='ltr'>et</span> <span class='ocrx_word' id='word_1_139' title='bbox 1074 2451 1215 2534; x_wconf 86' lang='lat' dir='ltr'>antiquo</span> <span class='ocrx_word' id='word_1_140' title='bbox 1251 2452 1404 2517; x_wconf 89' lang='lat' dir='ltr'>servitori</span> <span class='ocrx_word' id='word_1_141' title='bbox 1446 2451 1666 2537; x_wconf 90' lang='lat' dir='ltr'>scriptorique</span> 
     </span>
     <span class='ocr_line' id='line_1_19' title="bbox 291 2552 1664 2642; baseline -0.001 -23"><span class='ocrx_word' id='word_1_142' title='bbox 291 2563 424 2635; x_wconf 66' lang='lat' dir='ltr'>nestro,</span> <span class='ocrx_word' id='word_1_143' title='bbox 443 2554 579 2641; x_wconf 88' lang='lat' dir='ltr'>Egidio]</span> <span class='ocrx_word' id='word_1_144' title='bbox 609 2553 765 2639; x_wconf 88' lang='lat' dir='ltr'>Waspart</span> <span class='ocrx_word' id='word_1_145' title='bbox 776 2566 798 2635; x_wconf 84' lang='lat'>³,</span> <span class='ocrx_word' id='word_1_146' title='bbox 826 2552 999 2635; x_wconf 75' lang='lat' dir='ltr'>Leodien,</span> <span class='ocrx_word' id='word_1_147' title='bbox 1015 2554 1058 2619; x_wconf 92' lang='lat' dir='ltr'>de</span> <span class='ocrx_word' id='word_1_148' title='bbox 1074 2564 1201 2621; x_wconf 84' lang='lat' dir='ltr'>canet</span> <span class='ocrx_word' id='word_1_149' title='bbox 1216 2560 1309 2642; x_wconf 89' lang='lat' dir='ltr'>preb.</span> <span class='ocrx_word' id='word_1_150' title='bbox 1335 2556 1475 2621; x_wconf 86' lang='lat' dir='ltr'>ecclesie</span> <span class='ocrx_word' id='word_1_151' title='bbox 1492 2554 1664 2635; x_wconf 70' lang='lat' dir='ltr'>Leodien„</span> 
     </span>
     <span class='ocr_line' id='line_1_20' title="bbox 299 2657 1663 2745; baseline -0.001 -22"><span class='ocrx_word' id='word_1_152' title='bbox 299 2680 373 2725; x_wconf 88' lang='lat' dir='ltr'>vac.</span> <span class='ocrx_word' id='word_1_153' title='bbox 389 2679 449 2745; x_wconf 91' lang='lat' dir='ltr'>per</span> <span class='ocrx_word' id='word_1_154' title='bbox 465 2661 519 2724; x_wconf 92' lang='lat' dir='ltr'>ob.</span> <span class='ocrx_word' id='word_1_155' title='bbox 535 2657 555 2736; x_wconf 91' lang='lat' dir='ltr'>J</span> <span class='ocrx_word' id='word_1_156' title='bbox 558 2658 703 2723; x_wconf 89' lang='lat' dir='ltr'>ohannis</span> <span class='ocrx_word' id='word_1_157' title='bbox 717 2658 760 2723; x_wconf 95' lang='lat' dir='ltr'>de</span> <span class='ocrx_word' id='word_1_158' title='bbox 777 2657 889 2723; x_wconf 91' lang='lat' dir='ltr'>Reves</span> <span class='ocrx_word' id='word_1_159' title='bbox 898 2670 920 2739; x_wconf 86' lang='lat'>⁴,</span> <span class='ocrx_word' id='word_1_160' title='bbox 944 2658 1093 2743; x_wconf 87' lang='lat' dir='ltr'>ejusdem</span> <span class='ocrx_word' id='word_1_161' title='bbox 1109 2659 1251 2725; x_wconf 88' lang='lat' dir='ltr'>ecclesie</span> <span class='ocrx_word' id='word_1_162' title='bbox 1267 2659 1420 2725; x_wconf 90' lang='lat' dir='ltr'>canonici</span> <span class='ocrx_word' id='word_1_163' title='bbox 1437 2658 1635 2744; x_wconf 85' lang='lat' dir='ltr'>prebendati</span> <span class='ocrx_word' id='word_1_164' title='bbox 1655 2682 1663 2738; x_wconf 87' lang='grc'><strong>;</strong></span> 
     </span>
     <span class='ocr_line' id='line_1_21' title="bbox 300 2760 1664 2850; baseline -0.002 -22"><span class='ocrx_word' id='word_1_165' title='bbox 300 2763 357 2848; x_wconf 91' lang='lat' dir='ltr'>qui</span> <span class='ocrx_word' id='word_1_166' title='bbox 374 2772 468 2828; x_wconf 89' lang='lat' dir='ltr'>extra</span> <span class='ocrx_word' id='word_1_167' title='bbox 484 2762 610 2829; x_wconf 88' lang='lat' dir='ltr'>curiam</span> <span class='ocrx_word' id='word_1_168' title='bbox 625 2760 715 2826; x_wconf 90' lang='lat' dir='ltr'>diem</span> <span class='ocrx_word' id='word_1_169' title='bbox 732 2762 850 2827; x_wconf 85' lang='lat' dir='ltr'>clausit</span> <span class='ocrx_word' id='word_1_170' title='bbox 865 2769 1064 2845; x_wconf 88' lang='lat' dir='ltr'>extremum,</span> <span class='ocrx_word' id='word_1_171' title='bbox 1080 2762 1150 2829; x_wconf 89' lang='lat' dir='ltr'>sedi</span> <span class='ocrx_word' id='word_1_172' title='bbox 1166 2771 1273 2850; x_wconf 85' lang='lat' dir='ltr'>apost.</span> <span class='ocrx_word' id='word_1_173' title='bbox 1283 2763 1468 2844; x_wconf 85' lang='lat' dir='ltr'>reservatis,</span> <span class='ocrx_word' id='word_1_174' title='bbox 1480 2760 1664 2847; x_wconf 91' lang='lat' dir='ltr'>dignemini</span> 
     </span>
     <span class='ocr_line' id='line_1_22' title="bbox 300 2865 1664 2954; baseline -0.001 -22"><span class='ocrx_word' id='word_1_175' title='bbox 300 2867 504 2954; x_wconf 89' lang='lat' dir='ltr'>providere;</span> <span class='ocrx_word' id='word_1_176' title='bbox 532 2888 600 2933; x_wconf 94' lang='lat' dir='ltr'>non</span> <span class='ocrx_word' id='word_1_177' title='bbox 628 2871 714 2935; x_wconf 90' lang='lat' dir='ltr'>obst.</span> <span class='ocrx_word' id='word_1_178' title='bbox 741 2867 912 2933; x_wconf 87' lang='lat' dir='ltr'>beneficiis</span> <span class='ocrx_word' id='word_1_179' title='bbox 948 2888 1013 2951; x_wconf 90' lang='lat' dir='ltr'>que</span> <span class='ocrx_word' id='word_1_180' title='bbox 1037 2868 1170 2934; x_wconf 89' lang='lat' dir='ltr'>obtinet</span> <span class='ocrx_word' id='word_1_181' title='bbox 1196 2868 1230 2932; x_wconf 94' lang='lat' dir='ltr'>in</span> <span class='ocrx_word' id='word_1_182' title='bbox 1256 2867 1530 2934; x_wconf 88' lang='lat' dir='ltr'>vicecancellaria</span> <span class='ocrx_word' id='word_1_183' title='bbox 1555 2865 1664 2951; x_wconf 84' lang='lat' dir='ltr'>expri-</span> 
     </span>
    </p>
   </div>
   <div class='ocr_carea' id='block_1_9' title="bbox 301 2970 1078 3173">
    <p class='ocr_par' dir='ltr' id='par_1_11' title="bbox 301 2970 1078 3173">
     <span class='ocr_line' id='line_1_23' title="bbox 301 2970 1078 3053; baseline 0.001 -16"><span class='ocrx_word' id='word_1_184' title='bbox 301 2972 442 3053; x_wconf 90' lang='lat' dir='ltr'>mendis,</span> <span class='ocrx_word' id='word_1_185' title='bbox 458 2979 493 3037; x_wconf 92' lang='lat' dir='ltr'>et</span> <span class='ocrx_word' id='word_1_186' title='bbox 509 2993 586 3038; x_wconf 90' lang='lat' dir='ltr'>curn</span> <span class='ocrx_word' id='word_1_187' title='bbox 601 2972 674 3038; x_wconf 92' lang='lat' dir='ltr'>aliis</span> <span class='ocrx_word' id='word_1_188' title='bbox 689 2992 757 3037; x_wconf 92' lang='lat' dir='ltr'>non</span> <span class='ocrx_word' id='word_1_189' title='bbox 774 2975 861 3038; x_wconf 90' lang='lat' dir='ltr'>obst.</span> <span class='ocrx_word' id='word_1_190' title='bbox 876 3012 920 3020; x_wconf 94' lang='lat'><strong>—</strong></span> <span class='ocrx_word' id='word_1_191' title='bbox 936 2970 1013 3036; x_wconf 85' lang='lat' dir='ltr'>Fiat</span> <span class='ocrx_word' id='word_1_192' title='bbox 1036 2970 1078 3038; x_wconf 88' lang='lat' dir='ltr'>R.</span> 
     </span>
     <span class='ocr_line' id='line_1_24' title="bbox 345 3075 1068 3173; baseline 0 -32"><span class='ocrx_word' id='word_1_193' title='bbox 345 3076 423 3141; x_wconf 86' lang='lat' dir='ltr'>Dat.</span> <span class='ocrx_word' id='word_1_194' title='bbox 439 3075 539 3142; x_wconf 91' lang='lat' dir='ltr'>Avin.</span> <span class='ocrx_word' id='word_1_195' title='bbox 560 3096 594 3140; x_wconf 94' lang='lat'>11</span> <span class='ocrx_word' id='word_1_196' title='bbox 612 3075 679 3173; x_wconf 81' lang='lat' dir='ltr'>kal.</span> <span class='ocrx_word' id='word_1_197' title='bbox 695 3076 777 3142; x_wconf 82' lang='lat' dir='ltr'>febr.</span> <span class='ocrx_word' id='word_1_198' title='bbox 792 3083 826 3141; x_wconf 88' lang='lat' dir='ltr'>a⁰</span> <span class='ocrx_word' id='word_1_199' title='bbox 842 3083 884 3156; x_wconf 85' lang='lat'>9⁰.</span> <span class='ocrx_word' id='word_1_200' title='bbox 904 3076 983 3160; x_wconf 91' lang='lat'>(20,</span> <span class='ocrx_word' id='word_1_201' title='bbox 999 3076 1068 3159; x_wconf 83' lang='lat'>43).</span> 
     </span>
    </p>
   </div>
   <div class='ocr_carea' id='block_1_10' title="bbox 299 3230 1665 3643">
    <p class='ocr_par' dir='ltr' id='par_1_12' title="bbox 352 3230 1618 3326">
     <span class='ocr_line' id='line_1_25' title="bbox 352 3230 1618 3326; baseline -0.004 -15"><span class='ocrx_word' id='word_1_202' title='bbox 352 3230 499 3312; x_wconf 79' lang='grc'><strong><em>2140.</em></strong></span> <span class='ocrx_word' id='word_1_203' title='bbox 1311 3262 1406 3326; x_wconf 82' lang='grc'><strong><em>1551,</em></strong></span> <span class='ocrx_word' id='word_1_204' title='bbox 1420 3240 1618 3325; x_wconf 69' lang='grc'><strong><em>5051111111.</em></strong></span> 
     </span>
    </p>

    <p class='ocr_par' dir='ltr' id='par_1_13' title="bbox 299 3344 1665 3643">
     <span class='ocr_line' id='line_1_26' title="bbox 344 3344 1663 3436; baseline -0.004 -22"><span class='ocrx_word' id='word_1_205' title='bbox 344 3350 446 3436; x_wconf 91' lang='lat' dir='ltr'>Supp.</span> <span class='ocrx_word' id='word_1_206' title='bbox 457 3348 618 3414; x_wconf 88' lang='lat' dir='ltr'>Nicolaus</span> <span class='ocrx_word' id='word_1_207' title='bbox 631 3346 1000 3434; x_wconf 88' lang='lat' dir='ltr'>Braque,thesaurarius</span> <span class='ocrx_word' id='word_1_208' title='bbox 1013 3345 1164 3429; x_wconf 88' lang='lat' dir='ltr'>Francie,</span> <span class='ocrx_word' id='word_1_209' title='bbox 1177 3355 1268 3433; x_wconf 88' lang='lat' dir='ltr'>quat.</span> <span class='ocrx_word' id='word_1_210' title='bbox 1282 3345 1317 3434; x_wconf 89' lang='lat' dir='ltr'>[J</span> <span class='ocrx_word' id='word_1_211' title='bbox 1321 3347 1489 3412; x_wconf 89' lang='lat' dir='ltr'>ohannem</span> <span class='ocrx_word' id='word_1_212' title='bbox 1499 3344 1630 3430; x_wconf 89' lang='lat' dir='ltr'>Braque</span> <span class='ocrx_word' id='word_1_213' title='bbox 1640 3357 1663 3424; x_wconf 83' lang='lat'>⁵,</span> 
     </span>
     <span class='ocr_line' id='line_1_27' title="bbox 301 3448 1664 3540; baseline -0.004 -21"><span class='ocrx_word' id='word_1_214' title='bbox 301 3455 405 3520; x_wconf 90' lang='lat' dir='ltr'>filium</span> <span class='ocrx_word' id='word_1_215' title='bbox 421 3453 546 3540; x_wconf 87' lang='lat' dir='ltr'>soum],</span> <span class='ocrx_word' id='word_1_216' title='bbox 563 3453 619 3538; x_wconf 93' lang='lat' dir='ltr'>qui</span> <span class='ocrx_word' id='word_1_217' title='bbox 635 3454 785 3519; x_wconf 90' lang='lat' dir='ltr'>nondum</span> <span class='ocrx_word' id='word_1_218' title='bbox 801 3474 859 3519; x_wconf 91' lang='lat' dir='ltr'>sue</span> <span class='ocrx_word' id='word_1_219' title='bbox 875 3453 976 3518; x_wconf 89' lang='lat' dir='ltr'>etatis</span> <span class='ocrx_word' id='word_1_220' title='bbox 999 3460 1157 3537; x_wconf 88' lang='lat' dir='ltr'>quartum</span> <span class='ocrx_word' id='word_1_221' title='bbox 1177 3450 1346 3517; x_wconf 90' lang='lat' dir='ltr'>decimum</span> <span class='ocrx_word' id='word_1_222' title='bbox 1362 3471 1488 3516; x_wconf 89' lang='lat' dir='ltr'>annum</span> <span class='ocrx_word' id='word_1_223' title='bbox 1504 3448 1664 3534; x_wconf 86' lang='lat' dir='ltr'>attigerit,</span> 
     </span>
     <span class='ocr_line' id='line_1_28' title="bbox 299 3552 1665 3643; baseline -0.004 -21"><span class='ocrx_word' id='word_1_224' title='bbox 299 3559 474 3624; x_wconf 86' lang='lat' dir='ltr'>habilitare</span> <span class='ocrx_word' id='word_1_225' title='bbox 489 3557 674 3643; x_wconf 89' lang='lat' dir='ltr'>dignemini</span> <span class='ocrx_word' id='word_1_226' title='bbox 690 3557 733 3622; x_wconf 90' lang='lat' dir='ltr'>ad</span> <span class='ocrx_word' id='word_1_227' title='bbox 747 3560 824 3623; x_wconf 90' lang='lat' dir='ltr'>ben.</span> <span class='ocrx_word' id='word_1_228' title='bbox 839 3598 883 3607; x_wconf 98' lang='lat'>-</span> <span class='ocrx_word' id='word_1_229' title='bbox 900 3557 978 3623; x_wconf 88' lang='lat' dir='ltr'>Fiat</span> <span class='ocrx_word' id='word_1_230' title='bbox 993 3557 1036 3623; x_wconf 92' lang='lat' dir='ltr'>de</span> <span class='ocrx_word' id='word_1_231' title='bbox 1051 3556 1234 3643; x_wconf 88' lang='lat' dir='ltr'>prebenda,</span> <span class='ocrx_word' id='word_1_232' title='bbox 1250 3555 1331 3621; x_wconf 92' lang='lat' dir='ltr'>dum</span> <span class='ocrx_word' id='word_1_233' title='bbox 1357 3563 1473 3620; x_wconf 90' lang='lat' dir='ltr'>tamen</span> <span class='ocrx_word' id='word_1_234' title='bbox 1497 3555 1541 3620; x_wconf 91' lang='lat' dir='ltr'>sit</span> <span class='ocrx_word' id='word_1_235' title='bbox 1555 3552 1665 3639; x_wconf 91' lang='lat' dir='ltr'>major</span> 
     </span>
    </p>
   </div>
   <div class='ocr_carea' id='block_1_11' title="bbox 299 3660 1045 3849">
    <p class='ocr_par' dir='ltr' id='par_1_14' title="bbox 299 3660 1045 3849">
     <span class='ocr_line' id='line_1_29' title="bbox 299 3660 602 3747; baseline 0 -20"><span class='ocrx_word' id='word_1_236' title='bbox 299 3670 432 3747; x_wconf 85' lang='lat' dir='ltr'>septem</span> <span class='ocrx_word' id='word_1_237' title='bbox 448 3661 546 3728; x_wconf 88' lang='lat' dir='ltr'>annis</span> <span class='ocrx_word' id='word_1_238' title='bbox 562 3660 602 3727; x_wconf 92' lang='lat' dir='ltr'>R.</span> 
     </span>
     <span class='ocr_line' id='line_1_30' title="bbox 342 3764 1045 3849; baseline -0.001 -19"><span class='ocrx_word' id='word_1_239' title='bbox 342 3767 423 3832; x_wconf 89' lang='lat' dir='ltr'>Dat.</span> <span class='ocrx_word' id='word_1_240' title='bbox 439 3766 540 3831; x_wconf 88' lang='lat' dir='ltr'>Avin.</span> <span class='ocrx_word' id='word_1_241' title='bbox 559 3785 576 3848; x_wconf 88' lang='lat'>3</span> <span class='ocrx_word' id='word_1_242' title='bbox 593 3764 660 3830; x_wconf 88' lang='lat' dir='ltr'>kal.</span> <span class='ocrx_word' id='word_1_243' title='bbox 676 3764 756 3830; x_wconf 90' lang='lat' dir='ltr'>febr.</span> <span class='ocrx_word' id='word_1_244' title='bbox 772 3771 806 3829; x_wconf 88' lang='lat' dir='ltr'>a⁰</span> <span class='ocrx_word' id='word_1_245' title='bbox 822 3771 865 3846; x_wconf 86' lang='lat'>9⁰.</span> <span class='ocrx_word' id='word_1_246' title='bbox 883 3764 960 3849; x_wconf 85' lang='lat'>(20,</span> <span class='ocrx_word' id='word_1_247' title='bbox 976 3765 1045 3848; x_wconf 82' lang='lat'>49).</span> 
     </span>
    </p>
   </div>
   <div class='ocr_carea' id='block_1_12' title="bbox 299 3920 1664 4747">
    <p class='ocr_par' dir='ltr' id='par_1_15' title="bbox 350 3920 1619 4016">
     <span class='ocr_line' id='line_1_31' title="bbox 350 3920 1619 4016; baseline -0.005 -15"><span class='ocrx_word' id='word_1_248' title='bbox 350 3920 485 4010; x_wconf 79' lang='grc'><strong><em>2141,</em></strong></span> <span class='ocrx_word' id='word_1_249' title='bbox 1309 3951 1404 4016; x_wconf 79' lang='grc'><strong><em>1551,</em></strong></span> <span class='ocrx_word' id='word_1_250' title='bbox 1419 3950 1463 4014; x_wconf 82' lang='grc' dir='ltr'>3ο</span> <span class='ocrx_word' id='word_1_251' title='bbox 1473 3928 1619 4012; x_wconf 81' lang='lat' dir='ltr'>janaier.</span> 
     </span>
    </p>

    <p class='ocr_par' dir='ltr' id='par_1_16' title="bbox 299 4033 1664 4747">
     <span class='ocr_line' id='line_1_32' title="bbox 343 4033 1663 4122; baseline -0.002 -20"><span class='ocrx_word' id='word_1_252' title='bbox 343 4037 433 4122; x_wconf 92' lang='lat' dir='ltr'>Sign.</span> <span class='ocrx_word' id='word_1_253' title='bbox 459 4036 656 4102; x_wconf 86' lang='lat' dir='ltr'>Guillelmus</span> <span class='ocrx_word' id='word_1_254' title='bbox 679 4056 699 4100; x_wconf 91' lang='lat' dir='ltr'>a</span> <span class='ocrx_word' id='word_1_255' title='bbox 722 4035 755 4101; x_wconf 88' lang='lat' dir='ltr'>la</span> <span class='ocrx_word' id='word_1_256' title='bbox 781 4033 926 4117; x_wconf 89' lang='lat' dir='ltr'>Cauche,</span> <span class='ocrx_word' id='word_1_257' title='bbox 952 4034 1163 4100; x_wconf 88' lang='lat' dir='ltr'>barbitonsor</span> <span class='ocrx_word' id='word_1_258' title='bbox 1187 4042 1223 4099; x_wconf 90' lang='lat' dir='ltr'>et</span> <span class='ocrx_word' id='word_1_259' title='bbox 1249 4033 1391 4100; x_wconf 87' lang='lat' dir='ltr'>famulus</span> <span class='ocrx_word' id='word_1_260' title='bbox 1415 4054 1547 4100; x_wconf 87' lang='lat' dir='ltr'>camere</span> <span class='ocrx_word' id='word_1_261' title='bbox 1570 4034 1663 4100; x_wconf 90' lang='lat' dir='ltr'>dom.</span> 
     </span>
     <span class='ocr_line' id='line_1_33' title="bbox 300 4137 1663 4226; baseline -0.001 -20"><span class='ocrx_word' id='word_1_262' title='bbox 300 4141 385 4226; x_wconf 90' lang='lat' dir='ltr'>regis</span> <span class='ocrx_word' id='word_1_263' title='bbox 402 4139 554 4220; x_wconf 86' lang='lat' dir='ltr'>Francie,</span> <span class='ocrx_word' id='word_1_264' title='bbox 567 4139 658 4224; x_wconf 91' lang='lat' dir='ltr'>quod</span> <span class='ocrx_word' id='word_1_265' title='bbox 672 4137 778 4225; x_wconf 90' lang='lat' dir='ltr'>pridie</span> <span class='ocrx_word' id='word_1_266' title='bbox 794 4139 860 4204; x_wconf 92' lang='lat' dir='ltr'>vid.</span> <span class='ocrx_word' id='word_1_267' title='bbox 879 4159 896 4222; x_wconf 83' lang='lat'>3</span> <span class='ocrx_word' id='word_1_268' title='bbox 913 4159 994 4204; x_wconf 93' lang='lat' dir='ltr'>non.</span> <span class='ocrx_word' id='word_1_269' title='bbox 1006 4138 1150 4223; x_wconf 88' lang='lat' dir='ltr'>januarii</span> <span class='ocrx_word' id='word_1_270' title='bbox 1166 4137 1186 4216; x_wconf 93' lang='lat' dir='ltr'>J</span> <span class='ocrx_word' id='word_1_271' title='bbox 1189 4139 1316 4203; x_wconf 91' lang='lat' dir='ltr'>ohanni</span> <span class='ocrx_word' id='word_1_272' title='bbox 1332 4139 1424 4205; x_wconf 92' lang='lat' dir='ltr'>dicto</span> <span class='ocrx_word' id='word_1_273' title='bbox 1437 4159 1456 4204; x_wconf 89' lang='lat' dir='ltr'>a</span> <span class='ocrx_word' id='word_1_274' title='bbox 1468 4139 1501 4205; x_wconf 88' lang='lat' dir='ltr'>la</span> <span class='ocrx_word' id='word_1_275' title='bbox 1515 4137 1663 4220; x_wconf 89' lang='lat' dir='ltr'>Cauche,</span> 
     </span>
     <span class='ocr_line' id='line_1_34' title="bbox 301 4240 1663 4331; baseline -0.001 -22"><span class='ocrx_word' id='word_1_276' title='bbox 301 4244 417 4331; x_wconf 89' lang='lat' dir='ltr'>nepoti</span> <span class='ocrx_word' id='word_1_277' title='bbox 433 4264 504 4325; x_wconf 86' lang='lat' dir='ltr'>suo,</span> <span class='ocrx_word' id='word_1_278' title='bbox 521 4244 564 4310; x_wconf 90' lang='lat' dir='ltr'>de</span> <span class='ocrx_word' id='word_1_279' title='bbox 580 4264 653 4309; x_wconf 90' lang='lat' dir='ltr'>can.</span> <span class='ocrx_word' id='word_1_280' title='bbox 669 4250 704 4307; x_wconf 89' lang='lat' dir='ltr'>et</span> <span class='ocrx_word' id='word_1_281' title='bbox 716 4245 807 4328; x_wconf 90' lang='lat' dir='ltr'>preb.</span> <span class='ocrx_word' id='word_1_282' title='bbox 828 4242 860 4308; x_wconf 90' lang='lat' dir='ltr'>S.</span> <span class='ocrx_word' id='word_1_283' title='bbox 877 4241 1026 4329; x_wconf 91' lang='lat' dir='ltr'>Sepulcri</span> <span class='ocrx_word' id='word_1_284' title='bbox 1048 4241 1091 4306; x_wconf 90' lang='lat' dir='ltr'>de</span> <span class='ocrx_word' id='word_1_285' title='bbox 1106 4240 1268 4322; x_wconf 88' lang='lat' dir='ltr'>Cadomo,</span> <span class='ocrx_word' id='word_1_286' title='bbox 1284 4241 1442 4328; x_wconf 88' lang='lat' dir='ltr'>Bajocen.</span> <span class='ocrx_word' id='word_1_287' title='bbox 1459 4243 1556 4325; x_wconf 79' lang='lat' dir='ltr'>dioc,</span> <span class='ocrx_word' id='word_1_288' title='bbox 1573 4243 1606 4310; x_wconf 91' lang='lat' dir='ltr'>S.</span> <span class='ocrx_word' id='word_1_289' title='bbox 1621 4241 1663 4308; x_wconf 94' lang='lat' dir='ltr'>V.</span> 
     </span>
     <span class='ocr_line' id='line_1_35' title="bbox 300 4343 1664 4434; baseline -0.001 -21"><span class='ocrx_word' id='word_1_290' title='bbox 300 4348 457 4434; x_wconf 89' lang='lat' dir='ltr'>providit,</span> <span class='ocrx_word' id='word_1_291' title='bbox 479 4369 563 4433; x_wconf 89' lang='lat' dir='ltr'>quos</span> <span class='ocrx_word' id='word_1_292' title='bbox 589 4346 736 4412; x_wconf 81' lang='lat' dir='ltr'>nanavit</span> <span class='ocrx_word' id='word_1_293' title='bbox 762 4366 883 4412; x_wconf 89' lang='lat' dir='ltr'>vacare</span> <span class='ocrx_word' id='word_1_294' title='bbox 909 4367 969 4431; x_wconf 91' lang='lat' dir='ltr'>per</span> <span class='ocrx_word' id='word_1_295' title='bbox 995 4349 1049 4412; x_wconf 93' lang='lat' dir='ltr'>ob.</span> <span class='ocrx_word' id='word_1_296' title='bbox 1076 4343 1245 4411; x_wconf 90' lang='lat' dir='ltr'>Guillelmi</span> <span class='ocrx_word' id='word_1_297' title='bbox 1263 4345 1372 4412; x_wconf 88' lang='lat' dir='ltr'>Porte.</span> <span class='ocrx_word' id='word_1_298' title='bbox 1388 4345 1664 4433; x_wconf 87' lang='lat' dir='ltr'>Verumptamen,</span> 
     </span>
     <span class='ocr_line' id='line_1_36' title="bbox 299 4448 1663 4539; baseline 0.001 -22"><span class='ocrx_word' id='word_1_299' title='bbox 299 4459 377 4539; x_wconf 89' lang='lat' dir='ltr'>post</span> <span class='ocrx_word' id='word_1_300' title='bbox 392 4460 537 4517; x_wconf 87' lang='lat' dir='ltr'>mortem</span> <span class='ocrx_word' id='word_1_301' title='bbox 553 4451 635 4516; x_wconf 88' lang='lat' dir='ltr'>dicti</span> <span class='ocrx_word' id='word_1_302' title='bbox 652 4448 866 4534; x_wconf 88' lang='lat' dir='ltr'>G(uillelmi),</span> <span class='ocrx_word' id='word_1_303' title='bbox 880 4448 920 4514; x_wconf 91' lang='lat' dir='ltr'>E.</span> <span class='ocrx_word' id='word_1_304' title='bbox 933 4449 965 4516; x_wconf 89' lang='lat' dir='ltr'>S.</span> <span class='ocrx_word' id='word_1_305' title='bbox 979 4448 1018 4515; x_wconf 92' lang='lat' dir='ltr'>V.</span> <span class='ocrx_word' id='word_1_306' title='bbox 1033 4448 1181 4527; x_wconf 91' lang='lat' dir='ltr'>Johanni</span> <span class='ocrx_word' id='word_1_307' title='bbox 1198 4448 1337 4532; x_wconf 87' lang='lat' dir='ltr'>Bechet,</span> <span class='ocrx_word' id='word_1_308' title='bbox 1354 4450 1476 4517; x_wconf 92' lang='lat' dir='ltr'>clerico</span> <span class='ocrx_word' id='word_1_309' title='bbox 1492 4449 1663 4518; x_wconf 85' lang='lat' dir='ltr'>Morinen.</span> 
     </span>
     <span class='ocr_line' id='line_1_37' title="bbox 299 4551 1663 4642; baseline 0 -21"><span class='ocrx_word' id='word_1_310' title='bbox 299 4555 396 4636; x_wconf 74' lang='lat' dir='ltr'>dioc..</span> <span class='ocrx_word' id='word_1_311' title='bbox 412 4563 490 4642; x_wconf 88' lang='lat' dir='ltr'>post</span> <span class='ocrx_word' id='word_1_312' title='bbox 505 4556 560 4620; x_wconf 92' lang='lat' dir='ltr'>ob.</span> <span class='ocrx_word' id='word_1_313' title='bbox 586 4553 691 4620; x_wconf 89' lang='lat' dir='ltr'>etiam</span> <span class='ocrx_word' id='word_1_314' title='bbox 714 4553 796 4619; x_wconf 91' lang='lat' dir='ltr'>dicti</span> <span class='ocrx_word' id='word_1_315' title='bbox 819 4551 990 4618; x_wconf 90' lang='lat' dir='ltr'>Guillelmi</span> <span class='ocrx_word' id='word_1_316' title='bbox 1005 4552 1048 4619; x_wconf 91' lang='lat' dir='ltr'>de</span> <span class='ocrx_word' id='word_1_317' title='bbox 1063 4553 1162 4619; x_wconf 90' lang='lat' dir='ltr'>dictis</span> <span class='ocrx_word' id='word_1_318' title='bbox 1185 4573 1259 4620; x_wconf 89' lang='lat' dir='ltr'>can.</span> <span class='ocrx_word' id='word_1_319' title='bbox 1275 4562 1311 4620; x_wconf 91' lang='lat' dir='ltr'>et</span> <span class='ocrx_word' id='word_1_320' title='bbox 1324 4558 1417 4641; x_wconf 90' lang='lat' dir='ltr'>preb.</span> <span class='ocrx_word' id='word_1_321' title='bbox 1445 4555 1663 4641; x_wconf 85' lang='lat' dir='ltr'>supplicatio-</span> 
     </span>
     <span class='ocr_line' id='line_1_38' title="bbox 299 4657 1664 4747; baseline 0.001 -22"><span class='ocrx_word' id='word_1_322' title='bbox 299 4681 377 4725; x_wconf 92' lang='lat' dir='ltr'>nem</span> <span class='ocrx_word' id='word_1_323' title='bbox 393 4659 548 4746; x_wconf 89' lang='lat' dir='ltr'>signavit,</span> <span class='ocrx_word' id='word_1_324' title='bbox 564 4679 664 4746; x_wconf 88' lang='lat' dir='ltr'>super</span> <span class='ocrx_word' id='word_1_325' title='bbox 679 4677 746 4742; x_wconf 88' lang='lat' dir='ltr'>qua</span> <span class='ocrx_word' id='word_1_326' title='bbox 761 4657 872 4724; x_wconf 88' lang='lat' dir='ltr'>littere</span> <span class='ocrx_word' id='word_1_327' title='bbox 885 4657 973 4724; x_wconf 87' lang='lat' dir='ltr'>facte</span> <span class='ocrx_word' id='word_1_328' title='bbox 988 4679 1058 4723; x_wconf 92' lang='lat' dir='ltr'>non</span> <span class='ocrx_word' id='word_1_329' title='bbox 1074 4665 1240 4740; x_wconf 84' lang='lat' dir='ltr'>sunt,nec</span> <span class='ocrx_word' id='word_1_330' title='bbox 1255 4657 1345 4724; x_wconf 91' lang='lat' dir='ltr'>idem</span> <span class='ocrx_word' id='word_1_331' title='bbox 1361 4657 1381 4736; x_wconf 93' lang='lat' dir='ltr'>J</span> <span class='ocrx_word' id='word_1_332' title='bbox 1385 4659 1569 4744; x_wconf 87' lang='lat' dir='ltr'>(ohannes)</span> <span class='ocrx_word' id='word_1_333' title='bbox 1585 4680 1664 4747; x_wconf 88' lang='lat' dir='ltr'>pos·</span> 
     </span>
    </p>
   </div>
   <div class='ocr_carea' id='block_1_13' title="bbox 301 4846 1662 4999">
    <p class='ocr_par' dir='ltr' id='par_1_17' title="bbox 301 4846 1662 4999">
     <span class='ocr_line' id='line_1_39' title="bbox 334 4846 1662 4926; baseline 0.002 -12"><span class='ocrx_word' id='word_1_334' title='bbox 334 4869 357 4916; x_wconf 92' lang='lat' dir='ltr'>l.</span> <span class='ocrx_word' id='word_1_335' title='bbox 370 4865 431 4914; x_wconf 87' lang='lat' dir='ltr'>Voir</span> <span class='ocrx_word' id='word_1_336' title='bbox 442 4879 467 4914; x_wconf 91' lang='lat' dir='ltr'>n.</span> <span class='ocrx_word' id='word_1_337' title='bbox 480 4867 592 4914; x_wconf 70' lang='grc'><strong><em>10711-</em></strong></span> <span class='ocrx_word' id='word_1_338' title='bbox 604 4867 627 4914; x_wconf 80' lang='lat'>2.</span> <span class='ocrx_word' id='word_1_339' title='bbox 639 4864 701 4913; x_wconf 87' lang='lat' dir='ltr'>Voir</span> <span class='ocrx_word' id='word_1_340' title='bbox 713 4879 739 4914; x_wconf 92' lang='lat' dir='ltr'>n.</span> <span class='ocrx_word' id='word_1_341' title='bbox 751 4866 805 4926; x_wconf 77' lang='lat'>635,</span> <span class='ocrx_word' id='word_1_342' title='bbox 824 4846 939 4916; x_wconf 70' lang='grc'><strong><em>11191-</em></strong></span> <span class='ocrx_word' id='word_1_343' title='bbox 951 4869 973 4917; x_wconf 86' lang='grc'>3.</span> <span class='ocrx_word' id='word_1_344' title='bbox 985 4866 1048 4917; x_wconf 84' lang='lat' dir='ltr'>Volr</span> <span class='ocrx_word' id='word_1_345' title='bbox 1058 4881 1084 4919; x_wconf 91' lang='lat' dir='ltr'>n.</span> <span class='ocrx_word' id='word_1_346' title='bbox 1103 4867 1173 4915; x_wconf 77' lang='lat' dir='ltr'>lota.</span> <span class='ocrx_word' id='word_1_347' title='bbox 1185 4893 1215 4906; x_wconf 95' lang='lat'>-</span> <span class='ocrx_word' id='word_1_348' title='bbox 1229 4868 1252 4916; x_wconf 77' lang='lat'>4.</span> <span class='ocrx_word' id='word_1_349' title='bbox 1264 4867 1296 4916; x_wconf 86' lang='lat' dir='ltr'>de</span> <span class='ocrx_word' id='word_1_350' title='bbox 1308 4867 1404 4926; x_wconf 82' lang='lat' dir='ltr'>Theux,</span> <span class='ocrx_word' id='word_1_351' title='bbox 1415 4867 1450 4925; x_wconf 88' lang='grc' dir='ltr'>ΙΙ,</span> <span class='ocrx_word' id='word_1_352' title='bbox 1465 4869 1494 4914; x_wconf 77' lang='lat' dir='ltr'>ll</span> <span class='ocrx_word' id='word_1_353' title='bbox 1509 4882 1515 4921; x_wconf 84' lang='lat'>;</span> <span class='ocrx_word' id='word_1_354' title='bbox 1533 4867 1662 4926; x_wconf 77' lang='lat' dir='ltr'>Poneelet,</span> 
     </span>
     <span class='ocr_line' id='line_1_40' title="bbox 301 4937 696 4999; baseline 0.008 -13"><span class='ocrx_word' id='word_1_355' title='bbox 301 4940 356 4999; x_wconf 75' lang='grc'><strong><em>100,</em></strong></span> <span class='ocrx_word' id='word_1_356' title='bbox 369 4940 424 4990; x_wconf 79' lang='grc'><strong><em>104.</em></strong></span> <span class='ocrx_word' id='word_1_357' title='bbox 435 4966 467 4976; x_wconf 98' lang='grc'><strong>-</strong></span> <span class='ocrx_word' id='word_1_358' title='bbox 480 4942 503 4989; x_wconf 79' lang='lat'>5.</span> <span class='ocrx_word' id='word_1_359' title='bbox 514 4937 577 4987; x_wconf 84' lang='lat' dir='ltr'>Voir</span> <span class='ocrx_word' id='word_1_360' title='bbox 587 4952 614 4987; x_wconf 91' lang='lat' dir='ltr'>n.</span> <span class='ocrx_word' id='word_1_361' title='bbox 623 4939 696 4990; x_wconf 78' lang='lat'>2128.</span> 
     </span>
    </p>
   </div>
   <div class='ocr_carea' id='block_1_14' title="bbox 0 0 1830 5675">
    <p class='ocr_par' dir='ltr' id='par_1_18' title="bbox 0 0 1830 5675">
     <span class='ocr_line' id='line_1_41' title="bbox 0 0 1830 5675; baseline 0 1"><span class='ocrx_word' id='word_1_362' title='bbox 0 0 1830 5675; x_wconf 95' lang='lat' dir='ltr'> </span> 
     </span>
    </p>
   </div>
  </div>
 </body>
</html>
