3650 5675
301 524 363 591 220
774 526 861 603 1345,
883 526 924 592 23
942 524 1075 608 juillet-4
1095 528 1174 593 aaut.

301 674 536 741 emolumentis
559 676 736 759 consuetis,
754 676 903 743 conferre
935 696 993 742 seu
1020 677 1232 743 committere
1257 677 1448 763 dignemini.
1464 720 1509 731 -
1525 679 1601 747 Fiat
1616 681 1660 749 ad

302 783 566 867 quinquennium
582 780 622 847 R.

347 885 424 952 Dat.
441 888 539 953 Avin.
561 909 599 953 10
615 887 680 955 kal.
694 908 767 973 aug.
784 894 817 954 a⁰
833 894 876 973 4⁰.
894 888 943 972 (9,
964 890 1067 972 mol).

355 1025 467 1109 889.
1331 1060 1425 1127 1545,
1442 1062 1482 1126 23
1493 1039 1616 1123 juillet.

245 1226 249 1232 Ι
346 1145 447 1233 Supp.
464 1143 675 1213 Godoiredus
690 1145 732 1212 de
749 1144 1032 1232 Ruppemoyeria,
1043 1144 1230 1232 prepositus
1241 1144 1440 1227 Tholonen.,
1454 1166 1527 1235 cap.
1540 1155 1660 1231 vester,

302 1261 393 1337 quat.
415 1251 592 1339 [gennano
614 1270 674 1317 suo
699 1250 843 1337 Guigoni
859 1250 902 1315 de
919 1249 1202 1338 Ruppemoyeria,
1219 1250 1311 1338 can]
1330 1250 1506 1333 Vivarien,
1524 1252 1660 1318 canoni-

303 1364 415 1422 catum
439 1354 653 1422 Cameracen.
667 1355 855 1437 conferatis,
868 1359 959 1442 preb.
972 1377 1053 1422 vero
1065 1376 1141 1422 cum
1151 1356 1251 1442 dign,
1264 1377 1359 1444 pers,
1373 1355 1429 1423 off.
1441 1356 1495 1421 vel
1515 1359 1590 1424 ben.
1603 1378 1662 1425 seu

303 1460 496 1542 administr,
514 1481 542 1526 c.
560 1480 588 1526 c.
603 1461 658 1526 vel
674 1482 698 1526 s.
716 1480 755 1541 c,
783 1460 885 1526 etiam
912 1459 939 1525 si
966 1478 1026 1545 per
1052 1460 1252 1526 electionem
1278 1461 1350 1546 quis
1374 1460 1416 1527 ad
1439 1461 1514 1527 illos
1536 1462 1590 1526 vel
1606 1462 1662 1529 illa

304 1574 500 1645 assumatur,
520 1564 610 1653 [vac.
623 1563 825 1651 velvacat.,]
842 1572 947 1649 spect.
965 1563 1008 1629 ad
1025 1564 1122 1630 coll...
1139 1566 1239 1651 episc.
1252 1573 1288 1630 et
1303 1585 1386 1652 cap,
1396 1563 1480 1647 dec,
1493 1566 1661 1654 prepositi,

304 1670 539 1753 archidiaconi,
555 1670 748 1736 thesaurarii
774 1678 833 1735 aut
863 1667 1075 1756 singularium
1107 1669 1345 1737 canonicorum
1361 1668 1592 1752 Cameracen,
1609 1670 1663 1736 vel

305 1775 440 1840 alterius
455 1776 680 1861 cujuscunque
704 1778 758 1841 vel
785 1795 1060 1860 quorumcunque
1086 1782 1121 1841 et
1147 1775 1336 1861 ubicunque
1363 1776 1405 1841 de
1426 1776 1489 1843 civ.
1504 1778 1558 1841 vel
1575 1776 1662 1843 dioc.

304 1877 531 1962 Carneracen,
548 1880 771 1948 communiter
786 1880 839 1946 vel
855 1879 998 1960 divisim,
1015 1878 1095 1945 dum
1121 1888 1235 1945 tamen
1262 1899 1429 1945 summam
1446 1901 1487 1964 50
1501 1880 1557 1949 lib.
1573 1880 1661 1962 Tur,

304 2004 368 2050 sec.
385 1992 453 2050 tax.
481 1985 620 2067 decime,
636 2006 704 2051 non
729 1983 919 2063 excedant;
947 2004 1060 2070 quam,
1084 2005 1195 2069 quem,
1222 1985 1275 2051 vel
1302 1984 1392 2071 quod
1418 1984 1528 2051 dictus
1551 1984 1660 2071 Guigo

306 2088 532 2174 acceptandos
547 2089 600 2155 vel
617 2092 824 2177 acceptanda
838 2088 981 2170 duxerit,
1001 2088 1111 2155 eidem
1133 2088 1351 2157 conferendos
1373 2089 1428 2155 vel
1453 2088 1662 2170 conferenda,

306 2190 487 2279 dignemini
515 2214 708 2275 reservare;
740 2214 808 2260 non
835 2196 922 2261 obst.
947 2192 1038 2279 quod
1063 2193 1153 2260 idem
1186 2194 1295 2280 Guigo
1322 2215 1395 2261 can.
1421 2194 1599 2277 vivarien,
1623 2215 1662 2261 ac

305 2306 435 2384 partem
451 2298 598 2385 aliquam
624 2298 667 2365 de
690 2300 906 2386 proventibus
921 2299 1012 2365 dicte
1025 2298 1190 2366 Vivarien.
1207 2300 1300 2381 eccl,
1317 2309 1352 2365 et
1367 2300 1449 2366 eccl.
1465 2309 1615 2367 curatam
1630 2300 1662 2367 S.

308 2398 449 2487 Remigii
462 2400 504 2469 de
520 2403 722 2491 Solongeyo,
737 2401 923 2490 Lingonen.
939 2402 1036 2486 dioc,
1052 2412 1208 2470 noscatur
1224 2403 1385 2469 obtinere.
1401 2404 1512 2488 Quam
1528 2405 1663 2489 quidem

307 2526 420 2571 curam
432 2516 567 2592 paratus
584 2518 636 2575 est
650 2508 829 2591 dimittere,
847 2530 924 2575 cum
948 2529 1007 2595 per
1034 2518 1224 2596 presentem
1248 2509 1389 2594 gratiam
1403 2508 1493 2595 dign.
1506 2510 1558 2578 vel
1575 2510 1664 2579 aliud

305 2612 381 2677 ben.
402 2620 554 2679 curatum
581 2613 719 2700 pacifice
745 2614 920 2680 obtinebit.
942 2650 974 2661 -
1001 2611 1078 2678 Fiat
1102 2611 1145 2678 de
1169 2633 1243 2680 can.
1259 2617 1319 2679 sub
1347 2634 1422 2701 exp.
1445 2618 1548 2703 preb,
1563 2614 1663 2703 dign,

306 2723 381 2797 etc,
398 2715 432 2782 in
449 2719 530 2785 eccl.
554 2717 769 2785 Cameracen.
788 2718 827 2787 R.

350 2820 430 2888 Dat.
446 2823 544 2891 Avin.
566 2845 602 2890 10
619 2821 685 2891 kal.
702 2845 776 2910 aug.
793 2830 826 2892 a⁰
849 2830 892 2910 4⁰.
910 2824 959 2909 (9,
980 2824 1081 2909 roo').

358 2961 474 3045 890.
1380 2995 1508 3062 1345,4
1530 2977 1617 3042 aurit.

351 3079 440 3166 Sign.
457 3081 678 3166 Engelbertus
701 3083 828 3148 electus
849 3081 1008 3148 Leodien.
1026 3096 1046 3163 ¹,
1070 3081 1170 3166 quod,
1194 3101 1270 3148 cum
1295 3083 1377 3148 olim
1402 3081 1490 3147 inter
1511 3080 1664 3147 dominos

309 3205 421 3270 regern
451 3184 599 3267 Boemie,
627 3185 820 3272 archiepisc.
848 3185 1033 3268 Colonien,
1060 3194 1095 3252 et
1125 3187 1226 3272 episc.
1251 3185 1422 3267 Leodien„
1452 3186 1582 3252 ratione
1607 3205 1666 3250 sue

311 3288 451 3354 ecclesie
482 3289 640 3372 Leodien,
674 3298 709 3357 et
733 3291 911 3356 nonnullos
941 3290 1092 3371 comites,
1109 3293 1252 3357 barones
1278 3299 1313 3356 et
1342 3291 1472 3357 nobiles
1501 3313 1543 3356 ex
1571 3298 1668 3377 parte

311 3414 387 3476 una,
415 3403 450 3460 et
472 3395 562 3462 dom.
587 3394 791 3476 Johannem,
817 3396 938 3462 ducem
966 3395 1149 3463 Brabantie
1173 3417 1215 3462 ex
1242 3397 1359 3477 altera,
1384 3396 1523 3462 fuissent
1552 3415 1669 3480 graves

310 3519 424 3584 guerre
455 3508 490 3565 et
519 3499 681 3566 discordie
711 3509 836 3583 exorte,
868 3509 904 3566 et
931 3500 1081 3580 tandem,
1112 3501 1198 3565 sicut
1229 3499 1268 3565 V.
1296 3500 1327 3566 S.
1357 3503 1444 3565 bene
1471 3500 1577 3580 novit,
1607 3498 1669 3564 fuit

310 3605 585 3690 compromissum
601 3623 660 3690 per
684 3605 790 3670 dictas
805 3613 918 3691 partes
943 3606 977 3668 in
1006 3604 1250 3670 serenissimum
1266 3605 1452 3692 principem
1476 3604 1567 3672 dom.
1592 3603 1668 3670 Phi·

308 3706 446 3793 lippum,
479 3707 542 3773 Dei
569 3709 676 3794 gratia
699 3729 811 3795 regem
840 3707 982 3774 Francie
1008 3707 1180 3788 illustrem,
1207 3716 1367 3792 tanquam
1392 3707 1425 3773 in
1449 3708 1617 3788 arbitrum,
1634 3714 1668 3772 et

309 3812 538 3878 arbitratorem
556 3833 614 3879 seu
630 3811 842 3879 amicabilem
868 3813 1129 3899 compositorem
1154 3833 1251 3898 super
1278 3812 1431 3880 omnibus
1457 3811 1588 3878 debatis
1610 3829 1668 3875 seu

307 3914 479 3982 discordiis
509 3917 632 3984 exortis
661 3917 749 3985 inter
779 3925 890 4004 partes
917 3916 1108 4004 predictas;
1135 3925 1169 3982 et
1196 3917 1286 3982 idem
1311 3917 1402 3983 dom.
1429 3937 1486 3980 rex
1518 3913 1667 3993 Francis,

309 4040 392 4085 onus
407 4021 595 4107 hujusmodi
612 4022 840 4109 compromissi
853 4022 887 4086 in
904 4042 939 4086 se
955 4020 1146 4107 suscipiens
1164 4022 1417 4102 sententialiter,
1440 4020 1553 4104 vigore
1568 4017 1668 4104 ipsius

309 4127 548 4211 compromissi,
564 4126 796 4212 pronunciavit
812 4125 898 4190 inter
913 4124 978 4190 alia
994 4145 1092 4211 super
1107 4125 1274 4192 nonnullis
1296 4125 1441 4190 articulis
1456 4121 1668 4208 tangentibus

310 4228 416 4315 ipsum
432 4230 633 4317 donnepisc.
646 4229 817 4311 Leodien„
841 4229 972 4294 ratione
989 4228 1129 4294 ecclesie
1145 4227 1316 4311 Leodien„
1333 4250 1372 4295 ac
1387 4227 1511 4296 dictam
1529 4228 1609 4293 eccl.
1626 4247 1667 4291 ex

309 4341 403 4420 parte
420 4356 495 4416 una,
513 4344 547 4400 et
563 4335 727 4420 prefatum
755 4333 845 4402 dom.
873 4333 1004 4415 ducem,
1028 4333 1157 4398 ratione
1183 4332 1325 4398 ducatus
1352 4333 1401 4398 sui
1428 4331 1609 4398 Brabantie
1632 4337 1667 4394 et

309 4438 445 4504 aliarum
476 4447 637 4504 terrarum
664 4439 774 4525 ipsius,
801 4437 1023 4519 laudabiliter,
1049 4437 1292 4505 rationabiliter
1307 4445 1342 4503 et
1364 4439 1452 4523 juste
1467 4433 1668 4502 declarando

307 4545 469 4611 nonnulla
481 4546 555 4633 jura
580 4544 727 4632 episcopi
744 4552 777 4608 et
794 4543 888 4610 ducis
912 4543 1149 4630 predictorum,
1177 4553 1394 4632 propterque
1418 4542 1492 4630 jura
1504 4548 1582 4608 ante
1597 4539 1668 4626 ejus

307 4647 620 4735 pronunciationem
635 4669 753 4734 graves
768 4645 932 4716 discordie
957 4645 1148 4732 frequenter
1174 4655 1252 4716 sunt
1267 4655 1404 4727 exorte;
1421 4645 1577 4730 dictaque
1593 4662 1667 4731 pro-

307 4753 480 4818 nunciatio
496 4755 694 4840 approbata,
711 4751 848 4818 laudata
864 4759 899 4817 et
915 4753 1106 4838 emologata
1130 4772 1284 4839 expresse
1308 4751 1370 4816 fuit
1395 4758 1431 4815 et
1457 4749 1501 4815 sit
1515 4755 1550 4815 et
1565 4747 1667 4814 etiarn

313 4879 521 4886 ——--.-

344 4930 363 4975 1.
377 4927 444 4974 Μυη.
463 4927 516 4976 l'at.
534 4928 606 4984 Boin,
627 4928 646 4984 l,
664 4942 690 4976 n.
708 4930 776 4998 513¹:
794 4927 827 4976 ci.
846 4927 902 4975 Van
921 4928 1001 4981 llovo,
1023 4910 1106 4973 illudi·
1122 4940 1169 4973 aar
1185 4925 1220 4973 lea
1237 4924 1333 4985 citatius
1350 4924 1382 4972 de
1391 4923 1545 4984 juridiction
1563 4921 1628 4970 duna
1644 4919 1668 4966 le

308 4999 403 5050 dimine
419 5001 450 5050 da
468 5000 543 5064 crassi
560 5000 574 5050 ir
594 4999 705 5064 l'e'pmque
720 5001 838 5050 d'h'mrd
854 5000 885 5050 dc
902 5001 929 5049 ht
947 5000 1048 5049 Muri-ir.
1066 4999 1188 5058 louvain,
1203 4999 1272 5056 1900,
1285 5011 1328 5061 pp.
1340 4999 1423 5047 tto-81.
