3650 5675
565 904 900 1005 01000111οΕ
936 910 1147 1004 annes

437 1186 494 1267 19
533 1188 632 1267 11101
673 1186 801 1273 1350
840 1233 879 1242 -
926 1188 983 1269 18
1022 1189 1120 1268 mai
1160 1190 1277 1273 1351

229 1597 373 1681 1964.
1247 1632 1287 1695 13
1290 1632 1344 1693 50,
1362 1633 1403 1675 20
1420 1615 1496 1679 mai.

219 1715 319 1801 Supp.
344 1714 543 1779 Guillelrnus
566 1712 755 1794 Bellifortis,
771 1714 962 1780 vicecomes
989 1714 1158 1795 Turenne,
1181 1724 1272 1799 quat.
1299 1714 1537 1803 [Raymundol

176 1820 218 1885 de
235 1816 429 1883 Montealto
451 1818 494 1883 de
517 1838 590 1882 can.
603 1825 637 1882 et
660 1820 751 1902 preb.
769 1839 845 1883 cunr
868 1819 1141 1903 subpreceptoria
1155 1819 1296 1884 ecclesie
1312 1819 1539 1885 Conseranen.

175 1944 248 1988 vac.
265 1943 323 2008 per
339 1925 393 1987 ob.
413 1921 546 2005 Rogerii
563 1920 605 1985 de
623 1919 878 1987 Montesalcone
890 1932 909 2001 ¹,
920 1942 960 1987 00
975 1922 1078 1987 0110111
1094 1921 1137 1986 de
1154 1943 1229 1988 can.
1242 1931 1277 1988 et
1289 1926 1380 2007 preb.
1398 1924 1538 1990 ecclesie

176 2024 392 2091 Cameracen.
420 2023 525 2110 pridie
549 2044 607 2109 per
630 2024 661 2089 S.
687 2024 725 2089 V.
751 2024 860 2089 eidem
886 2024 1031 2108 Rogerio
1054 2025 1195 2105 collatis
1219 2026 1298 2091 licet
1314 2048 1412 2113 super
1427 2028 1538 2113 hujus-

176 2128 267 2195 modi
290 2128 403 2213 gratiis
426 2128 554 2193 litteras
570 2148 589 2193 a
605 2137 715 2193 vestre
739 2127 938 2194 cancellarie
961 2128 1100 2193 minime
1124 2129 1306 2195 obtinuerit
1329 2139 1364 2195 et
1386 2152 1446 2216 per
1468 2132 1538 2212 ejus

176 2234 229 2298 ob.
243 2232 346 2297 etiam
361 2252 447 2311 vac„
464 2232 572 2296 eidem
585 2231 790 2317 Raymundo
799 2231 841 2296 de
853 2230 1046 2297 blontealto
1053 2232 1239 2317 dignemini
1252 2233 1428 2318 providere
1443 2258 1451 2315 ;
1468 2256 1537 2301 non

176 2338 261 2402 obst.
278 2336 369 2420 quod
385 2357 458 2401 can.
476 2344 510 2401 et
525 2338 618 2421 preb.
633 2336 774 2401 ecclesie
791 2335 911 2400 Riven.
928 2345 963 2399 et
978 2337 1060 2401 eccl.
1077 2337 1213 2420 paroch.
1235 2337 1267 2402 S.
1284 2337 1374 2402 Petri
1390 2339 1432 2403 de
1455 2337 1537 2403 Ora·

174 2440 275 2519 derio,
293 2438 503 2504 Lomberien.
520 2439 618 2519 dioc,
635 2447 670 2504 et
692 2439 856 2503 beneficia
872 2439 903 2503 S.
921 2437 1082 2503 Germerii
1095 2439 1138 2503 de
1162 2439 1330 2521 Ferrione,
1347 2442 1379 2505 S.
1397 2440 1535 2507 Martini

175 2543 217 2608 de
234 2542 364 2624 Bastos,
381 2542 412 2607 S.
429 2541 594 2618 Johannis
620 2543 662 2607 de
689 2542 834 2626 Stayret,
862 2542 893 2606 S.
922 2542 1012 2606 Petri
1039 2542 1082 2607 de
1107 2541 1279 2608 Lobeiano
1303 2553 1338 2607 01
1365 2543 1403 2608 Β.
1429 2543 1479 2610 M.
1495 2544 1537 2609 de

176 2648 297 2727 Strat0,
314 2648 471 2711 Auxitan.
488 2646 585 2727 dioc,
601 2656 636 2711 et
652 2648 683 2711 S.
695 2644 843 2711 Nicolini
855 2667 960 2731 prope
977 2644 1108 2710 Malum
1120 2646 1277 2726 vicinum,
1289 2647 1436 2730 ejusdem
1450 2648 1536 2713 dioc.

177 2752 355 2831 Auxitane,
373 2751 524 2815 obtinere
540 2757 706 2815 noscatur.
722 2790 765 2798 -
781 2748 858 2814 Fiat
875 2758 911 2814 01
927 2749 1013 2833 petit
1030 2748 1071 2813 R.

221 2855 300 2920 Dat.
316 2875 369 2940 ap.
387 2855 632 2920 l'illamnovam
654 2875 689 2939 13
706 2853 773 2920 kal.
787 2854 870 2940 junii
887 2863 921 2918 a„
938 2862 979 2933 9⁰.
997 2855 1074 2938 (20,
1095 2856 1138 2927 1).

232 3017 372 3100 1965-
1245 3048 1340 3112 1350,
1359 3051 1398 3095 21
1416 3034 1494 3097 mai.

220 3133 320 3220 Supp.
347 3133 474 3214 Petrus,
500 3133 600 3218 episc.
629 3132 853 3210 Penestrinns,
882 3139 973 3214 quat.
1006 3131 1197 3217 [capellano
1227 3153 1267 3197 00
1293 3135 1453 3218 magistro
1480 3157 1538 3200 sue

177 3239 315 3324 capelle,
347 3236 509 3302 continuo
546 3236 776 3314 commensali,
818 3235 1039 3320 scriptorique
1069 3243 1191 3316 vestr0,
1224 3235 1344 3320 Egidio
1373 3238 1538 3315 Johannis

176 3340 332 3427 Waspars
344 3357 365 3421 ²,
382 3339 590 3426 Leodiensi],
613 3340 655 3406 de
679 3360 753 3405 can.
771 3347 805 3403 et
828 3341 920 3424 preb.
945 3338 1089 3404 ecclesie
1112 3337 1283 3421 Leodien.,
1300 3362 1374 3406 vac.
1401 3364 1460 3428 per
1483 3347 1536 3408 ob.

177 3443 338 3530 Hugolini
354 3444 464 3510 'l'inoli
489 3445 530 3510 de
547 3444 718 3524 Perusio³,
735 3443 884 3528 ejusdem
909 3442 1050 3507 ecclesie
1074 3443 1226 3508 canonici
1251 3445 1457 3529 prebendati,
1481 3449 1536 3531 qui

176 3559 270 3614 extra
298 3550 424 3614 curiam
449 3548 538 3614 diem
563 3548 681 3613 clausit
713 3555 911 3627 extremum,
928 3546 997 3612 sedi
1022 3554 1130 3630 apost.
1153 3548 1338 3629 reservatis,
1354 3549 1535 3632 dignemini

175 3652 377 3738 providere;
405 3673 473 3730 non
502 3655 588 3717 obst.
614 3649 789 3716 beneficiis
817 3672 881 3734 que
907 3649 1038 3714 obtinet
1066 3650 1098 3712 in
1130 3650 1404 3716 vicecancellaria
1430 3653 1537 3738 expri-

176 3755 344 3820 mendis..
364 3796 406 3804 -
423 3755 498 3820 Fiat
516 3755 555 3820 R.

219 3859 298 3924 Dat.
315 3879 369 3944 ap.
387 3858 634 3924 l'illannrovarn
654 3879 690 3923 12
707 3858 772 3924 kal.
786 3857 869 3942 junii
886 3867 920 3922 a⁰
937 3865 979 3937 9⁰.
997 3859 1010 3940 (
1014 3865 1073 3936 20,
1096 3858 1152 3940 11).

231 4023 1341 4114 1966.1350,
1359 4054 1394 4097 21
1416 4036 1492 4099 mai.

221 4141 321 4227 Supp.
339 4139 509 4220 Nicolaus‚
527 4140 557 4204 S.
577 4138 625 4204 M.
642 4140 673 4203 in
692 4140 747 4204 via
763 4140 832 4204 lata
856 4139 956 4222 dyac.
972 4138 1159 4216 cardinalis,
1177 4144 1269 4220 quat.
1286 4137 1452 4220 [familiari
1476 4160 1537 4203 suo

176 4245 362 4310 domestico
393 4253 427 4308 et
459 4243 620 4309 continuo
650 4242 868 4309 commensali
899 4240 1046 4317 Jolranni
1077 4239 1241 4317 Johannis
1272 4240 1314 4304 de
1345 4238 1535 4320 Noravilla,

176 4347 348 4433 dyacono]
368 4345 691 4426 Cameracendioe,
715 4345 757 4410 de
772 4344 924 4429 parroch.
940 4345 1021 4408 eccl.
1039 4341 1076 4407 B.
1089 4341 1138 4407 M.
1161 4343 1203 4408 de
1227 4341 1315 4408 Fuer
1336 4344 1370 4408 in
1388 4344 1536 4424 Foresio,

177 4451 372 4537 Lugdunen.
388 4451 486 4530 dioc„
508 4450 578 4516 sedi
604 4459 712 4536 apost.
735 4457 905 4514 reservata
920 4469 995 4514 vac.
1011 4447 1054 4513 ad
1069 4468 1204 4533 presens
1219 4469 1278 4533 per
1294 4451 1348 4514 ob.
1371 4447 1535 4526 Johannis

178 4555 347 4634 lncbonis,
361 4556 468 4620 ultimi
480 4554 618 4620 rectoris
642 4552 800 4638 ejusdem,
817 4551 872 4635 qui
889 4551 923 4615 in
940 4550 1090 4636 partibus
1104 4551 1168 4614 illis
1189 4551 1278 4616 diem
1292 4553 1409 4618 clausit
1428 4562 1538 4618 extre-

178 4681 281 4740 mum,
298 4659 351 4724 vel
368 4658 590 4744 quovismodo
606 4667 716 4738 vacet,
741 4677 818 4723 curn
845 4655 1000 4721 omnibus
1012 4655 1138 4739 juribus
1154 4663 1188 4720 et
1203 4655 1413 4741 pertinentiis
1428 4657 1534 4722 suis..

179 4825 428 4835 ———----—-

213 4921 234 4966 l.
246 4919 308 4966 Voir
318 4935 341 4968 11.
356 4921 425 4966 1915,
438 4916 578 4964 -avoir
591 4931 615 4963 n.
629 4918 707 4966 1072:
722 4913 802 4972 l'irlal
816 4928 840 4962 n.
853 4913 916 4960 5le
930 4928 935 4963 ς
949 4911 1049 4968 liirscb,
1062 4910 1136 4969 11011,
1149 4911 1203 4970 312,
1217 4913 1342 4960 :lob-3.
1354 4912 1414 4960 Voir
1425 4927 1450 4962 n.
1467 4913 1538 4962 1928.
