3650 5675
294 508 354 571 452
828 506 916 580 1849,
939 505 1027 569 12-18
1046 504 1123 585 Juin.

349 659 490 743 1736.
1354 688 1450 754 1349,
1472 688 1512 733 re
1523 667 1611 751 juin.

339 774 442 841 Motu
466 775 602 862 proprio
625 775 840 863 providemus
863 772 1011 851 Johanni
1039 772 1082 838 de
1108 771 1210 837 Bralli
1228 785 1248 853 ¹,
1275 774 1459 859 presbitero
1487 771 1654 840 Morinen.

298 874 394 961 dioc,
411 879 565 946 familiari
581 888 709 961 nostro,
725 879 768 945 de
784 898 859 945 can.
884 886 921 941 et
945 878 1038 962 preb.
1055 876 1197 941 ecclesie
1222 874 1402 958 Morinen,
1418 898 1492 943 vac.
1518 898 1578 964 per
1600 880 1655 944 ob.

297 982 466 1050 Francisci
482 984 525 1050 de
541 983 750 1065 Colomedio,
774 981 927 1049 canonici
955 979 1163 1066 prebendati,
1188 973 1292 1065 cujus
1306 980 1471 1046 beneficia
1496 989 1575 1047 ante
1601 985 1655 1048 ob.

296 1088 429 1153 fuerunt
444 1096 624 1154 reservata.
640 1128 684 1139 -
700 1086 778 1153 Fiat
792 1095 889 1151 motu
903 1084 1049 1171 proprio.
1068 1082 1130 1149 R...

339 1192 415 1257 Dat.
433 1192 530 1257 Avin.
548 1212 565 1256 2
582 1192 627 1258 id.
640 1191 723 1277 junii
741 1198 774 1256 a⁰
791 1192 833 1256 8⁰.
851 1191 921 1275 (19,
939 1189 1007 1272 25).

348 1328 485 1413 1737.
1359 1360 1455 1427 1349,
1474 1340 1611 1424 13911111.

339 1445 439 1531 Supp.
457 1443 619 1511 Nicolaus
634 1443 676 1509 de
704 1444 857 1529 Speculo,
881 1442 1044 1528 presbiter
1070 1441 1258 1508 Tonracen.
1282 1442 1380 1524 dioc,
1408 1452 1499 1528 quat.
1527 1445 1588 1509 sibi
1612 1444 1655 1510 de

294 1548 419 1614 vicaria
434 1569 526 1634 perp.
542 1568 601 1613 seu
617 1548 780 1634 capellan.
792 1546 933 1612 ecclesie
948 1545 991 1611 de
1007 1544 1133 1611 Rubeis
1145 1543 1314 1628 Maceriis,
1327 1545 1540 1615 Xanctonen.
1556 1548 1654 1625 dioc,
1760 1558 1764 1562 ’

295 1652 356 1717 sibi
372 1651 554 1737 dignemini
571 1650 756 1737 providere.
772 1690 815 1701 -
831 1649 908 1715 Fiat
925 1649 996 1714 R...

339 1756 417 1821 Dat.
440 1753 539 1821 Avin.
563 1755 607 1821 id.
631 1754 714 1840 junii
731 1761 763 1821 a⁰
787 1756 829 1821 8⁰.
853 1754 923 1839 (19,
949 1754 1031 1838 28').

348 1893 488 1979 1738.
1358 1923 1511 1989 134913
1522 1901 1610 1984 juin.

337 2012 438 2098 Supp.
456 2011 574 2076 Petrus
588 2009 630 2075 de
647 2008 826 2090 Flesseriis,
842 2008 1006 2095 presbiter
1021 2008 1221 2073 Ambianen.
1234 2007 1332 2090 dioc,
1343 2008 1513 2074 familiaris
1527 2007 1547 2086 J
1549 2009 1653 2075 ohan-

295 2116 346 2180 nis
361 2114 404 2180 de
427 2114 589 2195 Acheriis
616 2114 718 2178 vestri
743 2112 923 2193 familiaris,
946 2113 1049 2177 etiam
1082 2120 1194 2178 custos
1220 2112 1270 2177 sui
1297 2112 1446 2199 hospitii,
1473 2122 1564 2197 quat.
1591 2113 1652 2178 sibi

294 2218 337 2283 de
364 2219 493 2305 capella
518 2217 550 2283 S.
566 2216 597 2295 J.
614 2215 652 2283 B.
669 2216 735 2282 sita
751 2216 785 2281 in
801 2216 943 2282 ecclesia
968 2216 1000 2280 S.
1017 2214 1108 2280 Petri
1134 2213 1325 2298 Insulensis,
1351 2216 1539 2282 Tomacen.
1555 2216 1652 2298 dioc,

294 2323 386 2407 cujus
402 2322 528 2387 fructus
544 2330 609 2387 etc.
626 2341 793 2386 summam
809 2341 851 2405 40
866 2320 940 2385 libr.
964 2319 1132 2385 Turonen.
1149 2340 1338 2404 parvorum,
1362 2320 1546 2386 secundum
1560 2328 1653 2385 taxa·

293 2427 420 2491 tionem
436 2425 576 2506 decime,
604 2424 705 2511 [non]
733 2424 895 2490 excedere
916 2431 1108 2504 noscuntur,
1135 2443 1211 2489 vac.
1237 2444 1297 2509 per
1322 2430 1467 2489 mortem
1490 2421 1654 2501 Johanuis

292 2529 373 2595 dicti
390 2528 541 2609 Boutori,
565 2528 748 2615 presbiteri,
775 2528 856 2594 dicti
881 2525 1046 2605 Johannis
1069 2527 1111 2592 de
1138 2526 1291 2593 Acheriis
1317 2527 1557 2613 consanguinei
1582 2547 1653 2612 ger-

293 2626 394 2714 ¹mani,
411 2632 521 2698 eidem
538 2632 639 2698 Petro
654 2631 837 2717 dignemini
853 2631 896 2697 de
912 2630 1003 2697 dicta
1026 2631 1157 2716 capella
1173 2630 1221 2695 sic
1244 2650 1317 2696 vac.
1338 2629 1525 2717 providere,
1548 2631 1652 2696 etiam

293 2736 319 2800 si
335 2735 433 2802 fuerit
455 2744 625 2801 reservata
637 2758 646 2816 ;
663 2755 733 2801 non
758 2737 844 2801 obst.
872 2735 962 2819 quod
989 2735 1167 2801 ecclesiam
1191 2735 1343 2820 parroch.
1371 2734 1414 2801 de
1442 2733 1651 2820 chavignon,

293 2839 502 2905 Suessionen.
519 2838 616 2920 dioc,
633 2840 726 2924 cujus
741 2839 867 2906 fructus
883 2849 948 2905 etc.
962 2860 1127 2904 summam
1141 2860 1182 2923 30
1193 2839 1267 2905 libr.
1278 2839 1447 2905 Turonen.
1462 2860 1650 2926 parvorum,

292 2943 476 3008 secundum
491 2943 699 3008 taxationem
715 2942 855 3025 decime,
879 2944 1029 3008 valorem
1052 2963 1201 3008 annuum
1223 2963 1291 3009 non
1308 2942 1486 3024 excedunt,
1502 2963 1561 3028 per
1575 2963 1650 3029 pro·

293 3046 457 3112 visionem
474 3045 514 3112 V.
530 3047 561 3113 S.
578 3056 736 3113 noscatur
752 3048 914 3113 obtinere.
930 3088 974 3098 -
990 3047 1066 3112 Fiat
1083 3046 1124 3113 R.

335 3143 414 3216 Dat.
429 3151 531 3214 Avin.
548 3151 590 3217 id.
603 3151 687 3236 junii
702 3158 736 3217 a⁰
752 3155 794 3218 8⁰.
812 3152 881 3235 (19,
902 3154 986 3236 29').

345 3288 487 3373 1739.
1356 3323 1507 3388 1349,13
1518 3300 1607 3383 y'um.

335 3405 436 3471 Motu
450 3406 585 3492 proprio
600 3406 815 3492 providemus
830 3404 849 3485 J
852 3407 976 3472 ohanni
992 3406 1034 3471 de
1051 3405 1266 3472 Novocastro
1281 3419 1301 3488 ²,
1329 3407 1530 3473 cancellario
1545 3402 1650 3472 Bour-

291 3511 381 3576 bonii
397 3519 432 3576 et
447 3511 613 3576 canonico
629 3511 769 3576 ecclesie
786 3509 825 3576 B.
843 3509 892 3576 M.
908 3511 952 3577 de
968 3510 1134 3592 Condato,
1148 3509 1365 3577 Cameracen.
1381 3512 1479 3592 dioc,
1495 3509 1538 3578 de
1552 3512 1651 3577 deca-

291 3624 373 3680 natu
388 3615 478 3681 dicte
501 3616 642 3682 ecclesie
665 3637 738 3682 vac.
765 3636 825 3702 per
849 3618 903 3681 ob.
929 3615 1037 3680 ultimi
1063 3616 1192 3696 decani,
1220 3615 1276 3699 qui
1300 3612 1406 3702 nuper
1432 3624 1527 3681 extra
1551 3614 1650 3682 Rom.

292 3718 416 3783 curiam
432 3718 522 3784 diem
538 3720 656 3785 clausit
671 3728 871 3786 extremum.
887 3759 931 3767 —
947 3717 1024 3782 Fiat
1040 3726 1135 3784 motu
1151 3719 1287 3804 proprio
1304 3718 1345 3784 R.

334 3822 413 3887 Dat.
428 3824 528 3889 Avin.
545 3824 588 3889 id.
601 3824 685 3908 junii
701 3831 734 3889 a⁰
751 3825 793 3888 8⁰.
811 3825 881 3909 (19,
899 3823 982 3906 34').

345 3959 487 4042 17110.
1355 3994 1450 4061 1349,
1467 3973 1509 4038 16
1517 3972 1605 4055 jur'n.

334 4077 436 4164 Supp.
452 4076 605 4160 Garinus,
621 4079 777 4145 dominus
792 4080 834 4145 de
849 4077 1030 4164 Apcheri0,
1047 4078 1151 4159 miles,
1179 4086 1271 4162 quat.
1301 4077 1468 4164 [servitori
1493 4085 1528 4142 et
1554 4076 1651 4141 fami-

289 4180 360 4246 liari
376 4200 436 4246 suo
452 4181 554 4248 Petro
568 4183 611 4248 de
626 4180 772 4265 Lubeca,
789 4181 884 4270 cler]
905 4181 1074 4247 Morinen.
1099 4182 1196 4263 dioc,
1220 4182 1263 4247 de
1290 4203 1363 4249 can.
1391 4191 1425 4248 et
1449 4185 1541 4269 preb.
1566 4183 1650 4248 eccl.

289 4283 479 4351 Lausanen.
495 4307 567 4352 vac.
584 4308 643 4374 per
659 4290 712 4354 ob.
729 4287 748 4365 J
751 4289 847 4354 acobi
863 4288 905 4354 de
923 4286 1029 4353 Illuns
1043 4285 1225 4371 dignemini
1242 4278 1449 4371 providere...
1461 4283 1591 4351 -Fiat
1606 4284 1649 4350 R.

333 4388 412 4455 Dat.
435 4390 535 4456 Avin.
555 4396 592 4455 16
608 4391 676 4457 kal.
689 4392 760 4476 julii
778 4399 811 4457 a⁰
828 4394 870 4457 8⁰.
887 4395 957 4476 (19,
975 4393 1058 4477 361).

342 4527 479 4607 1741.
1050 4591 1054 4596 .
1256 4509 1258 4511 ¹
1351 4559 1446 4626 1349,
1463 4542 1506 4605 18
1515 4538 1604 4622 juin.

334 4642 421 4727 Sign.
439 4643 470 4708 S.
486 4643 527 4708 V.
543 4643 741 4727 Galhardus,
758 4645 789 4711 S.
806 4643 911 4710 Lucie
927 4643 960 4708 in
977 4643 1076 4708 Silice
1099 4640 1184 4708 diac.
1208 4644 1394 4726 cardinalis,
1411 4644 1502 4729 qued
1516 4643 1647 4731 pridem

289 4746 359 4831 ipsa
386 4745 562 4828 Sanctitas
585 4747 629 4813 ad
654 4747 935 4835 supplicationem
962 4746 1139 4814 cardinalis
1162 4747 1321 4832 ejusdem,
1337 4749 1379 4815 de
1395 4769 1469 4815 can.
1493 4747 1532 4814 'et
1553 4750 1647 4834 preb.

321 4937 342 4986 l.
355 4937 417 4987 Voir
428 4953 453 4988 n.
467 4940 536 4999 1108,
551 4941 620 4991 1111.
632 4965 664 4976 —
675 4943 698 4990 2.
709 4940 771 4991 Voir
782 4956 808 4992 n.
821 4942 890 4992 1197.
