3650 5675
295 536 355 601 232
706 537 793 612 1345,
816 534 857 601 30
879 532 1099 614 septembre-1er
1119 535 1245 603 octobre.

348 691 460 779 923.
1255 727 1350 792 1345,
1364 728 1409 793 30
1424 710 1614 797 septembre.

340 810 429 895 Sign.
445 807 464 888 J
467 810 627 892 ohannes,
643 830 701 876 rex
717 810 866 890 Boemie,
888 808 980 894 quod
995 808 1085 877 dom.
1103 809 1281 894 Henricus,
1297 814 1399 879 abbas
1414 816 1609 881 monasterii
1625 815 1657 884 S.

299 912 444 981 Huberti
460 916 493 979 in
509 915 669 982 Ardenna
686 928 707 995 ¹,
724 914 765 981 O.
783 915 814 981 S.
831 912 880 995 B,
898 911 1058 980 Leodien.
1074 912 1172 997 dioc,
1197 916 1371 984 confidens
1395 918 1437 985 de
1460 920 1608 987 moribus
1623 928 1658 987 et

296 1020 464 1107 probitate
490 1020 635 1106 religiosi
661 1019 722 1085 viri
747 1020 785 1088 fr.
812 1019 988 1102 Johannis,
1015 1018 1133 1107 prioris
1158 1020 1325 1106 prioratus
1345 1022 1377 1087 8.
1401 1021 1588 1090 Theobaldi
1614 1023 1658 1091 de

298 1123 417 1191 Castro
432 1126 604 1211 portuensi
620 1136 642 1207 ²,
659 1124 739 1192 dicti
756 1123 837 1206 ord,
855 1124 997 1190 Remen.
1013 1124 1110 1206 dioc,
1127 1122 1241 1190 dilecti
1266 1124 1415 1210 ejusdem
1431 1126 1526 1212 regis,
1543 1148 1657 1195 curam

297 1235 332 1294 et
355 1228 504 1314 regimen
528 1227 677 1315 ejusdem
701 1230 876 1316 prioratus,
904 1230 997 1314 cujus
1021 1229 1177 1295 fruetus...
1195 1250 1257 1295 200
1277 1228 1334 1296 lib.
1360 1229 1471 1311 Paris,
1497 1252 1562 1299 see.
1586 1240 1656 1300 tax.

297 1333 438 1415 decime,
454 1333 606 1399 valorem
629 1353 778 1399 annuum
794 1354 863 1399 non
879 1332 1057 1415 excedunt,
1082 1335 1234 1400 consueti
1265 1354 1324 1419 per
1353 1336 1539 1401 monachos
1555 1336 1657 1422 ipsius

296 1438 499 1520 monasterii,
516 1439 608 1524 cujus
625 1438 714 1504 idem
729 1438 748 1517 J
752 1439 901 1506 ohannes
917 1438 1030 1505 existit
1045 1439 1240 1519 monachus,
1256 1440 1440 1523 gubernari,
1458 1460 1533 1505 cum
1550 1442 1657 1507 omni·

294 1544 356 1609 bus
368 1544 495 1629 juribus
518 1551 552 1608 et
568 1543 779 1629 pertinentiis
794 1543 942 1628 ejusdem
957 1543 1122 1629 prioratus
1146 1543 1238 1609 dicto
1256 1542 1404 1621 Johanni
1431 1564 1490 1630 per
1513 1565 1588 1611 suas
1603 1546 1656 1611 lit-

295 1654 383 1714 teras
403 1648 547 1733 gratiose
563 1648 741 1715 commisit.
755 1646 841 1713 Cum
856 1656 970 1714 autem
987 1648 1021 1713 in
1037 1648 1110 1733 ipso
1125 1648 1273 1734 prioratu
1289 1648 1378 1734 prior
1394 1650 1605 1715 consueverit
1621 1660 1656 1716 et

295 1752 401 1838 possit
413 1773 474 1839 pro
490 1751 586 1818 libito
601 1752 787 1818 voluntatis
802 1752 932 1818 abbatis
948 1750 1049 1838 ipsius
1062 1752 1267 1834 monasterii,
1278 1752 1334 1837 qui
1350 1760 1400 1817 est
1416 1773 1477 1841 pro
1492 1762 1654 1840 tempore,

295 1856 422 1924 institui
446 1865 481 1923 et
508 1856 643 1923 destitui
674 1859 715 1923 ab
741 1855 871 1937 eodem,
887 1856 1074 1941 timeatque
1096 1863 1275 1942 propterea
1298 1854 1407 1921 dictus
1432 1856 1532 1943 prior,
1555 1869 1655 1944 prout

296 1962 398 2028 etiam
418 1970 542 2047 posset,
559 1981 620 2048 pro
636 1961 732 2026 libito
748 1959 940 2048 supradicto
958 1963 999 2025 ab
1016 1960 1135 2026 eodem
1156 1960 1305 2046 prioratu
1321 1960 1540 2046 imposterum
1563 1984 1654 2029 amo

294 2066 374 2147 veri,
391 2086 486 2151 supp.
512 2064 600 2131 idem
615 2086 684 2146 rex,
701 2072 791 2150 quat.
817 2064 928 2130 eidem
948 2063 1095 2142 Johanni
1111 2063 1201 2148 quod
1221 2084 1240 2130 a
1264 2064 1412 2150 prioratu
1427 2065 1579 2151 predicto
1594 2089 1655 2154 pro

294 2169 364 2235 sola
376 2168 551 2234 voluntate
566 2168 696 2235 abbatis
710 2166 830 2254 prefati
846 2167 1049 2247 monasterii,
1062 2166 1118 2250 qui
1134 2174 1186 2231 est
1201 2174 1236 2232 et
1251 2168 1315 2232 erit
1329 2188 1391 2254 pro
1405 2177 1569 2256 tempore,
1584 2194 1654 2239 non

295 2274 401 2360 possit
416 2272 528 2360 quoad
542 2273 663 2340 vixerit
678 2272 838 2354 amoveri,
854 2271 1037 2358 dignemini
1061 2280 1150 2337 auct.
1166 2279 1274 2357 apost.
1300 2273 1496 2342 concedere.
1512 2316 1556 2326 —
1580 2274 1654 2344 Fiat

297 2377 364 2445 R³.
1754 2376 1759 2381 ’

338 2483 418 2550 Dat.
434 2503 487 2570 ap.
505 2482 756 2552 Villamnovam
773 2504 790 2550 2
806 2482 873 2551 kal.
890 2490 957 2549 oct.
974 2489 1008 2549 a⁰
1020 2490 1063 2566 4⁰.
1081 2483 1132 2568 (8,
1150 2484 1218 2567 24).

343 2636 1340 2735 924.1345,
1354 2671 1399 2735 30
1419 2653 1608 2738 septembre.

335 2758 437 2847 Supp.
454 2756 661 2846 ingerannus
683 2756 726 2823 de
753 2754 971 2822 Grandisarto
986 2766 1007 2836 ⁴,
1023 2775 1096 2821 can.
1109 2753 1281 2838 Leodien.,
1297 2764 1378 2842 quat
1401 2755 1460 2820 sibi
1476 2754 1518 2821 de
1537 2756 1648 2840 aliqua

291 2866 391 2952 dign,
402 2885 487 2952 pers.
503 2864 557 2928 vel
574 2863 630 2930 off.
646 2884 705 2930 seu
719 2866 796 2929 ben.
812 2861 894 2927 eccl.
911 2881 941 2927 c.
954 2881 982 2927 c.
999 2862 1053 2926 vel
1068 2882 1093 2927 s.
1110 2882 1149 2942 c.,
1165 2861 1295 2926 etiamsi
1312 2882 1385 2927 can.
1396 2863 1532 2946 etpreb.
1543 2859 1648 2941 luerit,

291 2977 467 3057 spectante
483 2969 526 3036 ad
543 2969 651 3035 coll...
667 2967 766 3054 episc.
778 2964 950 3048 Leodien.,
963 2963 1095 3031 etiamsi
1111 2965 1301 3050 hujusmodi
1314 2966 1403 3051 dign.
1419 2965 1461 3032 de
1471 2964 1535 3029 illis
1546 2963 1649 3049 digni-

291 3075 416 3141 tatibus
433 3073 555 3139 existat
572 3094 636 3159 que
652 3071 730 3138 solis
745 3069 924 3137 dumtaxat
941 3067 1111 3136 canonicis
1135 3069 1295 3137 Leodien.
1312 3069 1488 3136 consuevit
1501 3068 1650 3151 conferri,

291 3178 378 3245 etad
393 3198 475 3263 quas
491 3176 644 3244 canonici
661 3175 801 3263 predicti
819 3173 980 3241 Leodien.
991 3175 1227 3241 consueverint
1238 3196 1297 3263 per
1307 3174 1509 3241 electionem
1521 3174 1652 3256 assumi,

194 3345 195 3348 ,
291 3282 317 3348 si
334 3303 398 3367 que
413 3283 468 3347 vel
495 3281 521 3346 si
545 3281 618 3366 quis
638 3287 695 3347 aut
718 3279 744 3345 si
768 3280 858 3365 quod
878 3287 977 3346 vacat
1004 3279 1046 3346 ad
1066 3301 1203 3368 presens
1217 3281 1272 3345 vel
1296 3279 1542 3367 quamprimum
1558 3300 1655 3346 vaca-

291 3386 387 3468 verit,
403 3385 585 3472 dignemini
602 3383 798 3471 providere;
815 3405 884 3451 non
901 3387 987 3451 obst.
1003 3383 1095 3469 quod
1117 3384 1207 3450 idem
1223 3382 1428 3471 ingerannus
1443 3385 1477 3450 in
1495 3383 1655 3452 Leodien.

291 3499 326 3556 et
350 3492 492 3574 Ariensi,
520 3489 688 3557 Morinen.
715 3489 812 3571 dioc,
840 3491 989 3556 ecclesiis
1017 3511 1091 3556 can.
1114 3499 1150 3557 et
1171 3493 1273 3577 preb,
1289 3511 1329 3557 ac
1345 3489 1498 3579 parroch.
1515 3493 1597 3557 eccl.
1612 3490 1654 3557 de

292 3593 433 3662 Druolio
447 3616 551 3683 prope
569 3593 731 3676 Harenas,
747 3594 949 3660 Ambianen.
965 3595 1062 3676 dioc,
1075 3595 1223 3661 noscitur
1239 3595 1401 3661 obtinere.
1416 3636 1460 3644 —
1476 3593 1553 3661 Fiat
1570 3593 1610 3662 R.

334 3699 414 3766 Dat.
430 3720 484 3786 ap.
501 3698 748 3765 Villamnovam
765 3698 859 3766 ekal.
876 3707 944 3766 oct.
959 3709 992 3766 a⁰
1007 3709 1051 3785 4⁰.
1075 3707 1125 3785 (8,
1143 3701 1211 3785 30).

342 3853 587 3939 925-926.
1299 3888 1395 3954 1345,
1415 3876 1455 3934 1er
1470 3871 1608 3952 octobre.

334 3973 424 4060 Sign.
442 3973 672 4060 RaymunduS,
691 3971 859 4040 Morinen.
876 3973 988 4060 episc,
1001 3975 1091 4058 quod
1115 3974 1185 4062 ipse
1210 3975 1347 4062 cupiens
1362 3975 1545 4041 utilitatem
1569 3975 1652 4041 eccl.

290 4099 348 4145 sue
365 4075 532 4144 Morinen.
548 4089 774 4162 augmentare,
791 4078 913 4145 habitis
929 4078 1168 4146 deliberatione
1183 4087 1219 4145 et
1244 4087 1392 4145 tractatu
1407 4099 1484 4145 cum
1501 4079 1651 4164 capitulo

292 4181 461 4273 Morinen.
476 4181 654 4268 diligenter
670 4203 837 4270 causaque
853 4183 1001 4270 cognita,
1028 4183 1106 4268 quia
1122 4183 1230 4250 visum
1246 4184 1307 4250 suit
1333 4183 1460 4250 eisdem
1476 4184 1509 4248 in
1526 4183 1650 4250 utilita-
1692 4209 1696 4215 ·

290 4294 360 4352 tem
387 4286 477 4352 dicte
502 4288 584 4354 eccl.
609 4309 667 4355 sue
694 4288 890 4372 redundare,
918 4289 1202 4375 permutationem
1227 4287 1307 4355 fecit
1337 4308 1415 4355 cum
1444 4287 1578 4354 Thoma
1609 4289 1652 4354 de

290 4389 442 4477 Coycka,
459 4390 576 4458 franco
590 4414 652 4479 pro
670 4401 752 4460 tunc
767 4394 904 4460 homine
920 4392 1001 4459 dicti
1017 4393 1177 4480 episcopi,
1193 4393 1324 4459 ratione
1339 4413 1396 4458 seu
1414 4393 1553 4459 nomine
1568 4394 1652 4459 eccl.

266 4515 349 4560 ·sue
365 4495 526 4581 predicte,
543 4497 584 4562 de
603 4497 819 4586 infrascriptis
845 4502 943 4566 rebus
967 4507 1003 4565 et
1026 4499 1060 4564 in
1087 4498 1194 4565 tonna
1217 4519 1282 4583 que
1308 4497 1477 4580 sequitur:
1494 4497 1652 4564 videlicet

288 4599 378 4686 quod
393 4599 502 4666 dictus
517 4599 665 4667 Thomas
680 4603 810 4668 tenebit
825 4612 859 4668 et
874 4604 1037 4690 percipiet
1053 4603 1211 4687 quamdiu
1226 4602 1320 4666 vivet
1336 4601 1503 4666 duntaxat
1519 4602 1650 4667 emolu·

321 4849 343 4896 l.
355 4848 434 4896 Henri
446 4847 478 4896 de
492 4847 562 4911 Vyle,
583 4851 650 4900 abbo
665 4852 696 4900 ‹le
710 4851 845 4900 leiti-labi
867 4852 913 4915 (cf.
927 4851 1011 4899 Reme
1029 4849 1118 4910 bened.
1138 4855 1207 4912 111113,
1221 4867 1245 4916 p.
1259 4852 1325 4913 lor).
1345 4881 1377 4886 -
1398 4855 1420 4901 2.
1438 4851 1500 4899 Volr
1512 4866 1537 4903 n.
1550 4853 1606 4900 785.
1619 4879 1651 4887 -

286 4919 359 5044 {Iis
369 4922 506 5048 plrerppssqqlpp
517 4923 661 5046 qtllqpullo
673 4925 887 4989 correspondente
899 4932 956 4975 sont
969 4924 1085 4989 publices
1095 4926 1160 4975 (lans
1172 4927 1208 4976 les
1225 4927 1292 4975 ,llam
1311 4925 1365 4975 l'at.
1377 4927 1449 4986 Bul,
1464 4925 1484 4986 1,
1495 4939 1520 4974 n.
1533 4927 1650 4976 ela-520.
