3650 5675
285 490 352 554 806
824 487 913 568 1347,
937 489 1002 553 9-11
1026 506 1114 554 mars.

287 664 387 729 super
401 663 476 709 can.
492 651 528 708 et
542 645 634 729 preb.
660 644 742 709 eccl.
769 642 801 708 S.
829 640 1003 706 Gertrudis
1031 640 1244 723 Nivellensis,
1271 641 1362 708 dicte
1378 641 1475 725 dioc,
1500 647 1649 712 noscitur

286 747 438 831 litigare;
455 767 555 831 quarn
571 747 787 812 collationem
802 745 864 811 sibi
880 745 962 810 alias
974 766 1033 831 per
1049 746 1081 811 S.
1098 745 1137 812 V.
1165 753 1383 827 reservatam,
1411 747 1521 815 adhuc
1538 750 1647 816 eidem

287 851 440 916 Waltero
454 850 636 935 dignemini
652 870 830 915 reservare.
853 847 988 914 -Fiat
1004 849 1044 915 R.

331 954 413 1020 Dat.
432 954 532 1020 Avin.
550 972 568 1038 7
584 954 628 1020 id.
643 961 732 1018 mart
745 960 780 1017 a⁰
797 959 839 1037 5⁰.
854 954 927 1036 (10,
948 956 1035 1037 104).

340 1083 478 1166 1166.
1350 1116 1444 1182 1547,
1462 1122 1482 1184 9
1499 1122 1601 1166 mum.

331 1200 432 1288 Supp.
461 1200 612 1267 Michael
639 1199 823 1267 Bonvarlet
848 1218 857 1244 ¹
886 1200 996 1266 socius
1016 1200 1165 1284 magistri
1191 1199 1373 1286 HoycnsiS,
1400 1210 1492 1286 quat.
1520 1205 1581 1270 sibi
1612 1211 1647 1269 et

285 1306 421 1390 Agneti,
437 1306 509 1390 ejus
523 1305 628 1385 uxori,
644 1313 679 1369 et
694 1305 793 1370 matri
810 1305 923 1370 uxoris
942 1325 999 1369 sue
1016 1303 1202 1370 concedere
1226 1305 1413 1390 dignemini
1431 1306 1497 1372 ind.
1518 1306 1568 1393 [in
1586 1316 1647 1373 art.

287 1408 417 1494 mort.].
433 1450 477 1458 —
493 1407 571 1474 Fiat
586 1408 626 1474 R.

331 1512 418 1577 Item
431 1518 524 1596 quat.
541 1511 671 1597 Egidio,
688 1511 757 1577 fillo
772 1510 891 1589 Jacobi
907 1513 939 1577 le
957 1511 1080 1577 Hurier
1090 1527 1111 1592 ²,
1129 1514 1206 1578 cler.
1224 1510 1385 1578 Leodien.
1401 1513 1499 1594 dioc,
1515 1513 1558 1578 de
1575 1535 1648 1580 can.

286 1618 347 1682 sub
363 1636 439 1700 exp.
454 1618 546 1701 preb.
562 1616 596 1680 in
612 1616 694 1682 eccl.
712 1613 749 1680 B.
767 1613 817 1680 M.
829 1614 1065 1700 Trajectensis‚
1083 1614 1243 1680 Leodien.
1256 1614 1357 1694 dioc,
1374 1615 1556 1699 dignemini
1573 1637 1648 1702 pro·

286 1720 410 1785 videre.
426 1761 470 1769 —
486 1718 562 1784 Fiat
578 1719 619 1785 R.

329 1824 410 1890 Dat.
426 1824 525 1891 Avin.
543 1843 562 1908 7
578 1824 619 1890 id
636 1831 737 1890 mart.
750 1831 784 1889 a⁰
801 1831 842 1908 5⁰.
858 1823 931 1907 (10,
952 1825 1051 1908 1041).

339 1951 474 2033 1167.
1037 2026 1040 2033 ,
1345 1981 1439 2048 1347,
1462 1985 1601 2048 ornare

329 2071 430 2156 Supp.
447 2069 704 2135 Bartholomeus
720 2066 915 2134 Malhetide
933 2069 1116 2151 Dionanto‚
1134 2070 1211 2134 cler.
1228 2069 1315 2135 dioc.
1333 2067 1504 2150 Leodien.,
1520 2091 1647 2157 pauper

285 2175 463 2260 orphanus,
479 2174 580 2239 famil.
597 2182 632 2238 et
647 2174 788 2238 servitor
802 2174 981 2239 continuus
997 2172 1149 2238 officialis
1164 2174 1266 2238 vestri
1286 2171 1422 2239 Geraldi
1436 2173 1479 2238 de
1496 2172 1645 2240 Marma-

282 2279 395 2360 randa,
422 2281 485 2363 leg.
512 2278 669 2358 doctoris
697 2284 787 2362 quat.
814 2277 925 2343 eidem
951 2297 1040 2364 spec.
1065 2297 1113 2362 gr.
1141 2277 1305 2342 facientes
1329 2277 1371 2342 de
1399 2280 1481 2344 eccl.
1497 2279 1597 2343 rurali
1613 2279 1644 2345 S.

285 2380 463 2447 Michaelis
478 2382 520 2448 de
536 2380 752 2462 Fecheruole,
763 2380 854 2446 dicte
865 2380 964 2462 dioc„
977 2401 1041 2465 que
1053 2401 1113 2466 per
1124 2388 1269 2446 mortem
1284 2380 1393 2445 ultimi
1407 2382 1571 2466 capellani
1587 2403 1645 2448 seu

282 2487 420 2553 rectoris
432 2485 581 2572 ejusdem
591 2506 611 2550 a
623 2493 722 2550 tanto
730 2471 884 2570 ternpore
895 2484 1032 2550 vacavit
1047 2491 1081 2549 et
1097 2493 1208 2566 vacat,
1219 2485 1309 2569 quod
1325 2485 1395 2570 ejus
1410 2487 1487 2551 coll.
1503 2484 1545 2551 ad
1562 2485 1593 2551 S.
1605 2485 1644 2552 V.

281 2599 316 2656 et
325 2590 441 2656 sedern
450 2598 558 2677 apost.
570 2589 731 2654 devoluta
743 2588 841 2675 [est],
853 2588 983 2654 etiamsi
995 2587 1041 2652 illi
1055 2608 1133 2653 cura
1143 2588 1318 2654 immineat
1330 2590 1514 2654 animarum
1529 2612 1537 2669 ;
1551 2590 1644 2675 cujus

281 2695 406 2761 fructus
469 2717 487 2776 9
504 2715 606 2760 marc.
624 2714 702 2778 arg„
718 2714 784 2759 sec.
800 2694 1011 2759 taxationem
1028 2694 1167 2778 antique
1182 2693 1322 2774 decime,
1329 2694 1477 2758 valorem
1494 2714 1641 2759 annuum

280 2817 348 2865 non
364 2800 541 2880 excedunt,
563 2799 745 2885 dignemini
761 2798 937 2886 providere
953 2821 961 2880 ;
990 2819 1057 2865 11011
1074 2800 1161 2865 obst.
1177 2799 1268 2884 quod
1283 2798 1375 2865 dicta
1391 2799 1472 2865 eccl.
1488 2807 1642 2866 teneatur

280 2905 401 2989 injuste
416 2925 479 2990 per
491 2904 593 2969 alium
609 2911 774 2989 occupata
788 2926 797 2982 ;
814 2924 872 2969 seu
887 2904 978 2988 quod
990 2903 1079 2969 idem
1092 2902 1360 2983 Bartholomeus,
1372 2908 1417 2969 ad
1432 2905 1507 2969 coll.
1523 2903 1596 2969 dec.
1607 2911 1642 2968 et

280 3008 416 3093 capituli
432 3007 514 3073 eccl.
531 3010 647 3093 colleg.
661 3008 692 3073 S.
702 3006 722 3085 J
725 3008 867 3073 ohannis
883 3007 1043 3074 Leodien.
1059 3008 1094 3072 in
1110 3008 1281 3073 communi
1293 3007 1400 3074 forma
1412 3016 1540 3073 vestras
1552 3008 1642 3073 litte-

278 3130 331 3175 ras
346 3111 562 3196 impetravit;
579 3132 662 3195 quas
678 3112 739 3177 sibi
755 3112 938 3197 dignemini
955 3132 996 3176 ex
1013 3120 1104 3177 certa
1117 3112 1257 3177 scientia
1268 3132 1447 3178 reservare.
1458 3111 1586 3177 -Fiat
1600 3110 1640 3177 R.

322 3214 403 3279 Dat.
415 3214 515 3279 Avin.
533 3214 610 3297 7id.
627 3223 724 3281 mart.
741 3222 775 3280 a⁰
789 3222 830 3300 5⁰.
847 3218 919 3299 (10,
941 3214 1028 3299 109).

332 3341 470 3424 1168.
1322 3375 1417 3441 1317,
1433 3377 1473 3421 11
1492 3378 1595 3421 arture.

322 3456 422 3524 Pater
451 3459 516 3526 S¹¹¹⁰.
547 3459 753 3526 Vacantibus
786 3481 892 3546 nuper
922 3460 1051 3527 duabus
1084 3460 1290 3546 capellaniis,
1322 3481 1388 3525 una
1418 3459 1575 3525 videlicet
1605 3458 1638 3523 in

277 3562 309 3628 S.
333 3562 509 3645 Johannis,
526 3572 560 3629 et
577 3566 643 3631 alia
659 3566 692 3629 in
708 3566 740 3631 S.
757 3564 935 3630 Michaelis
954 3565 1140 3631 Gandensis
1163 3565 1322 3647 ecclesiis,
1338 3564 1526 3630 Tornacen.
1542 3563 1639 3643 dioc,

277 3685 337 3752 per
352 3669 406 3732 ob.
423 3667 512 3733 Petri
528 3667 570 3733 de
587 3670 618 3733 S.
635 3668 750 3749 Paulo,
767 3668 970 3754 capellanias
987 3669 1074 3754 ipsas
1089 3670 1169 3735 dum
1185 3670 1314 3734 viveret
1338 3668 1530 3748 obtinentis,
1547 3667 1640 3752 cujus

275 3773 439 3838 beneficia
465 3774 541 3839 coll.
567 3782 675 3859 apost.
700 3774 831 3839 fuerant
856 3782 937 3838 ante
961 3775 1032 3859 ejus
1056 3772 1109 3839 ob.
1134 3768 1313 3854 reservata,
1330 3773 1361 3837 S.
1378 3772 1418 3837 V.
1434 3771 1581 3857 providit
1596 3770 1639 3835 de

275 3876 374 3942 dictis
401 3878 520 3963 capell.
546 3878 595 3943 sic
620 3899 692 3943 vae.
720 3877 871 3943 Amoldo
897 3877 940 3942 de
968 3877 999 3943 S.
1028 3878 1143 3959 Paulo,
1169 3877 1291 3961 quide
1317 3896 1364 3961 gr.
1392 3882 1427 3940 et
1449 3874 1639 3960 provisione

274 3980 463 4065 hujusmodi
487 4001 555 4046 non
579 3982 719 4061 curavit,
742 3980 894 4066 quinimo
917 3981 1010 4045 0111111
1035 3982 1110 4066 juri,
1133 3982 1224 4065 quod
1247 3980 1318 4068 sibi,
1342 3979 1456 4064 vigore
1478 3978 1568 4043 dicte
1590 3995 1638 4061 gr.

274 4087 500 4170 competebat,
527 4084 561 4148 in
588 4104 679 4149 inan.
706 4084 807 4165 Petri,
838 4085 940 4170 episc.
972 4085 1159 4151 Penestrini
1187 4096 1208 4165 ³,
1234 4082 1498 4149 vicecancellarii
1522 4082 1636 4161 vestri,

273 4187 481 4252 renunciavit
506 4195 540 4252 et
564 4188 674 4253 cessit.
698 4187 784 4252 Cum
806 4197 921 4253 autem
945 4189 1132 4275 capellanie
1158 4188 1309 4275 predicte
1326 4188 1436 4253 adhuc
1451 4183 1634 4251 secundum

273 4290 339 4356 hoc
364 4289 453 4375 apud
474 4290 587 4356 sedern
611 4299 719 4379 apost.
740 4312 861 4356 vacare
886 4300 1079 4373 noscantur,
1104 4312 1199 4377 supp.
1224 4291 1333 4357 dictus
1356 4290 1457 4376 episc.
1479 4296 1571 4373 quat.
1591 4288 1635 4353 de

273 4393 398 4459 eisdem
415 4395 608 4480 capellaniis
634 4397 681 4461 sic
697 4416 781 4476 vac,
796 4394 923 4460 dilecto
951 4395 1175 4481 PetroDruy,
1207 4394 1308 4460 famil.
1332 4414 1393 4459 suo
1415 4393 1577 4458 continuo
1601 4398 1635 4455 01

272 4498 350 4564 cler.
366 4498 494 4583 capelle
510 4519 577 4579 sue,
593 4499 775 4583 dignemini
791 4499 978 4584 providere.
995 4538 1038 4549 —
1054 4499 1131 4564 Fiat
1152 4499 1192 4563 R.

315 4600 511 4667 Datilum.
529 4622 545 4686 5
563 4604 608 4668 id.
624 4610 723 4668 mart.
739 4609 772 4667 a⁰
789 4612 830 4686 5'’.
848 4603 921 4686 (10,
945 4605 1033 4687 108).

303 4784 324 4831 l.
337 4781 377 4829 On
389 4782 623 4831 rcncuntrebcette
634 4780 733 4843 epoque
744 4781 789 4829 des
799 4782 925 4831 membres
937 4782 969 4831 de
981 4787 1049 4831 cette
1061 4782 1159 4830 familie
1175 4782 1190 4829 b
1205 4782 1266 4843 Huy
1277 4780 1342 4829 110111
1360 4778 1384 4827 10
1396 4778 1473 4827 Liri-e
1484 4776 1593 4839 dasfiefr
1602 4774 1633 4823 dc

268 4854 362 4917 requae
378 4854 409 4903 (10
425 4852 502 4917 Lupe
515 4868 570 4901 1010
583 4852 701 4917 aldulpho
719 4854 750 4903 de
769 4854 797 4903 lo
814 4854 913 4916 Murri,
934 4854 973 4906 01.
988 4856 1157 4915 11.Ρο1100101,
1173 4858 1261 4918 pbll.
1273 4882 1305 4891 -
1324 4856 1347 4901 2.
1359 4852 1469 4913 Jucques
1486 4851 1633 4901 1οΗοωίοτ

268 4927 333 4977 01011
344 4929 519 4991 bourgmestrc
530 4928 562 4975 de
571 4928 633 4990 Hup
646 4928 699 4990 (11,
713 4931 778 4990 601).
790 4956 824 4965 -
834 4931 856 4979 3.
870 4930 906 4978 Le
917 4930 1033 4979 cardinal
1046 4931 1131 4979 Pierre
1147 4928 1262 4991 Despicis.
