3650 5675
694 539 782 613 1850,
806 537 893 601 13-28
917 536 1077 603 decembre.
1484 547 1556 612 '551

199 699 233 755 et
257 693 348 776 preb.
365 690 516 757 'ecclesie
543 690 574 756 S.
602 690 779 776 Gaugen'ci
807 689 1025 755 Cameracen.
1052 711 1125 756 vac.
1152 711 1211 776 per
1238 694 1291 757 ob.
1320 691 1490 762 Lamberti
1516 699 1558 764 de

199 793 397 876 Monovilla,
408 795 464 879 qui
475 803 570 860 extra
583 794 681 861 Rom.
698 794 824 861 curiam
841 793 931 859 diem
947 794 1066 859 clausit
1082 803 1277 877 extremum,
1288 795 1469 881 dignemini
1481 822 1556 887 pro-

197 898 309 964 videre
325 920 414 979 ;n0n
431 902 517 965 obst.
528 898 618 983 quod
634 900 667 963 in
684 899 715 963 S.
728 897 864 963 Finnini
874 898 1076 964 Ambianen.
1093 898 1272 982 quamdam
1288 921 1380 986 perp.
1393 906 1555 989 capellan.

197 1010 353 1068 noscatur
368 1002 529 1069 obtinere.
546 1045 589 1053 -
605 1002 682 1068 Fiat
699 1002 739 1068 R.

241 1105 319 1172 Dat.
334 1106 433 1171 Avin.
452 1110 469 1171 6
486 1107 530 1172 id.
545 1107 619 1172 dec.
636 1121 671 1171 a⁰
688 1121 734 1187 9⁰.
752 1107 828 1191 (20,
847 1107 915 1190 20).

247 1275 385 1359 2124·
1162 1312 1257 1376 1350,
1275 1314 1314 1377 Ι]
1332 1297 1510 1362 dacembre.

239 1392 340 1480 Supp.
366 1394 583 1479 Reynekinus
607 1397 716 1463 dictus
743 1397 832 1462 Rose
856 1397 898 1462 de
923 1396 1028 1478 Wert,
1055 1398 1158 1464 laicus
1174 1396 1333 1465 Leodien.
1349 1401 1447 1483 dioc,
1463 1412 1554 1487 quat.

195 1496 255 1561 sibi
271 1498 313 1563 de
330 1486 441 1565 officio
465 1500 575 1567 laicali
598 1501 642 1566 ad
665 1503 741 1567 coll.
769 1500 906 1587 capituli
924 1500 955 1566 S.
972 1500 1346 1588 ServatiiTrajectensis
1371 1504 1554 1589 dignemini
1624 1548 1628 1555 -

194 1601 379 1687 providere.
395 1644 438 1653 -
455 1603 532 1670 Fiat
550 1604 590 1671 R.

238 1707 316 1773 Dat.
331 1709 432 1775 Avin.
448 1709 492 1776 id.
508 1710 582 1776 dec.
594 1724 630 1776 a0
648 1724 693 1790 9⁰.
711 1710 887 1795 (20„16v).

245 1880 381 1966 2125·
552 1890 554 1894 ’
1161 1918 1256 1981 1350,
1273 1901 1319 1963 28
1330 1900 1509 1965 decembre.

238 2000 327 2085 Sign.
343 2001 375 2067 S.
391 2000 431 2067 V.
447 1999 467 2078 J
470 2001 629 2081 ohannes,
645 2022 704 2067 rex
721 2000 873 2081 Francie,
901 2002 992 2085 quod
1015 2002 1208 2087 Amulphus
1230 2002 1273 2069 de
1290 2002 1523 2088 Magnoponte
1533 2014 1554 2084 ¹,

194 2104 335 2171 dilectus
351 2106 421 2190 ejus
436 2106 640 2189 capellanus,
657 2106 771 2189 vigore
788 2105 958 2190 cujusdam
973 2106 1078 2191 gratie
1093 2126 1154 2191 per
1168 2126 1239 2186 vos,
1258 2106 1353 2190 7kal.
1371 2107 1456 2191 junii
1471 2127 1554 2193 pon-

194 2208 341 2274 tificatus
356 2208 457 2274 vestri
474 2223 510 2273 a0
530 2222 571 2289 1⁰,
588 2208 719 2275 decan.
736 2212 796 2275 sub
813 2213 991 2295 exp.preb.
1003 2210 1037 2274 in
1054 2210 1195 2275 ecclesia
1211 2207 1436 2291 Cameracen,
1454 2229 1556 2294 quam

193 2311 330 2377 duceret
345 2310 602 2397 acceptandam,
619 2312 680 2376 sibi
697 2311 795 2391 facte,
822 2312 1030 2397 prebendam
1058 2334 1158 2397 quam
1184 2312 1305 2377 nobilis
1326 2312 1377 2377 vir
1392 2311 1427 2377 N
1430 2313 1556 2378 icolaus

191 2415 233 2480 de
250 2413 379 2501 Ligne²
405 2417 440 2480 in
456 2414 547 2479 dicta
562 2414 706 2481 ecclesia
732 2423 898 2495 tenuerat,
923 2436 996 2482 vac.
1023 2436 1085 2501 pro
1101 2436 1142 2481 eo
1158 2415 1248 2499 quod
1276 2416 1366 2480 idem
1393 2414 1428 2480 N
1431 2416 1555 2481 icolaus

192 2518 316 2585 dictam
332 2518 538 2605 prebendam
554 2518 711 2584 obtinens
726 2518 823 2583 miles
838 2520 996 2584 secularis
1017 2519 1125 2585 factus
1140 2527 1221 2599 erat,
1238 2519 1428 2604 acceptavit
1446 2540 1484 2602 23
1501 2520 1556 2585 die

192 2623 315 2688 mensis
326 2623 398 2707 julii
425 2643 515 2688 anno
531 2622 670 2687 Domini
698 2627 789 2707 1346,
821 2632 856 2687 et
873 2623 994 2687 eodem
1018 2644 1109 2689 anno
1127 2643 1186 2709 per
1201 2630 1415 2689 executorem
1431 2622 1475 2688 ad
1490 2623 1556 2689 hoc

190 2720 390 2811 deputatum
402 2726 445 2793 de
461 2728 533 2812 ipsa
559 2725 729 2812 prebenda
758 2726 819 2791 sibi
851 2726 997 2791 obtinuit
1020 2727 1200 2791 verbaliter
1214 2725 1390 2812 provideri,
1407 2734 1442 2789 et
1457 2747 1555 2812 super

191 2831 308 2897 eadem
324 2830 494 2918 prebenda
509 2828 715 2915 assequenda
731 2851 751 2894 a
772 2832 808 2893 16
821 2828 876 2896 die
893 2828 1019 2895 mensis
1044 2828 1196 2894 februarii
1220 2828 1299 2894 anni
1315 2827 1453 2893 Domini
1473 2849 1554 2914 1347

191 2935 225 3000 in
239 2927 366 3022 palatio
381 2955 557 3002 causarum
573 2941 760 2998 vestrarum
786 2953 889 3018 usque
905 2932 949 2997 ad
963 2933 1135 2998 dationem
1157 2933 1373 2999 articulorum
1393 2932 1553 2997 inclusive

190 3039 333 3124 litigavit
359 3046 394 3104 et
417 3039 528 3124 litigat
555 3045 676 3104 contra
706 3037 850 3102 militem
886 3037 1124 3123 supradictum.
1160 3035 1262 3103 Unde
1296 3057 1373 3101 cum
1405 3036 1553 3122 prefatus

191 3139 363 3224 Nicolaus,
387 3143 516 3228 prefata
540 3141 599 3206 lite
623 3141 777 3221 durante,
803 3140 947 3206 eandem
972 3143 1063 3226 preb.
1091 3161 1168 3206 cum
1183 3138 1335 3205 Roberto
1349 3139 1391 3204 de
1408 3137 1513 3224 Ligne
1528 3153 1550 3220 ³,

191 3245 289 3311 fratre
305 3267 375 3326 suu,
403 3245 446 3311 ad
476 3244 646 3330 quoddam
674 3244 764 3309 aliud
788 3243 989 3310 beneficium
1009 3243 1261 3329 permutaverit,
1286 3243 1462 3328 dictusque
1477 3244 1549 3329 ejus

190 3348 297 3430 frater,
314 3348 428 3434 vigore
444 3348 533 3414 dicte
549 3347 815 3434 permutationis
829 3347 936 3430 ipsam
951 3348 1167 3433 prebendam,
1178 3355 1215 3412 ut
1230 3346 1377 3433 prefatus
1389 3345 1550 3412 Nicolaus

190 3452 344 3533 faciebat,
371 3452 522 3518 detineat
546 3458 757 3537 occupatam,
784 3451 960 3535 dictusque
985 3452 1186 3536 Amulphus,
1202 3451 1282 3517 licet
1312 3451 1463 3516 indicta
1490 3452 1549 3516 lite

191 3555 326 3620 finalem
351 3556 528 3622 victoriam
556 3555 732 3635 obtineret,
759 3555 880 3620 timeat
904 3555 995 3638 quod
1009 3564 1145 3641 propter
1169 3555 1334 3620 dictorum
1358 3553 1492 3620 Nicolai
1508 3563 1544 3620 et

190 3659 260 3745 ejus
285 3660 393 3726 fratris
408 3681 447 3726 ac
463 3681 579 3726 eorum
607 3660 791 3725 amicorum
817 3667 852 3724 et
874 3659 1042 3724 fautorum
1068 3659 1256 3744 potentiam
1272 3666 1306 3723 et
1322 3659 1546 3740 severitatem,

189 3755 538 3849 possessionem'dicte
553 3763 722 3850 prebende
738 3765 868 3848 assequi
892 3784 961 3830 non
987 3760 1124 3843 valeret,
1140 3783 1203 3828 nec
1225 3762 1334 3848 ipsam
1360 3770 1547 3828 assecutam

189 3866 260 3932 sine
286 3867 405 3934 mortis
434 3867 585 3953 perictdo
614 3867 783 3946 retinere;
812 3887 906 3953 supp.
932 3865 1105 3944 Johannes
1134 3887 1192 3930 rex
1219 3865 1426 3951 supradictus
1453 3874 1545 3950 quat.

188 3970 319 4055 prefato
344 3971 522 4057 Amulpho
549 3971 733 4036 concedere
757 3971 951 4055 dignemini,
967 3978 1004 4035 ut
1019 3972 1061 4035 ab
1086 3969 1332 4055 acceptatione,
1354 3968 1545 4050 collatione,

188 4074 378 4159 provisione
394 4083 428 4140 et
455 4075 514 4140 lite
538 4073 696 4160 predictis
722 4077 846 4159 absque
873 4075 985 4159 aliqua
1008 4075 1176 4140 sententia
1201 4080 1318 4139 contra
1343 4073 1452 4159 ipsum
1478 4075 1546 4140 lata

188 4177 343 4243 recedere
358 4178 473 4264 possit,
486 4186 521 4243 et
536 4178 616 4264 ipsis
624 4199 693 4244 non
709 4179 919 4244 obstantibus
934 4178 1033 4244 aliam
1044 4177 1248 4264 prebendam
1257 4178 1291 4242 in
1301 4177 1392 4244 dicta
1403 4178 1545 4244 ecclesia

188 4303 261 4348 vac.
278 4283 332 4346 vel
347 4290 470 4363 vacat,
486 4282 600 4367 vigore
615 4282 705 4348 dicte
720 4282 834 4368 gratie,
858 4290 1046 4368 acceptare,
1062 4302 1102 4347 ac
1122 4281 1164 4346 de
1180 4281 1252 4367 ipsa
1267 4282 1494 4368 provisionem
1510 4291 1545 4347 et

188 4384 404 4450 collationem
428 4385 589 4467 obtinere,
606 4393 641 4450 et
655 4386 799 4452 eandem
823 4385 1028 4472 prebendam
1055 4385 1146 4451 licite
1170 4385 1324 4452 retinere.
1341 4426 1383 4435 —
1399 4385 1508 4452 Possit
1524 4406 1544 4452 a

186 4485 246 4553 lite
260 4488 415 4555 recedere
430 4496 465 4555 et
479 4481 581 4555 aliam
597 4489 658 4556 sibi
673 4489 824 4555 debitam
839 4497 1017 4576 acceptare
1034 4488 1075 4553 R.

231 4592 309 4658 Dat.
325 4593 425 4659 Avin.
443 4611 460 4678 5
477 4591 543 4659 kal.
556 4594 688 4678 Januar.
704 4608 740 4660 a⁰
757 4608 793 4674 90
810 4595 886 4678 (20,
907 4595 973 4679 17).

219 4892 240 4940 l.
252 4891 315 4941 Voir
325 4908 351 4942 n.
363 4895 401 4954 24,
416 4895 485 4954 1044,
500 4894 561 4944 11³8
576 4911 582 4954 3
601 4895 635 4944 cl.
655 4895 732 4957 Fotis,
753 4895 843 4960 Btaqr.
864 4895 1087 4956 maeia„l,1485;
1108 4896 1266 4960 Guilhermy,
1279 4897 1408 4964 lampa,
1421 4899 1442 4960 1,
1455 4900 1495 4948 80.
1513 4927 1545 4938 -

187 4965 210 5014 2.
222 4963 286 5014 Volr
296 4979 323 5016 n.
341 4969 411 5018 1138.
422 4995 455 5004 —
467 4968 490 5017 ³.
501 4967 565 5017 Voir
575 4983 600 5018 n.
612 4970 667 5018 585.
