<?xml version="1.0" encoding="UTF-8"?>
<!DOCTYPE html PUBLIC "-//W3C//DTD XHTML 1.0 Transitional//EN"
    "http://www.w3.org/TR/xhtml1/DTD/xhtml1-transitional.dtd">
<html xmlns="http://www.w3.org/1999/xhtml" xml:lang="en" lang="en">
 <head>
  <title>
</title>
<meta http-equiv="Content-Type" content="text/html;charset=utf-8" />
  <meta name='ocr-system' content='tesseract 3.04.00' />
  <meta name='ocr-capabilities' content='ocr_page ocr_carea ocr_par ocr_line ocrx_word'/>
</head>
<body>
  <div class='ocr_page' id='page_1' title='image "./suppliquesdeclm00berlgoog_0273.png"; bbox 0 0 3650 5675; ppageno 0'>
   <div class='ocr_carea' id='block_1_1' title="bbox 297 494 1170 575">
    <p class='ocr_par' dir='ltr' id='par_1_1' title="bbox 297 494 1170 575">
     <span class='ocr_line' id='line_1_1' title="bbox 297 494 1170 575; baseline -0.019 -5"><span class='ocrx_word' id='word_1_1' title='bbox 297 502 359 573; x_wconf 76' lang='lat'><strong>228</strong></span> <span class='ocrx_word' id='word_1_2' title='bbox 775 494 861 569; x_wconf 78' lang='lat'><strong>1345,</strong></span> <span class='ocrx_word' id='word_1_3' title='bbox 885 494 974 559; x_wconf 84' lang='lat'>19-21</span> <span class='ocrx_word' id='word_1_4' title='bbox 997 494 1170 575; x_wconf 74' lang='lat' dir='ltr'><strong>septembre.</strong></span> 
     </span>
    </p>
   </div>
   <div class='ocr_carea' id='block_1_2' title="bbox 296 644 1662 2302">
    <p class='ocr_par' dir='ltr' id='par_1_2' title="bbox 296 644 1662 2302">
     <span class='ocr_line' id='line_1_2' title="bbox 296 644 1658 734; baseline -0.01 -12"><span class='ocrx_word' id='word_1_5' title='bbox 296 651 448 723; x_wconf 79' lang='lat' dir='ltr'><strong>Amoldo</strong></span> <span class='ocrx_word' id='word_1_6' title='bbox 479 646 681 728; x_wconf 88' lang='lat' dir='ltr'><strong>Carrasonis,</strong></span> <span class='ocrx_word' id='word_1_7' title='bbox 711 654 793 713; x_wconf 92' lang='lat' dir='ltr'><strong>tunc</strong></span> <span class='ocrx_word' id='word_1_8' title='bbox 835 666 907 734; x_wconf 91' lang='lat' dir='ltr'><strong>cap.</strong></span> <span class='ocrx_word' id='word_1_9' title='bbox 938 666 1030 732; x_wconf 86' lang='lat' dir='ltr'><strong>perp.</strong></span> <span class='ocrx_word' id='word_1_10' title='bbox 1064 645 1180 711; x_wconf 91' lang='lat' dir='ltr'><strong>altaris</strong></span> <span class='ocrx_word' id='word_1_11' title='bbox 1220 644 1251 710; x_wconf 86' lang='lat' dir='ltr'><strong>S.</strong></span> <span class='ocrx_word' id='word_1_12' title='bbox 1283 644 1398 712; x_wconf 87' lang='lat' dir='ltr'><strong>Crucis</strong></span> <span class='ocrx_word' id='word_1_13' title='bbox 1428 644 1481 711; x_wconf 92' lang='lat' dir='ltr'><strong>siti</strong></span> <span class='ocrx_word' id='word_1_14' title='bbox 1512 645 1547 709; x_wconf 93' lang='lat' dir='ltr'><strong>in</strong></span> <span class='ocrx_word' id='word_1_15' title='bbox 1577 644 1658 710; x_wconf 89' lang='lat' dir='ltr'><strong>eccl.</strong></span> 
     </span>
     <span class='ocr_line' id='line_1_3' title="bbox 297 748 1658 842; baseline -0.009 -18"><span class='ocrx_word' id='word_1_16' title='bbox 297 757 494 842; x_wconf 81' lang='lat' dir='ltr'><strong>Lingonen,</strong></span> <span class='ocrx_word' id='word_1_17' title='bbox 507 753 549 821; x_wconf 90' lang='lat' dir='ltr'><strong>de</strong></span> <span class='ocrx_word' id='word_1_18' title='bbox 564 755 641 818; x_wconf 91' lang='lat' dir='ltr'><strong>ben.</strong></span> <span class='ocrx_word' id='word_1_19' title='bbox 658 752 740 818; x_wconf 92' lang='lat' dir='ltr'><strong>eccl.</strong></span> <span class='ocrx_word' id='word_1_20' title='bbox 750 771 779 817; x_wconf 90' lang='lat' dir='ltr'><strong>c.</strong></span> <span class='ocrx_word' id='word_1_21' title='bbox 792 771 821 817; x_wconf 91' lang='lat' dir='ltr'><strong>c.</strong></span> <span class='ocrx_word' id='word_1_22' title='bbox 831 751 885 815; x_wconf 88' lang='lat' dir='ltr'><strong>vel</strong></span> <span class='ocrx_word' id='word_1_23' title='bbox 896 772 922 817; x_wconf 89' lang='lat' dir='ltr'><strong>s.</strong></span> <span class='ocrx_word' id='word_1_24' title='bbox 933 771 972 831; x_wconf 83' lang='lat' dir='ltr'><strong>c,</strong></span> <span class='ocrx_word' id='word_1_25' title='bbox 988 750 1032 817; x_wconf 89' lang='lat' dir='ltr'><strong>ad</strong></span> <span class='ocrx_word' id='word_1_26' title='bbox 1044 749 1235 817; x_wconf 86' lang='lat' dir='ltr'><strong>coll....dec.</strong></span> <span class='ocrx_word' id='word_1_27' title='bbox 1247 758 1283 816; x_wconf 89' lang='lat' dir='ltr'><strong>et</strong></span> <span class='ocrx_word' id='word_1_28' title='bbox 1294 770 1370 836; x_wconf 87' lang='lat' dir='ltr'><strong>cap.</strong></span> <span class='ocrx_word' id='word_1_29' title='bbox 1378 751 1461 816; x_wconf 89' lang='lat' dir='ltr'><strong>eccl.</strong></span> <span class='ocrx_word' id='word_1_30' title='bbox 1471 748 1658 833; x_wconf 89' lang='lat' dir='ltr'><strong>Lingonen·</strong></span> 
     </span>
     <span class='ocr_line' id='line_1_4' title="bbox 297 853 1661 949; baseline -0.007 -22"><span class='ocrx_word' id='word_1_31' title='bbox 297 860 446 949; x_wconf 87' lang='lat' dir='ltr'><strong>predicte</strong></span> <span class='ocrx_word' id='word_1_32' title='bbox 472 863 657 945; x_wconf 88' lang='lat' dir='ltr'><strong>spectante,</strong></span> <span class='ocrx_word' id='word_1_33' title='bbox 685 875 745 941; x_wconf 88' lang='lat' dir='ltr'><strong>per</strong></span> <span class='ocrx_word' id='word_1_34' title='bbox 781 853 821 920; x_wconf 87' lang='lat' dir='ltr'><strong>E.</strong></span> <span class='ocrx_word' id='word_1_35' title='bbox 846 854 878 919; x_wconf 86' lang='lat' dir='ltr'><strong>S.</strong></span> <span class='ocrx_word' id='word_1_36' title='bbox 905 855 1034 921; x_wconf 87' lang='lat' dir='ltr'><strong>litteras</strong></span> <span class='ocrx_word' id='word_1_37' title='bbox 1063 854 1231 940; x_wconf 89' lang='lat' dir='ltr'><strong>provideri</strong></span> <span class='ocrx_word' id='word_1_38' title='bbox 1261 853 1447 934; x_wconf 87' lang='lat' dir='ltr'><strong>mandavit,</strong></span> <span class='ocrx_word' id='word_1_39' title='bbox 1476 853 1661 919; x_wconf 87' lang='lat' dir='ltr'><strong>decernens</strong></span> 
     </span>
     <span class='ocr_line' id='line_1_5' title="bbox 298 957 1660 1045; baseline -0.009 -14"><span class='ocrx_word' id='word_1_40' title='bbox 298 964 423 1031; x_wconf 89' lang='lat' dir='ltr'><strong>eisdem</strong></span> <span class='ocrx_word' id='word_1_41' title='bbox 438 961 567 1042; x_wconf 90' lang='lat' dir='ltr'><strong>litteris,</strong></span> <span class='ocrx_word' id='word_1_42' title='bbox 580 958 670 1045; x_wconf 90' lang='lat' dir='ltr'><strong>quod</strong></span> <span class='ocrx_word' id='word_1_43' title='bbox 682 966 861 1045; x_wconf 90' lang='lat' dir='ltr'><strong>postquam</strong></span> <span class='ocrx_word' id='word_1_44' title='bbox 877 958 987 1024; x_wconf 88' lang='lat' dir='ltr'><strong>dictus</strong></span> <span class='ocrx_word' id='word_1_45' title='bbox 1002 958 1172 1025; x_wconf 83' lang='lat' dir='ltr'><strong>Amoldus</strong></span> <span class='ocrx_word' id='word_1_46' title='bbox 1186 958 1301 1043; x_wconf 91' lang='lat' dir='ltr'><strong>vigore</strong></span> <span class='ocrx_word' id='word_1_47' title='bbox 1316 957 1505 1043; x_wconf 85' lang='lat' dir='ltr'><strong>hujusmodi</strong></span> <span class='ocrx_word' id='word_1_48' title='bbox 1521 977 1568 1042; x_wconf 90' lang='lat' dir='ltr'><strong>gr.</strong></span> <span class='ocrx_word' id='word_1_49' title='bbox 1583 958 1660 1021; x_wconf 91' lang='lat' dir='ltr'><strong>ben.</strong></span> 
     </span>
     <span class='ocr_line' id='line_1_6' title="bbox 298 1060 1662 1153; baseline -0.007 -18"><span class='ocrx_word' id='word_1_50' title='bbox 298 1066 434 1153; x_wconf 87' lang='lat' dir='ltr'>aliquod</span> <span class='ocrx_word' id='word_1_51' title='bbox 456 1066 615 1133; x_wconf 85' lang='lat' dir='ltr'><strong>existeret</strong></span> <span class='ocrx_word' id='word_1_52' title='bbox 630 1064 771 1151; x_wconf 86' lang='lat' dir='ltr'><strong>pacifice</strong></span> <span class='ocrx_word' id='word_1_53' title='bbox 787 1071 968 1143; x_wconf 87' lang='lat' dir='ltr'><strong>assecutus,</strong></span> <span class='ocrx_word' id='word_1_54' title='bbox 984 1063 1111 1130; x_wconf 89' lang='lat' dir='ltr'><strong>dictam</strong></span> <span class='ocrx_word' id='word_1_55' title='bbox 1127 1084 1220 1150; x_wconf 90' lang='lat' dir='ltr'><strong>perp.</strong></span> <span class='ocrx_word' id='word_1_56' title='bbox 1236 1064 1355 1150; x_wconf 87' lang='lat' dir='ltr'><strong>capell.</strong></span> <span class='ocrx_word' id='word_1_57' title='bbox 1370 1062 1483 1129; x_wconf 88' lang='lat' dir='ltr'><strong>altaris</strong></span> <span class='ocrx_word' id='word_1_58' title='bbox 1498 1062 1530 1126; x_wconf 84' lang='lat' dir='ltr'><strong>S.</strong></span> <span class='ocrx_word' id='word_1_59' title='bbox 1546 1060 1662 1126; x_wconf 90' lang='lat' dir='ltr'><strong>Crucis</strong></span> 
     </span>
     <span class='ocr_line' id='line_1_7' title="bbox 298 1166 1660 1252; baseline -0.005 -15"><span class='ocrx_word' id='word_1_60' title='bbox 298 1170 466 1237; x_wconf 87' lang='lat' dir='ltr'><strong>dimittere</strong></span> <span class='ocrx_word' id='word_1_61' title='bbox 490 1176 671 1235; x_wconf 89' lang='lat' dir='ltr'><strong>teneretur.</strong></span> <span class='ocrx_word' id='word_1_62' title='bbox 689 1166 774 1233; x_wconf 91' lang='lat' dir='ltr'><strong>Cum</strong></span> <span class='ocrx_word' id='word_1_63' title='bbox 799 1175 912 1233; x_wconf 87' lang='lat' dir='ltr'><strong>autem</strong></span> <span class='ocrx_word' id='word_1_64' title='bbox 938 1166 1027 1233; x_wconf 87' lang='lat' dir='ltr'><strong>idern</strong></span> <span class='ocrx_word' id='word_1_65' title='bbox 1051 1167 1230 1247; x_wconf 80' lang='lat' dir='ltr'><strong>Arnoldus,</strong></span> <span class='ocrx_word' id='word_1_66' title='bbox 1246 1167 1360 1252; x_wconf 90' lang='lat' dir='ltr'><strong>vigore</strong></span> <span class='ocrx_word' id='word_1_67' title='bbox 1384 1166 1474 1233; x_wconf 90' lang='lat' dir='ltr'><strong>dicte</strong></span> <span class='ocrx_word' id='word_1_68' title='bbox 1491 1186 1549 1251; x_wconf 79' lang='lat' dir='ltr'><strong>gr,</strong></span> <span class='ocrx_word' id='word_1_69' title='bbox 1567 1185 1660 1251; x_wconf 91' lang='lat' dir='ltr'><strong>perp.</strong></span> 
     </span>
     <span class='ocr_line' id='line_1_8' title="bbox 299 1270 1661 1362; baseline -0.003 -23"><span class='ocrx_word' id='word_1_70' title='bbox 299 1275 416 1362; x_wconf 83' lang='lat' dir='ltr'><strong>capell.</strong></span> <span class='ocrx_word' id='word_1_71' title='bbox 439 1273 552 1341; x_wconf 88' lang='lat' dir='ltr'><strong>altaris</strong></span> <span class='ocrx_word' id='word_1_72' title='bbox 575 1270 788 1350; x_wconf 67' lang='lat' dir='ltr'><strong>§.johannis</strong></span> <span class='ocrx_word' id='word_1_73' title='bbox 805 1270 866 1337; x_wconf 89' lang='lat' dir='ltr'><strong>Ev.</strong></span> <span class='ocrx_word' id='word_1_74' title='bbox 893 1270 946 1337; x_wconf 91' lang='lat' dir='ltr'><strong>siti</strong></span> <span class='ocrx_word' id='word_1_75' title='bbox 975 1271 1010 1336; x_wconf 94' lang='lat' dir='ltr'><strong>in</strong></span> <span class='ocrx_word' id='word_1_76' title='bbox 1037 1270 1157 1337; x_wconf 91' lang='lat' dir='ltr'><strong>eadem</strong></span> <span class='ocrx_word' id='word_1_77' title='bbox 1173 1272 1255 1338; x_wconf 90' lang='lat' dir='ltr'><strong>eccl.</strong></span> <span class='ocrx_word' id='word_1_78' title='bbox 1272 1270 1448 1355; x_wconf 90' lang='lat' dir='ltr'><strong>Lingonen</strong></span> <span class='ocrx_word' id='word_1_79' title='bbox 1465 1270 1508 1336; x_wconf 91' lang='lat' dir='ltr'><strong>sit</strong></span> <span class='ocrx_word' id='word_1_80' title='bbox 1522 1270 1661 1357; x_wconf 86' lang='lat' dir='ltr'><strong>pacifice</strong></span> 
     </span>
     <span class='ocr_line' id='line_1_9' title="bbox 299 1374 1661 1469; baseline -0.007 -20"><span class='ocrx_word' id='word_1_81' title='bbox 299 1387 479 1460; x_wconf 86' lang='lat' dir='ltr'><strong>assecutus,</strong></span> <span class='ocrx_word' id='word_1_82' title='bbox 499 1386 533 1445; x_wconf 90' lang='lat' dir='ltr'><strong>et</strong></span> <span class='ocrx_word' id='word_1_83' title='bbox 556 1385 733 1465; x_wconf 91' lang='lat' dir='ltr'><strong>propterea</strong></span> <span class='ocrx_word' id='word_1_84' title='bbox 749 1374 839 1469; x_wconf 83' lang='lat' dir='ltr'><strong>dicta</strong></span> <span class='ocrx_word' id='word_1_85' title='bbox 855 1376 973 1463; x_wconf 89' lang='lat' dir='ltr'><strong>capell.</strong></span> <span class='ocrx_word' id='word_1_86' title='bbox 989 1376 1102 1442; x_wconf 90' lang='lat' dir='ltr'><strong>altaris</strong></span> <span class='ocrx_word' id='word_1_87' title='bbox 1118 1375 1150 1443; x_wconf 83' lang='lat' dir='ltr'><strong>S.</strong></span> <span class='ocrx_word' id='word_1_88' title='bbox 1167 1376 1283 1443; x_wconf 87' lang='lat' dir='ltr'><strong>Crucis</strong></span> <span class='ocrx_word' id='word_1_89' title='bbox 1298 1385 1400 1443; x_wconf 88' lang='lat' dir='ltr'><strong>vacat</strong></span> <span class='ocrx_word' id='word_1_90' title='bbox 1415 1376 1459 1441; x_wconf 91' lang='lat' dir='ltr'><strong>ad</strong></span> <span class='ocrx_word' id='word_1_91' title='bbox 1473 1395 1611 1461; x_wconf 89' lang='lat' dir='ltr'><strong>presens</strong></span> <span class='ocrx_word' id='word_1_92' title='bbox 1626 1382 1661 1439; x_wconf 89' lang='lat' dir='ltr'><strong>et</strong></span> 
     </span>
     <span class='ocr_line' id='line_1_10' title="bbox 299 1479 1662 1570; baseline -0.007 -17"><span class='ocrx_word' id='word_1_93' title='bbox 299 1483 343 1553; x_wconf 87' lang='lat' dir='ltr'><strong>ad</strong></span> <span class='ocrx_word' id='word_1_94' title='bbox 357 1482 611 1570; x_wconf 88' lang='lat' dir='ltr'><strong>dispositionem</strong></span> <span class='ocrx_word' id='word_1_95' title='bbox 627 1490 773 1549; x_wconf 89' lang='lat' dir='ltr'><strong>vestram</strong></span> <span class='ocrx_word' id='word_1_96' title='bbox 788 1481 962 1549; x_wconf 85' lang='lat' dir='ltr'><strong>duntaxat·</strong></span> <span class='ocrx_word' id='word_1_97' title='bbox 968 1490 1122 1568; x_wconf 89' lang='lat' dir='ltr'><strong>spectare</strong></span> <span class='ocrx_word' id='word_1_98' title='bbox 1137 1490 1304 1564; x_wconf 90' lang='lat' dir='ltr'><strong>noscatur,</strong></span> <span class='ocrx_word' id='word_1_99' title='bbox 1317 1501 1412 1567; x_wconf 86' lang='lat' dir='ltr'><strong>supp.</strong></span> <span class='ocrx_word' id='word_1_100' title='bbox 1431 1480 1520 1547; x_wconf 90' lang='lat' dir='ltr'><strong>idem</strong></span> <span class='ocrx_word' id='word_1_101' title='bbox 1535 1479 1662 1558; x_wconf 90' lang='lat' dir='ltr'><strong>Johan·</strong></span> 
     </span>
     <span class='ocr_line' id='line_1_11' title="bbox 299 1584 1661 1671; baseline -0.002 -19"><span class='ocrx_word' id='word_1_102' title='bbox 299 1606 360 1652; x_wconf 88' lang='lat' dir='ltr'><strong>nes</strong></span> <span class='ocrx_word' id='word_1_103' title='bbox 387 1595 479 1671; x_wconf 88' lang='lat' dir='ltr'><strong>quat.</strong></span> <span class='ocrx_word' id='word_1_104' title='bbox 506 1585 566 1652; x_wconf 91' lang='lat' dir='ltr'><strong>sibi</strong></span> <span class='ocrx_word' id='word_1_105' title='bbox 591 1585 633 1652; x_wconf 93' lang='lat' dir='ltr'><strong>de</strong></span> <span class='ocrx_word' id='word_1_106' title='bbox 657 1584 846 1671; x_wconf 87' lang='lat' dir='ltr'><strong>hujusmodi</strong></span> <span class='ocrx_word' id='word_1_107' title='bbox 872 1584 990 1670; x_wconf 88' lang='lat' dir='ltr'><strong>capell.</strong></span> <span class='ocrx_word' id='word_1_108' title='bbox 1015 1584 1128 1650; x_wconf 89' lang='lat' dir='ltr'><strong>altaris</strong></span> <span class='ocrx_word' id='word_1_109' title='bbox 1148 1585 1178 1651; x_wconf 86' lang='lat' dir='ltr'><strong>S.</strong></span> <span class='ocrx_word' id='word_1_110' title='bbox 1195 1584 1311 1651; x_wconf 90' lang='lat' dir='ltr'><strong>Crucis</strong></span> <span class='ocrx_word' id='word_1_111' title='bbox 1325 1586 1373 1651; x_wconf 88' lang='lat' dir='ltr'><strong>sic</strong></span> <span class='ocrx_word' id='word_1_112' title='bbox 1388 1607 1463 1653; x_wconf 84' lang='lat' dir='ltr'><strong>vac.</strong></span> <span class='ocrx_word' id='word_1_113' title='bbox 1478 1584 1661 1671; x_wconf 86' lang='lat' dir='ltr'><strong>dignemini</strong></span> 
     </span>
     <span class='ocr_line' id='line_1_12' title="bbox 300 1688 1661 1779; baseline -0.002 -22"><span class='ocrx_word' id='word_1_114' title='bbox 300 1690 474 1779; x_wconf 82' lang='lat' dir='ltr'><strong>providere</strong></span> <span class='ocrx_word' id='word_1_115' title='bbox 490 1714 498 1772; x_wconf 94' lang='lat'>;</span> <span class='ocrx_word' id='word_1_116' title='bbox 523 1711 591 1756; x_wconf 93' lang='lat' dir='ltr'><strong>non</strong></span> <span class='ocrx_word' id='word_1_117' title='bbox 611 1693 696 1756; x_wconf 90' lang='lat' dir='ltr'><strong>obst.</strong></span> <span class='ocrx_word' id='word_1_118' title='bbox 714 1690 803 1775; x_wconf 94' lang='lat' dir='ltr'><strong>quod</strong></span> <span class='ocrx_word' id='word_1_119' title='bbox 819 1689 907 1756; x_wconf 91' lang='lat' dir='ltr'><strong>idem</strong></span> <span class='ocrx_word' id='word_1_120' title='bbox 924 1688 943 1767; x_wconf 92' lang='lat' dir='ltr'>J</span> <span class='ocrx_word' id='word_1_121' title='bbox 946 1689 1098 1756; x_wconf 90' lang='lat' dir='ltr'><strong>ohannes</strong></span> <span class='ocrx_word' id='word_1_122' title='bbox 1113 1689 1157 1756; x_wconf 95' lang='lat' dir='ltr'><strong>ad</strong></span> <span class='ocrx_word' id='word_1_123' title='bbox 1172 1691 1247 1757; x_wconf 92' lang='lat' dir='ltr'><strong>coll.</strong></span> <span class='ocrx_word' id='word_1_124' title='bbox 1264 1690 1434 1777; x_wconf 88' lang='lat' dir='ltr'><strong>prepositi,</strong></span> <span class='ocrx_word' id='word_1_125' title='bbox 1450 1690 1522 1757; x_wconf 89' lang='lat' dir='ltr'><strong>dec.</strong></span> <span class='ocrx_word' id='word_1_126' title='bbox 1538 1698 1574 1755; x_wconf 89' lang='lat' dir='ltr'><strong>et</strong></span> <span class='ocrx_word' id='word_1_127' title='bbox 1589 1710 1661 1776; x_wconf 91' lang='lat' dir='ltr'><strong>cap.</strong></span> 
     </span>
     <span class='ocr_line' id='line_1_13' title="bbox 301 1793 1661 1881; baseline -0.002 -20"><span class='ocrx_word' id='word_1_128' title='bbox 301 1796 333 1862; x_wconf 87' lang='lat' dir='ltr'><strong>S.</strong></span> <span class='ocrx_word' id='word_1_129' title='bbox 349 1794 518 1863; x_wconf 91' lang='lat' dir='ltr'><strong>Vincentii</strong></span> <span class='ocrx_word' id='word_1_130' title='bbox 546 1794 767 1881; x_wconf 87' lang='lat' dir='ltr'><strong>Senogiensis,</strong></span> <span class='ocrx_word' id='word_1_131' title='bbox 796 1794 1013 1860; x_wconf 84' lang='lat' dir='ltr'><strong>Cameracen.</strong></span> <span class='ocrx_word' id='word_1_132' title='bbox 1037 1793 1134 1875; x_wconf 72' lang='lat' dir='ltr'><strong>dioc,</strong></span> <span class='ocrx_word' id='word_1_133' title='bbox 1157 1797 1235 1860; x_wconf 88' lang='lat' dir='ltr'><strong>ben.</strong></span> <span class='ocrx_word' id='word_1_134' title='bbox 1259 1796 1340 1861; x_wconf 87' lang='lat' dir='ltr'><strong>eccl.</strong></span> <span class='ocrx_word' id='word_1_135' title='bbox 1365 1817 1394 1862; x_wconf 92' lang='lat' dir='ltr'><strong>c.</strong></span> <span class='ocrx_word' id='word_1_136' title='bbox 1416 1816 1444 1861; x_wconf 93' lang='lat' dir='ltr'><strong>c.</strong></span> <span class='ocrx_word' id='word_1_137' title='bbox 1460 1795 1515 1860; x_wconf 85' lang='lat' dir='ltr'><strong>vel</strong></span> <span class='ocrx_word' id='word_1_138' title='bbox 1530 1816 1556 1861; x_wconf 88' lang='lat' dir='ltr'><strong>s.</strong></span> <span class='ocrx_word' id='word_1_139' title='bbox 1572 1815 1612 1875; x_wconf 90' lang='lat' dir='ltr'><strong>c.,</strong></span> <span class='ocrx_word' id='word_1_140' title='bbox 1628 1794 1661 1858; x_wconf 93' lang='lat' dir='ltr'><strong>in</strong></span> 
     </span>
     <span class='ocr_line' id='line_1_14' title="bbox 301 1899 1661 1987; baseline -0.003 -20"><span class='ocrx_word' id='word_1_141' title='bbox 301 1900 471 1967; x_wconf 90' lang='lat' dir='ltr'><strong>communi</strong></span> <span class='ocrx_word' id='word_1_142' title='bbox 492 1900 599 1967; x_wconf 85' lang='lat' dir='ltr'><strong>forma</strong></span> <span class='ocrx_word' id='word_1_143' title='bbox 620 1920 815 1987; x_wconf 87' lang='lat' dir='ltr'><strong>pauperum,</strong></span> <span class='ocrx_word' id='word_1_144' title='bbox 827 1900 977 1965; x_wconf 89' lang='lat' dir='ltr'><strong>noscitur</strong></span> <span class='ocrx_word' id='word_1_145' title='bbox 992 1908 1182 1986; x_wconf 89' lang='lat' dir='ltr'><strong>expectare,</strong></span> <span class='ocrx_word' id='word_1_146' title='bbox 1199 1921 1299 1985; x_wconf 86' lang='lat' dir='ltr'><strong>quarn</strong></span> <span class='ocrx_word' id='word_1_147' title='bbox 1315 1901 1585 1987; x_wconf 88' lang='lat' dir='ltr'><strong>expectationem</strong></span> <span class='ocrx_word' id='word_1_148' title='bbox 1601 1899 1661 1965; x_wconf 92' lang='lat' dir='ltr'><strong>sibi</strong></span> 
     </span>
     <span class='ocr_line' id='line_1_15' title="bbox 301 2003 1662 2091; baseline -0.002 -20"><span class='ocrx_word' id='word_1_149' title='bbox 301 2004 483 2091; x_wconf 83' lang='lat' dir='ltr'><strong>dignemini</strong></span> <span class='ocrx_word' id='word_1_150' title='bbox 509 2024 585 2071; x_wconf 88' lang='lat' dir='ltr'><strong>curn</strong></span> <span class='ocrx_word' id='word_1_151' title='bbox 612 2005 718 2089; x_wconf 89' lang='lat' dir='ltr'><strong>gratia</strong></span> <span class='ocrx_word' id='word_1_152' title='bbox 745 2025 847 2089; x_wconf 92' lang='lat' dir='ltr'><strong>quam</strong></span> <span class='ocrx_word' id='word_1_153' title='bbox 873 2024 963 2070; x_wconf 89' lang='lat' dir='ltr'><strong>nunc</strong></span> <span class='ocrx_word' id='word_1_154' title='bbox 990 2004 1075 2090; x_wconf 92' lang='lat' dir='ltr'><strong>petit</strong></span> <span class='ocrx_word' id='word_1_155' title='bbox 1109 2024 1290 2071; x_wconf 79' lang='lat' dir='ltr'><strong>reservare.</strong></span> <span class='ocrx_word' id='word_1_156' title='bbox 1313 2046 1356 2055; x_wconf 96' lang='lat'><em>-</em></span> <span class='ocrx_word' id='word_1_157' title='bbox 1389 2004 1465 2073; x_wconf 87' lang='lat' dir='ltr'><strong>Fiat</strong></span> <span class='ocrx_word' id='word_1_158' title='bbox 1488 2004 1528 2073; x_wconf 89' lang='lat' dir='ltr'><strong>R.</strong></span> <span class='ocrx_word' id='word_1_159' title='bbox 1551 2044 1595 2055; x_wconf 95' lang='grc'>-</span> <span class='ocrx_word' id='word_1_160' title='bbox 1618 2003 1662 2068; x_wconf 89' lang='lat' dir='ltr'><strong>Et</strong></span> 
     </span>
     <span class='ocr_line' id='line_1_16' title="bbox 300 2107 740 2194; baseline 0 -21"><span class='ocrx_word' id='word_1_161' title='bbox 300 2115 474 2175; x_wconf 90' lang='lat' dir='ltr'><strong>remaneat</strong></span> <span class='ocrx_word' id='word_1_162' title='bbox 490 2107 551 2174; x_wconf 93' lang='lat' dir='ltr'><strong>sibi</strong></span> <span class='ocrx_word' id='word_1_163' title='bbox 566 2108 682 2194; x_wconf 89' lang='lat' dir='ltr'><strong>gratia.</strong></span> <span class='ocrx_word' id='word_1_164' title='bbox 700 2107 740 2173; x_wconf 95' lang='lat' dir='ltr'><strong>R.</strong></span> 
     </span>
     <span class='ocr_line' id='line_1_17' title="bbox 346 2210 1238 2302; baseline 0.003 -24"><span class='ocrx_word' id='word_1_165' title='bbox 346 2212 424 2281; x_wconf 92' lang='lat' dir='ltr'><strong>Dat.</strong></span> <span class='ocrx_word' id='word_1_166' title='bbox 441 2234 494 2302; x_wconf 90' lang='lat' dir='ltr'><strong>ap.</strong></span> <span class='ocrx_word' id='word_1_167' title='bbox 508 2212 759 2280; x_wconf 86' lang='lat' dir='ltr'><strong>Villamnovam</strong></span> <span class='ocrx_word' id='word_1_168' title='bbox 779 2234 815 2299; x_wconf 82' lang='lat'><strong>13</strong></span> <span class='ocrx_word' id='word_1_169' title='bbox 832 2210 899 2279; x_wconf 89' lang='lat' dir='ltr'><strong>kal.</strong></span> <span class='ocrx_word' id='word_1_170' title='bbox 917 2221 984 2279; x_wconf 92' lang='lat' dir='ltr'><strong>oct.</strong></span> <span class='ocrx_word' id='word_1_171' title='bbox 1000 2220 1032 2279; x_wconf 90' lang='lat' dir='ltr'><strong>a⁰</strong></span> <span class='ocrx_word' id='word_1_172' title='bbox 1048 2221 1091 2301; x_wconf 80' lang='lat'><strong>4⁰.</strong></span> <span class='ocrx_word' id='word_1_173' title='bbox 1109 2214 1159 2300; x_wconf 88' lang='lat'><strong>(8,</strong></span> <span class='ocrx_word' id='word_1_174' title='bbox 1178 2214 1238 2300; x_wconf 54' lang='lat' dir='ltr'><strong>y).</strong></span> 
     </span>
    </p>
   </div>
   <div class='ocr_carea' id='block_1_3' title="bbox 301 2382 1664 3010">
    <p class='ocr_par' dir='ltr' id='par_1_3' title="bbox 353 2382 1617 2490">
     <span class='ocr_line' id='line_1_18' title="bbox 353 2382 1617 2490; baseline -0.002 -21"><span class='ocrx_word' id='word_1_175' title='bbox 353 2382 461 2469; x_wconf 79' lang='lat'>912.</span> <span class='ocrx_word' id='word_1_176' title='bbox 1262 2422 1322 2487; x_wconf 66' lang='lat'><strong>134</strong></span> <span class='ocrx_word' id='word_1_177' title='bbox 1325 2421 1356 2485; x_wconf 83' lang='lat'><strong>5,</strong></span> <span class='ocrx_word' id='word_1_178' title='bbox 1374 2422 1414 2488; x_wconf 78' lang='lat'><strong>19</strong></span> <span class='ocrx_word' id='word_1_179' title='bbox 1431 2400 1617 2490; x_wconf 74' lang='lat' dir='ltr'><strong>septembre.</strong></span> 
     </span>
    </p>

    <p class='ocr_par' dir='ltr' id='par_1_4' title="bbox 301 2500 1664 2887">
     <span class='ocr_line' id='line_1_19' title="bbox 346 2500 1663 2593; baseline 0.001 -24"><span class='ocrx_word' id='word_1_180' title='bbox 346 2504 447 2592; x_wconf 83' lang='lat' dir='ltr'><strong>Supp.</strong></span> <span class='ocrx_word' id='word_1_181' title='bbox 464 2500 657 2571; x_wconf 82' lang='lat' dir='ltr'><strong>Anthonius</strong></span> <span class='ocrx_word' id='word_1_182' title='bbox 669 2502 710 2570; x_wconf 91' lang='lat' dir='ltr'><strong>de</strong></span> <span class='ocrx_word' id='word_1_183' title='bbox 727 2502 832 2585; x_wconf 86' lang='lat' dir='ltr'><strong>Saliis,</strong></span> <span class='ocrx_word' id='word_1_184' title='bbox 844 2501 1049 2570; x_wconf 82' lang='lat' dir='ltr'><strong>Noviomen.</strong></span> <span class='ocrx_word' id='word_1_185' title='bbox 1065 2503 1162 2587; x_wconf 83' lang='lat' dir='ltr'><strong>dioc,</strong></span> <span class='ocrx_word' id='word_1_186' title='bbox 1179 2514 1270 2590; x_wconf 87' lang='lat' dir='ltr'><strong>quat.</strong></span> <span class='ocrx_word' id='word_1_187' title='bbox 1287 2508 1347 2573; x_wconf 90' lang='lat' dir='ltr'><strong>sibi</strong></span> <span class='ocrx_word' id='word_1_188' title='bbox 1364 2507 1405 2574; x_wconf 90' lang='lat' dir='ltr'><strong>de</strong></span> <span class='ocrx_word' id='word_1_189' title='bbox 1422 2528 1495 2573; x_wconf 90' lang='lat' dir='ltr'><strong>can.</strong></span> <span class='ocrx_word' id='word_1_190' title='bbox 1512 2509 1571 2572; x_wconf 92' lang='lat' dir='ltr'><strong>sub</strong></span> <span class='ocrx_word' id='word_1_191' title='bbox 1587 2527 1663 2593; x_wconf 90' lang='lat' dir='ltr'><strong>exp.</strong></span> 
     </span>
     <span class='ocr_line' id='line_1_20' title="bbox 301 2607 1663 2699; baseline 0 -25"><span class='ocrx_word' id='word_1_192' title='bbox 301 2611 395 2697; x_wconf 89' lang='lat' dir='ltr'><strong>preb.</strong></span> <span class='ocrx_word' id='word_1_193' title='bbox 406 2609 488 2675; x_wconf 88' lang='lat' dir='ltr'><strong>eccl.</strong></span> <span class='ocrx_word' id='word_1_194' title='bbox 501 2608 532 2675; x_wconf 84' lang='lat' dir='ltr'><strong>S.</strong></span> <span class='ocrx_word' id='word_1_195' title='bbox 543 2607 703 2679; x_wconf 86' lang='lat' dir='ltr'><strong>Germani</strong></span> <span class='ocrx_word' id='word_1_196' title='bbox 721 2607 920 2689; x_wconf 88' lang='lat' dir='ltr'><strong>Montensis,</strong></span> <span class='ocrx_word' id='word_1_197' title='bbox 934 2607 1150 2675; x_wconf 87' lang='lat' dir='ltr'><strong>Cameracen.</strong></span> <span class='ocrx_word' id='word_1_198' title='bbox 1163 2610 1259 2692; x_wconf 71' lang='lat' dir='ltr'><strong>dioc,</strong></span> <span class='ocrx_word' id='word_1_199' title='bbox 1272 2611 1455 2697; x_wconf 86' lang='lat' dir='ltr'><strong>dignemini</strong></span> <span class='ocrx_word' id='word_1_200' title='bbox 1468 2610 1641 2699; x_wconf 89' lang='lat' dir='ltr'><strong>providere</strong></span> <span class='ocrx_word' id='word_1_201' title='bbox 1654 2634 1663 2691; x_wconf 87' lang='lat'>;</span> 
     </span>
     <span class='ocr_line' id='line_1_21' title="bbox 301 2711 1664 2801; baseline 0 -20"><span class='ocrx_word' id='word_1_202' title='bbox 301 2734 370 2781; x_wconf 93' lang='lat' dir='ltr'><strong>non</strong></span> <span class='ocrx_word' id='word_1_203' title='bbox 388 2715 473 2780; x_wconf 89' lang='lat' dir='ltr'><strong>obst.</strong></span> <span class='ocrx_word' id='word_1_204' title='bbox 490 2713 581 2798; x_wconf 93' lang='lat' dir='ltr'><strong>quod</strong></span> <span class='ocrx_word' id='word_1_205' title='bbox 596 2733 669 2779; x_wconf 91' lang='lat' dir='ltr'><strong>can.</strong></span> <span class='ocrx_word' id='word_1_206' title='bbox 686 2722 720 2778; x_wconf 94' lang='lat' dir='ltr'><strong>et</strong></span> <span class='ocrx_word' id='word_1_207' title='bbox 736 2715 827 2799; x_wconf 90' lang='lat' dir='ltr'><strong>preb.</strong></span> <span class='ocrx_word' id='word_1_208' title='bbox 845 2712 877 2777; x_wconf 94' lang='lat' dir='ltr'><strong>in</strong></span> <span class='ocrx_word' id='word_1_209' title='bbox 894 2714 977 2779; x_wconf 89' lang='lat' dir='ltr'><strong>eccl.</strong></span> <span class='ocrx_word' id='word_1_210' title='bbox 995 2713 1025 2779; x_wconf 87' lang='lat' dir='ltr'><strong>S.</strong></span> <span class='ocrx_word' id='word_1_211' title='bbox 1042 2711 1213 2780; x_wconf 89' lang='lat' dir='ltr'><strong>Vincentii</strong></span> <span class='ocrx_word' id='word_1_212' title='bbox 1230 2714 1450 2801; x_wconf 76' lang='lat' dir='ltr'><strong>SenogiensiS,</strong></span> <span class='ocrx_word' id='word_1_213' title='bbox 1462 2716 1552 2783; x_wconf 89' lang='lat' dir='ltr'><strong>dicte</strong></span> <span class='ocrx_word' id='word_1_214' title='bbox 1566 2713 1664 2796; x_wconf 78' lang='lat' dir='ltr'><strong>dioc,</strong></span> 
     </span>
     <span class='ocr_line' id='line_1_22' title="bbox 303 2815 838 2887; baseline -0.006 -1"><span class='ocrx_word' id='word_1_215' title='bbox 303 2819 452 2887; x_wconf 90' lang='lat' dir='ltr'><strong>noscitur</strong></span> <span class='ocrx_word' id='word_1_216' title='bbox 468 2818 630 2886; x_wconf 90' lang='lat' dir='ltr'><strong>obtinere.</strong></span> <span class='ocrx_word' id='word_1_217' title='bbox 647 2860 690 2868; x_wconf 83' lang='lat'><em>-</em></span> <span class='ocrx_word' id='word_1_218' title='bbox 706 2815 781 2884; x_wconf 89' lang='lat' dir='ltr'><strong>Fiat</strong></span> <span class='ocrx_word' id='word_1_219' title='bbox 798 2816 838 2883; x_wconf 91' lang='lat' dir='ltr'><strong>R.</strong></span> 
     </span>
    </p>

    <p class='ocr_par' dir='ltr' id='par_1_5' title="bbox 347 2921 1227 3010">
     <span class='ocr_line' id='line_1_23' title="bbox 347 2921 1227 3010; baseline 0.002 -22"><span class='ocrx_word' id='word_1_220' title='bbox 347 2922 425 2990; x_wconf 90' lang='lat' dir='ltr'><strong>Dat.</strong></span> <span class='ocrx_word' id='word_1_221' title='bbox 441 2943 494 3010; x_wconf 84' lang='lat' dir='ltr'><strong>ap.</strong></span> <span class='ocrx_word' id='word_1_222' title='bbox 511 2921 762 2989; x_wconf 85' lang='lat' dir='ltr'><strong>Villamnovam</strong></span> <span class='ocrx_word' id='word_1_223' title='bbox 783 2943 819 3006; x_wconf 85' lang='lat'><strong>13</strong></span> <span class='ocrx_word' id='word_1_224' title='bbox 835 2921 903 2988; x_wconf 87' lang='lat' dir='ltr'><strong>kal.</strong></span> <span class='ocrx_word' id='word_1_225' title='bbox 921 2930 988 2988; x_wconf 87' lang='lat' dir='ltr'><strong>oct.</strong></span> <span class='ocrx_word' id='word_1_226' title='bbox 1003 2930 1036 2989; x_wconf 88' lang='lat' dir='ltr'><strong>a⁰</strong></span> <span class='ocrx_word' id='word_1_227' title='bbox 1052 2929 1094 3008; x_wconf 80' lang='lat'><strong>4⁰.</strong></span> <span class='ocrx_word' id='word_1_228' title='bbox 1112 2926 1162 3008; x_wconf 88' lang='lat'><strong>(8,</strong></span> <span class='ocrx_word' id='word_1_229' title='bbox 1181 2925 1227 3006; x_wconf 83' lang='lat'><strong>9).</strong></span> 
     </span>
    </p>
   </div>
   <div class='ocr_carea' id='block_1_4' title="bbox 304 3093 1667 4348">
    <p class='ocr_par' dir='ltr' id='par_1_6' title="bbox 356 3093 1620 3197">
     <span class='ocr_line' id='line_1_24' title="bbox 356 3093 1620 3197; baseline 0 -21"><span class='ocrx_word' id='word_1_230' title='bbox 356 3093 465 3183; x_wconf 83' lang='grc'>913.</span> <span class='ocrx_word' id='word_1_231' title='bbox 1262 3128 1357 3195; x_wconf 62' lang='lat'><strong>1345,</strong></span> <span class='ocrx_word' id='word_1_232' title='bbox 1375 3131 1414 3176; x_wconf 85' lang='lat'><strong>21</strong></span> <span class='ocrx_word' id='word_1_233' title='bbox 1431 3111 1620 3197; x_wconf 75' lang='lat' dir='ltr'><strong>septembre.</strong></span> 
     </span>
    </p>

    <p class='ocr_par' dir='ltr' id='par_1_7' title="bbox 304 3210 1667 4220">
     <span class='ocr_line' id='line_1_25' title="bbox 349 3210 1663 3302; baseline -0.002 -20"><span class='ocrx_word' id='word_1_234' title='bbox 349 3217 450 3302; x_wconf 89' lang='lat' dir='ltr'><strong>Supp.</strong></span> <span class='ocrx_word' id='word_1_235' title='bbox 481 3212 658 3280; x_wconf 88' lang='lat' dir='ltr'><strong>Durandus</strong></span> <span class='ocrx_word' id='word_1_236' title='bbox 689 3210 828 3278; x_wconf 88' lang='lat' dir='ltr'><strong>Comuti</strong></span> <span class='ocrx_word' id='word_1_237' title='bbox 858 3226 877 3292; x_wconf 89' lang='lat'><strong>¹,</strong></span> <span class='ocrx_word' id='word_1_238' title='bbox 909 3211 962 3278; x_wconf 91' lang='lat' dir='ltr'><strong>lic.</strong></span> <span class='ocrx_word' id='word_1_239' title='bbox 995 3213 1026 3277; x_wconf 93' lang='lat' dir='ltr'><strong>in</strong></span> <span class='ocrx_word' id='word_1_240' title='bbox 1059 3214 1132 3298; x_wconf 78' lang='lat' dir='ltr'><strong>leg,</strong></span> <span class='ocrx_word' id='word_1_241' title='bbox 1164 3214 1428 3299; x_wconf 86' lang='lat' dir='ltr'><strong>caruerariusque</strong></span> <span class='ocrx_word' id='word_1_242' title='bbox 1460 3215 1550 3281; x_wconf 90' lang='lat' dir='ltr'><strong>dom.</strong></span> <span class='ocrx_word' id='word_1_243' title='bbox 1576 3214 1663 3281; x_wconf 91' lang='lat' dir='ltr'><strong>card.</strong></span> 
     </span>
     <span class='ocr_line' id='line_1_26' title="bbox 306 3315 1663 3404; baseline -0.005 -16"><span class='ocrx_word' id='word_1_244' title='bbox 306 3315 517 3388; x_wconf 88' lang='lat' dir='ltr'><strong>Bolonieusis</strong></span> <span class='ocrx_word' id='word_1_245' title='bbox 541 3331 562 3398; x_wconf 80' lang='lat'><strong>²,</strong></span> <span class='ocrx_word' id='word_1_246' title='bbox 590 3325 680 3402; x_wconf 89' lang='lat' dir='ltr'><strong>quat.</strong></span> <span class='ocrx_word' id='word_1_247' title='bbox 711 3317 820 3382; x_wconf 88' lang='lat' dir='ltr'><strong>eidem</strong></span> <span class='ocrx_word' id='word_1_248' title='bbox 855 3316 897 3382; x_wconf 92' lang='lat' dir='ltr'><strong>de</strong></span> <span class='ocrx_word' id='word_1_249' title='bbox 931 3337 1004 3383; x_wconf 90' lang='lat' dir='ltr'><strong>can.</strong></span> <span class='ocrx_word' id='word_1_250' title='bbox 1031 3326 1065 3382; x_wconf 90' lang='lat' dir='ltr'><strong>et</strong></span> <span class='ocrx_word' id='word_1_251' title='bbox 1092 3320 1194 3404; x_wconf 73' lang='lat' dir='ltr'><strong>preb,</strong></span> <span class='ocrx_word' id='word_1_252' title='bbox 1220 3338 1303 3401; x_wconf 91' lang='lat' dir='ltr'><strong>quos</strong></span> <span class='ocrx_word' id='word_1_253' title='bbox 1331 3318 1363 3382; x_wconf 92' lang='lat' dir='ltr'><strong>iu</strong></span> <span class='ocrx_word' id='word_1_254' title='bbox 1391 3320 1473 3385; x_wconf 91' lang='lat' dir='ltr'><strong>eccl.</strong></span> <span class='ocrx_word' id='word_1_255' title='bbox 1505 3318 1663 3386; x_wconf 89' lang='lat' dir='ltr'><strong>Leodien.</strong></span> 
     </span>
     <span class='ocr_line' id='line_1_27' title="bbox 305 3419 1665 3510; baseline -0.001 -21"><span class='ocrx_word' id='word_1_256' title='bbox 305 3423 461 3510; x_wconf 86' lang='lat' dir='ltr'><strong>Spinetus</strong></span> <span class='ocrx_word' id='word_1_257' title='bbox 477 3421 634 3488; x_wconf 90' lang='lat' dir='ltr'><strong>Rotarius</strong></span> <span class='ocrx_word' id='word_1_258' title='bbox 650 3437 661 3473; x_wconf 85' lang='lat'><strong>³</strong></span> <span class='ocrx_word' id='word_1_259' title='bbox 684 3419 868 3501; x_wconf 87' lang='lat' dir='ltr'><strong>obtinebat,</strong></span> <span class='ocrx_word' id='word_1_260' title='bbox 886 3428 1067 3506; x_wconf 88' lang='lat' dir='ltr'><strong>antequam</strong></span> <span class='ocrx_word' id='word_1_261' title='bbox 1084 3442 1161 3487; x_wconf 90' lang='lat' dir='ltr'><strong>cum</strong></span> <span class='ocrx_word' id='word_1_262' title='bbox 1177 3421 1321 3506; x_wconf 85' lang='lat' dir='ltr'><strong>quadarn</strong></span> <span class='ocrx_word' id='word_1_263' title='bbox 1338 3423 1476 3488; x_wconf 88' lang='lat' dir='ltr'><strong>muliere</strong></span> <span class='ocrx_word' id='word_1_264' title='bbox 1492 3444 1550 3509; x_wconf 88' lang='lat' dir='ltr'><strong>per</strong></span> <span class='ocrx_word' id='word_1_265' title='bbox 1564 3425 1665 3488; x_wconf 80' lang='lat' dir='ltr'><strong>rerba</strong></span> 
     </span>
     <span class='ocr_line' id='line_1_28' title="bbox 304 3525 1665 3614; baseline -0.002 -19"><span class='ocrx_word' id='word_1_266' title='bbox 304 3528 347 3595; x_wconf 91' lang='lat' dir='ltr'><strong>de</strong></span> <span class='ocrx_word' id='word_1_267' title='bbox 362 3526 508 3614; x_wconf 88' lang='lat' dir='ltr'><strong>presenti</strong></span> <span class='ocrx_word' id='word_1_268' title='bbox 534 3525 566 3591; x_wconf 91' lang='lat' dir='ltr'><strong>in</strong></span> <span class='ocrx_word' id='word_1_269' title='bbox 591 3525 677 3591; x_wconf 86' lang='lat' dir='ltr'><strong>facie</strong></span> <span class='ocrx_word' id='word_1_270' title='bbox 696 3525 836 3590; x_wconf 87' lang='lat' dir='ltr'><strong>ecclesie</strong></span> <span class='ocrx_word' id='word_1_271' title='bbox 853 3525 1103 3591; x_wconf 87' lang='lat' dir='ltr'><strong>matrimonium</strong></span> <span class='ocrx_word' id='word_1_272' title='bbox 1121 3525 1351 3606; x_wconf 85' lang='lat' dir='ltr'><strong>contraxisset,</strong></span> <span class='ocrx_word' id='word_1_273' title='bbox 1368 3547 1440 3592; x_wconf 86' lang='lat' dir='ltr'><strong>vac.</strong></span> <span class='ocrx_word' id='word_1_274' title='bbox 1457 3535 1551 3593; x_wconf 86' lang='lat' dir='ltr'><strong>extra</strong></span> <span class='ocrx_word' id='word_1_275' title='bbox 1568 3525 1665 3592; x_wconf 89' lang='lat' dir='ltr'><strong>Rom.</strong></span> 
     </span>
     <span class='ocr_line' id='line_1_29' title="bbox 306 3628 1667 3716; baseline -0.003 -18"><span class='ocrx_word' id='word_1_276' title='bbox 306 3652 373 3699; x_wconf 92' lang='lat' dir='ltr'><strong>cur.</strong></span> <span class='ocrx_word' id='word_1_277' title='bbox 399 3652 440 3696; x_wconf 88' lang='lat' dir='ltr'><strong>ex</strong></span> <span class='ocrx_word' id='word_1_278' title='bbox 465 3650 566 3697; x_wconf 90' lang='lat' dir='ltr'><strong>causa</strong></span> <span class='ocrx_word' id='word_1_279' title='bbox 591 3628 752 3716; x_wconf 89' lang='lat' dir='ltr'><strong>predicta,</strong></span> <span class='ocrx_word' id='word_1_280' title='bbox 777 3629 960 3714; x_wconf 89' lang='lat' dir='ltr'><strong>dignemini</strong></span> <span class='ocrx_word' id='word_1_281' title='bbox 984 3629 1170 3716; x_wconf 80' lang='lat' dir='ltr'><strong>providere,</strong></span> <span class='ocrx_word' id='word_1_282' title='bbox 1194 3631 1297 3696; x_wconf 88' lang='lat' dir='ltr'><strong>etiarn</strong></span> <span class='ocrx_word' id='word_1_283' title='bbox 1314 3630 1340 3694; x_wconf 93' lang='lat' dir='ltr'><strong>si</strong></span> <span class='ocrx_word' id='word_1_284' title='bbox 1356 3639 1435 3696; x_wconf 90' lang='lat' dir='ltr'><strong>ante</strong></span> <span class='ocrx_word' id='word_1_285' title='bbox 1457 3639 1667 3698; x_wconf 87' lang='lat' dir='ltr'><strong>contractum</strong></span> 
     </span>
     <span class='ocr_line' id='line_1_30' title="bbox 305 3732 1666 3823; baseline -0.003 -19"><span class='ocrx_word' id='word_1_286' title='bbox 305 3735 494 3823; x_wconf 87' lang='lat' dir='ltr'><strong>hujusmodi</strong></span> <span class='ocrx_word' id='word_1_287' title='bbox 518 3734 722 3801; x_wconf 87' lang='lat' dir='ltr'><strong>matrimonii</strong></span> <span class='ocrx_word' id='word_1_288' title='bbox 742 3732 864 3800; x_wconf 87' lang='lat' dir='ltr'><strong>fuerint</strong></span> <span class='ocrx_word' id='word_1_289' title='bbox 880 3735 1051 3800; x_wconf 88' lang='lat' dir='ltr'><strong>collationi</strong></span> <span class='ocrx_word' id='word_1_290' title='bbox 1068 3735 1155 3801; x_wconf 88' lang='lat' dir='ltr'><strong>sedis</strong></span> <span class='ocrx_word' id='word_1_291' title='bbox 1171 3743 1279 3821; x_wconf 88' lang='lat' dir='ltr'><strong>apost.</strong></span> <span class='ocrx_word' id='word_1_292' title='bbox 1296 3734 1483 3821; x_wconf 89' lang='lat' dir='ltr'><strong>specialiter</strong></span> <span class='ocrx_word' id='word_1_293' title='bbox 1498 3735 1666 3816; x_wconf 82' lang='lat' dir='ltr'><strong>reservati,</strong></span> 
     </span>
     <span class='ocr_line' id='line_1_31' title="bbox 307 3838 1666 3926; baseline -0.003 -18"><span class='ocrx_word' id='word_1_294' title='bbox 307 3851 365 3908; x_wconf 90' lang='lat' dir='ltr'><strong>aut</strong></span> <span class='ocrx_word' id='word_1_295' title='bbox 381 3841 463 3908; x_wconf 89' lang='lat' dir='ltr'><strong>alias</strong></span> <span class='ocrx_word' id='word_1_296' title='bbox 479 3841 625 3926; x_wconf 90' lang='lat' dir='ltr'><strong>ipsorum</strong></span> <span class='ocrx_word' id='word_1_297' title='bbox 642 3840 718 3906; x_wconf 93' lang='lat' dir='ltr'><strong>coll.</strong></span> <span class='ocrx_word' id='word_1_298' title='bbox 734 3839 777 3905; x_wconf 89' lang='lat' dir='ltr'><strong>ad</strong></span> <span class='ocrx_word' id='word_1_299' title='bbox 792 3839 935 3906; x_wconf 88' lang='lat' dir='ltr'><strong>eandem</strong></span> <span class='ocrx_word' id='word_1_300' title='bbox 952 3838 1065 3905; x_wconf 90' lang='lat' dir='ltr'><strong>sedern</strong></span> <span class='ocrx_word' id='word_1_301' title='bbox 1080 3840 1269 3926; x_wconf 87' lang='lat' dir='ltr'><strong>pertineat;</strong></span> <span class='ocrx_word' id='word_1_302' title='bbox 1285 3859 1354 3905; x_wconf 93' lang='lat' dir='ltr'><strong>non</strong></span> <span class='ocrx_word' id='word_1_303' title='bbox 1371 3843 1456 3907; x_wconf 90' lang='lat' dir='ltr'><strong>obst.</strong></span> <span class='ocrx_word' id='word_1_304' title='bbox 1472 3839 1563 3924; x_wconf 92' lang='lat' dir='ltr'><strong>quod</strong></span> <span class='ocrx_word' id='word_1_305' title='bbox 1577 3839 1666 3906; x_wconf 90' lang='lat' dir='ltr'><strong>idem</strong></span> 
     </span>
     <span class='ocr_line' id='line_1_32' title="bbox 307 3941 1666 4029; baseline -0.001 -19"><span class='ocrx_word' id='word_1_306' title='bbox 307 3943 485 4011; x_wconf 88' lang='lat' dir='ltr'><strong>Durandus</strong></span> <span class='ocrx_word' id='word_1_307' title='bbox 508 3942 676 4010; x_wconf 87' lang='lat' dir='ltr'><strong>abbatiam</strong></span> <span class='ocrx_word' id='word_1_308' title='bbox 694 3943 727 4008; x_wconf 94' lang='lat' dir='ltr'><strong>in</strong></span> <span class='ocrx_word' id='word_1_309' title='bbox 745 3941 1007 4023; x_wconf 80' lang='lat' dir='ltr'><strong>Claromonten,</strong></span> <span class='ocrx_word' id='word_1_310' title='bbox 1024 3963 1097 4009; x_wconf 90' lang='lat' dir='ltr'><strong>can.</strong></span> <span class='ocrx_word' id='word_1_311' title='bbox 1114 3951 1148 4008; x_wconf 93' lang='lat' dir='ltr'><strong>et</strong></span> <span class='ocrx_word' id='word_1_312' title='bbox 1164 3945 1255 4029; x_wconf 90' lang='lat' dir='ltr'><strong>preb.</strong></span> <span class='ocrx_word' id='word_1_313' title='bbox 1272 3941 1305 4008; x_wconf 91' lang='lat' dir='ltr'><strong>in</strong></span> <span class='ocrx_word' id='word_1_314' title='bbox 1333 3943 1450 4010; x_wconf 89' lang='lat' dir='ltr'><strong>eadem</strong></span> <span class='ocrx_word' id='word_1_315' title='bbox 1472 3944 1666 4011; x_wconf 89' lang='lat' dir='ltr'><strong>Claromon·</strong></span> 
     </span>
     <span class='ocr_line' id='line_1_33' title="bbox 307 4045 1666 4136; baseline 0.001 -23"><span class='ocrx_word' id='word_1_316' title='bbox 307 4056 376 4115; x_wconf 91' lang='lat' dir='ltr'><strong>ten.</strong></span> <span class='ocrx_word' id='word_1_317' title='bbox 392 4056 426 4114; x_wconf 88' lang='lat' dir='ltr'><strong>et</strong></span> <span class='ocrx_word' id='word_1_318' title='bbox 442 4047 642 4131; x_wconf 87' lang='lat' dir='ltr'><strong>Tomacen.,</strong></span> <span class='ocrx_word' id='word_1_319' title='bbox 658 4069 698 4114; x_wconf 92' lang='lat' dir='ltr'><strong>ac</strong></span> <span class='ocrx_word' id='word_1_320' title='bbox 726 4068 800 4114; x_wconf 91' lang='lat' dir='ltr'><strong>can.</strong></span> <span class='ocrx_word' id='word_1_321' title='bbox 827 4051 887 4116; x_wconf 92' lang='lat' dir='ltr'><strong>sub</strong></span> <span class='ocrx_word' id='word_1_322' title='bbox 904 4068 979 4136; x_wconf 89' lang='lat' dir='ltr'><strong>exp.</strong></span> <span class='ocrx_word' id='word_1_323' title='bbox 996 4050 1089 4136; x_wconf 90' lang='lat' dir='ltr'><strong>preb.</strong></span> <span class='ocrx_word' id='word_1_324' title='bbox 1112 4047 1146 4112; x_wconf 93' lang='lat' dir='ltr'><strong>in</strong></span> <span class='ocrx_word' id='word_1_325' title='bbox 1159 4045 1316 4132; x_wconf 85' lang='lat' dir='ltr'><strong>Bajocen.</strong></span> <span class='ocrx_word' id='word_1_326' title='bbox 1340 4049 1489 4114; x_wconf 91' lang='lat' dir='ltr'><strong>ecclesiis</strong></span> <span class='ocrx_word' id='word_1_327' title='bbox 1516 4050 1666 4118; x_wconf 90' lang='lat' dir='ltr'><strong>obtinere</strong></span> 
     </span>
     <span class='ocr_line' id='line_1_34' title="bbox 307 4151 714 4220; baseline 0.005 -2"><span class='ocrx_word' id='word_1_328' title='bbox 307 4160 465 4220; x_wconf 88' lang='lat' dir='ltr'><strong>noscatur</strong></span> <span class='ocrx_word' id='word_1_329' title='bbox 480 4159 502 4220; x_wconf 76' lang='lat'><strong>¹⁸.</strong></span> <span class='ocrx_word' id='word_1_330' title='bbox 519 4191 562 4202; x_wconf 84' lang='lat'>—</span> <span class='ocrx_word' id='word_1_331' title='bbox 579 4151 656 4220; x_wconf 87' lang='lat' dir='ltr'><strong>Fiat</strong></span> <span class='ocrx_word' id='word_1_332' title='bbox 672 4151 714 4220; x_wconf 93' lang='lat' dir='ltr'><strong>R.</strong></span> 
     </span>
    </p>

    <p class='ocr_par' dir='ltr' id='par_1_8' title="bbox 351 4253 1229 4348">
     <span class='ocr_line' id='line_1_35' title="bbox 351 4253 1229 4348; baseline 0.003 -25"><span class='ocrx_word' id='word_1_333' title='bbox 351 4257 430 4326; x_wconf 89' lang='lat' dir='ltr'><strong>Dat.</strong></span> <span class='ocrx_word' id='word_1_334' title='bbox 446 4277 500 4348; x_wconf 91' lang='lat' dir='ltr'><strong>ap.</strong></span> <span class='ocrx_word' id='word_1_335' title='bbox 513 4253 765 4324; x_wconf 76' lang='lat' dir='ltr'><strong>villamnovam</strong></span> <span class='ocrx_word' id='word_1_336' title='bbox 785 4277 818 4324; x_wconf 93' lang='lat'><strong>11</strong></span> <span class='ocrx_word' id='word_1_337' title='bbox 838 4254 904 4326; x_wconf 90' lang='lat' dir='ltr'><strong>kal.</strong></span> <span class='ocrx_word' id='word_1_338' title='bbox 921 4267 988 4326; x_wconf 95' lang='lat' dir='ltr'><strong>oct.</strong></span> <span class='ocrx_word' id='word_1_339' title='bbox 1004 4267 1037 4326; x_wconf 91' lang='lat' dir='ltr'><strong>a⁰</strong></span> <span class='ocrx_word' id='word_1_340' title='bbox 1052 4267 1096 4346; x_wconf 83' lang='lat'><strong>4⁰.</strong></span> <span class='ocrx_word' id='word_1_341' title='bbox 1114 4259 1164 4345; x_wconf 91' lang='lat'><strong>(8,</strong></span> <span class='ocrx_word' id='word_1_342' title='bbox 1182 4260 1229 4345; x_wconf 89' lang='lat'><strong>8).</strong></span> 
     </span>
    </p>
   </div>
   <div class='ocr_carea' id='block_1_5' title="bbox 307 4478 1667 4621">
    <p class='ocr_par' dir='ltr' id='par_1_9' title="bbox 307 4478 1667 4621">
     <span class='ocr_line' id='line_1_36' title="bbox 339 4478 1667 4546; baseline 0 -16"><span class='ocrx_word' id='word_1_343' title='bbox 339 4479 368 4543; x_wconf 85' lang='lat' dir='ltr'><strong>e)</strong></span> <span class='ocrx_word' id='word_1_344' title='bbox 382 4480 481 4529; x_wconf 84' lang='lat' dir='ltr'><strong>Suivait</strong></span> <span class='ocrx_word' id='word_1_345' title='bbox 500 4479 525 4530; x_wconf 84' lang='lat' dir='ltr'><strong>le</strong></span> <span class='ocrx_word' id='word_1_346' title='bbox 545 4479 638 4545; x_wconf 75' lang='lat' dir='ltr'><strong>phrase</strong></span> <span class='ocrx_word' id='word_1_347' title='bbox 653 4479 729 4531; x_wconf 73' lang='lat' dir='ltr'><strong>:nen</strong></span> <span class='ocrx_word' id='word_1_348' title='bbox 739 4479 797 4532; x_wconf 77' lang='lat' dir='ltr'><strong>obet.</strong></span> <span class='ocrx_word' id='word_1_349' title='bbox 810 4482 884 4530; x_wconf 78' lang='lat' dir='ltr'><strong>ctiam</strong></span> <span class='ocrx_word' id='word_1_350' title='bbox 899 4479 1032 4530; x_wconf 70' lang='lat' dir='ltr'><strong>pollutione</strong></span> <span class='ocrx_word' id='word_1_351' title='bbox 1043 4480 1074 4530; x_wconf 78' lang='lat' dir='ltr'><strong>ele</strong></span> <span class='ocrx_word' id='word_1_352' title='bbox 1090 4482 1151 4546; x_wconf 67' lang='lat' dir='ltr'><strong>lpum</strong></span> <span class='ocrx_word' id='word_1_353' title='bbox 1162 4498 1218 4532; x_wconf 80' lang='lat' dir='ltr'><strong>eur.</strong></span> <span class='ocrx_word' id='word_1_354' title='bbox 1229 4486 1252 4530; x_wconf 72' lang='lat' dir='ltr'><strong>et</strong></span> <span class='ocrx_word' id='word_1_355' title='bbox 1263 4483 1334 4546; x_wconf 77' lang='lat' dir='ltr'><strong>preb.</strong></span> <span class='ocrx_word' id='word_1_356' title='bbox 1348 4478 1464 4532; x_wconf 61' lang='lat' dir='ltr'><strong>reatem.</strong></span> <span class='ocrx_word' id='word_1_357' title='bbox 1481 4478 1578 4532; x_wconf 80' lang='lat' dir='ltr'><strong>dudem</strong></span> <span class='ocrx_word' id='word_1_358' title='bbox 1589 4479 1667 4546; x_wconf 79' lang='lat' dir='ltr'><strong>seete</strong></span> 
     </span>
     <span class='ocr_line' id='line_1_37' title="bbox 307 4549 1667 4621; baseline 0.001 -19"><span class='ocrx_word' id='word_1_359' title='bbox 307 4549 339 4603; x_wconf 80' lang='lat' dir='ltr'><strong>(le</strong></span> <span class='ocrx_word' id='word_1_360' title='bbox 348 4555 423 4618; x_wconf 79' lang='lat' dir='ltr'><strong>foetu</strong></span> <span class='ocrx_word' id='word_1_361' title='bbox 438 4549 549 4606; x_wconf 59' lang='lat' dir='ltr'><strong>(deraldo</strong></span> <span class='ocrx_word' id='word_1_362' title='bbox 565 4551 596 4604; x_wconf 74' lang='lat' dir='ltr'><strong>de</strong></span> <span class='ocrx_word' id='word_1_363' title='bbox 609 4557 674 4606; x_wconf 77' lang='lat' dir='ltr'><strong>Gora</strong></span> <span class='ocrx_word' id='word_1_364' title='bbox 686 4571 736 4621; x_wconf 78' lang='lat' dir='ltr'><strong>per</strong></span> <span class='ocrx_word' id='word_1_365' title='bbox 753 4557 827 4620; x_wconf 73' lang='lat' dir='ltr'><strong>aptiae.</strong></span> <span class='ocrx_word' id='word_1_366' title='bbox 841 4552 1007 4616; x_wconf 81' lang='lat' dir='ltr'><strong>Leodiensem,</strong></span> <span class='ocrx_word' id='word_1_367' title='bbox 1020 4561 1155 4619; x_wconf 77' lang='lat' dir='ltr'><strong>antequam</strong></span> <span class='ocrx_word' id='word_1_368' title='bbox 1170 4572 1220 4620; x_wconf 75' lang='lat' dir='ltr'><strong>per·</strong></span> <span class='ocrx_word' id='word_1_369' title='bbox 1231 4557 1305 4604; x_wconf 80' lang='lat' dir='ltr'><strong>rer-bu</strong></span> <span class='ocrx_word' id='word_1_370' title='bbox 1318 4556 1349 4604; x_wconf 81' lang='lat' dir='ltr'><strong>de</strong></span> <span class='ocrx_word' id='word_1_371' title='bbox 1356 4558 1467 4620; x_wconf 73' lang='lat' dir='ltr'><strong>presenti</strong></span> <span class='ocrx_word' id='word_1_372' title='bbox 1481 4558 1667 4606; x_wconf 73' lang='lat' dir='ltr'><strong>ritateireonium</strong></span> 
     </span>
    </p>
   </div>
   <div class='ocr_carea' id='block_1_6' title="bbox 307 4627 1671 4752">
    <p class='ocr_par' dir='ltr' id='par_1_10' title="bbox 307 4627 1671 4752">
     <span class='ocr_line' id='line_1_38' title="bbox 307 4627 1671 4750; baseline 0.001 -74"><span class='ocrx_word' id='word_1_373' title='bbox 307 4631 471 4750; x_wconf 44' lang='lat' dir='ltr'><strong>‘madefecisset</strong></span> <span class='ocrx_word' id='word_1_374' title='bbox 484 4627 603 4694; x_wconf 76' lang='lat' dir='ltr'><strong>Spinetne</strong></span> <span class='ocrx_word' id='word_1_375' title='bbox 620 4631 748 4695; x_wconf 69' lang='lat' dir='ltr'><strong>prep‘atm.</strong></span> <span class='ocrx_word' id='word_1_376' title='bbox 767 4631 807 4680; x_wconf 83' lang='lat' dir='ltr'><strong>Eu</strong></span> <span class='ocrx_word' id='word_1_377' title='bbox 817 4645 904 4692; x_wconf 79' lang='lat' dir='ltr'><strong>merge</strong></span> <span class='ocrx_word' id='word_1_378' title='bbox 913 4646 946 4679; x_wconf 90' lang='lat' dir='ltr'><strong>ou</strong></span> <span class='ocrx_word' id='word_1_379' title='bbox 955 4631 987 4679; x_wconf 89' lang='lat' dir='ltr'><strong>lit</strong></span> <span class='ocrx_word' id='word_1_380' title='bbox 999 4646 1005 4679; x_wconf 78' lang='lat' dir='ltr'><strong><em>z</em></strong></span> <span class='ocrx_word' id='word_1_381' title='bbox 1023 4630 1255 4692; x_wconf 68' lang='lat' dir='ltr'><strong>(bercellatumselt</strong></span> <span class='ocrx_word' id='word_1_382' title='bbox 1266 4632 1291 4680; x_wconf 82' lang='lat' dir='ltr'><strong>iu</strong></span> <span class='ocrx_word' id='word_1_383' title='bbox 1297 4633 1424 4695; x_wconf 67' lang='lat' dir='ltr'><strong>peritiore,</strong></span> <span class='ocrx_word' id='word_1_384' title='bbox 1434 4635 1457 4679; x_wconf 84' lang='lat' dir='ltr'><strong>et</strong></span> <span class='ocrx_word' id='word_1_385' title='bbox 1466 4629 1671 4696; x_wconf 76' lang='lat' dir='ltr'><strong>liedepreeepto</strong></span> 
     </span>
     <span class='ocr_line' id='line_1_39' title="bbox 321 4703 560 4752; baseline 0.013 -4"><span class='ocrx_word' id='word_1_386' title='bbox 321 4703 401 4750; x_wconf 73' lang='lat' dir='ltr'><strong>enatet</strong></span> <span class='ocrx_word' id='word_1_387' title='bbox 413 4704 500 4752; x_wconf 77' lang='lat' dir='ltr'><strong>nostri.</strong></span> <span class='ocrx_word' id='word_1_388' title='bbox 556 4719 560 4726; x_wconf 79' lang='grc'><em>“</em></span> 
     </span>
    </p>
   </div>
   <div class='ocr_carea' id='block_1_7' title="bbox 337 4951 1600 5022">
    <p class='ocr_par' dir='ltr' id='par_1_11' title="bbox 337 4951 1600 5022">
     <span class='ocr_line' id='line_1_40' title="bbox 337 4951 1600 5022; baseline 0.002 -16"><span class='ocrx_word' id='word_1_389' title='bbox 337 4957 358 5007; x_wconf 93' lang='lat'><strong>1.</strong></span> <span class='ocrx_word' id='word_1_390' title='bbox 372 4953 471 5020; x_wconf 80' lang='lat' dir='ltr'><strong>Kirsob,</strong></span> <span class='ocrx_word' id='word_1_391' title='bbox 484 4951 558 5011; x_wconf 78' lang='lat' dir='ltr'><strong>Kett..</strong></span> <span class='ocrx_word' id='word_1_392' title='bbox 571 4955 627 5008; x_wconf 80' lang='lat'><strong>279.</strong></span> <span class='ocrx_word' id='word_1_393' title='bbox 639 4984 672 4996; x_wconf 83' lang='lat'>—</span> <span class='ocrx_word' id='word_1_394' title='bbox 687 4963 710 5009; x_wconf 81' lang='lat'><strong>2.</strong></span> <span class='ocrx_word' id='word_1_395' title='bbox 723 4959 788 5022; x_wconf 79' lang='lat' dir='ltr'><strong>(luy,</strong></span> <span class='ocrx_word' id='word_1_396' title='bbox 807 4958 844 5007; x_wconf 84' lang='lat' dir='ltr'><strong>‹lu</strong></span> <span class='ocrx_word' id='word_1_397' title='bbox 858 4961 919 5008; x_wconf 82' lang='lat' dir='ltr'><strong>titre</strong></span> <span class='ocrx_word' id='word_1_398' title='bbox 930 4957 961 5008; x_wconf 80' lang='lat' dir='ltr'><strong>‹lo</strong></span> <span class='ocrx_word' id='word_1_399' title='bbox 980 4956 1117 5011; x_wconf 54' lang='lat' dir='ltr'><strong>sedeone.</strong></span> <span class='ocrx_word' id='word_1_400' title='bbox 1133 4989 1162 4997; x_wconf 94' lang='lat'>-</span> <span class='ocrx_word' id='word_1_401' title='bbox 1173 4963 1194 5010; x_wconf 87' lang='grc'><strong>3.</strong></span> <span class='ocrx_word' id='word_1_402' title='bbox 1209 4958 1309 5022; x_wconf 72' lang='lat' dir='ltr'><strong>urrscu,</strong></span> <span class='ocrx_word' id='word_1_403' title='bbox 1324 4959 1398 5018; x_wconf 78' lang='lat' dir='ltr'><strong>libii,</strong></span> <span class='ocrx_word' id='word_1_404' title='bbox 1411 4963 1459 5010; x_wconf 74' lang='lat'><strong>279</strong></span> <span class='ocrx_word' id='word_1_405' title='bbox 1477 4976 1482 5009; x_wconf 92' lang='lat'>:</span> <span class='ocrx_word' id='word_1_406' title='bbox 1496 4959 1600 5022; x_wconf 72' lang='lat' dir='ltr'><strong>Spiroti.</strong></span> 
     </span>
    </p>
   </div>
   <div class='ocr_carea' id='block_1_8' title="bbox 0 0 1842 5675">
    <p class='ocr_par' dir='ltr' id='par_1_12' title="bbox 0 0 1842 5675">
     <span class='ocr_line' id='line_1_41' title="bbox 0 0 1842 5675; baseline 0 0"><span class='ocrx_word' id='word_1_407' title='bbox 0 0 1842 5675; x_wconf 95' lang='lat' dir='ltr'><strong> </strong></span> 
     </span>
    </p>
   </div>
  </div>
 </body>
</html>
