3650 5675
284 498 341 565 184
782 496 870 568 1344,
893 494 961 558 412
984 497 1150 561 novembre

287 654 388 712 antea
405 668 463 733 per
479 647 592 713 sedem
610 655 718 734 apost.
734 646 910 712 reservatis
926 668 935 725 ;
952 666 1093 731 quorum
1109 646 1245 728 fructus,
1251 647 1400 712 redditus
1414 656 1449 713 et
1464 662 1647 735 proventus

286 750 370 816 dixit
385 756 399 785 ⁸
413 771 474 836 per
488 750 711 835 ignorantiam
727 771 796 817 non
812 750 976 816 excedere
991 752 1140 815 valorem
1158 772 1309 816 annuum
1324 773 1364 836 34
1376 753 1432 818 lib.
1449 754 1561 839 Paris,
1580 778 1645 824 sec.

285 861 353 919 tax.
370 853 510 933 decime,
537 862 638 940 prout
662 854 694 919 in
720 854 840 919 litteris
861 854 980 920 vestris
1002 854 1080 920 inde
1102 855 1266 921 coniectis
1291 856 1421 941 plenius
1440 850 1644 929 continetur.

287 956 372 1022 Cum
396 966 509 1023 autem
525 958 614 1024 idem
635 979 708 1043 cap.
724 966 843 1043 postea
867 957 1078 1039 intellexerit,
1103 959 1193 1042 quod
1215 961 1306 1044 preb.
1331 960 1529 1046 hujusmodi,
1554 966 1645 1050 cujus

285 1062 530 1147 possessionem
555 1062 696 1147 adeptus
721 1069 783 1143 est,
807 1061 1012 1147 computatis
1034 1061 1210 1127 cotidianis
1232 1062 1520 1131 distributionibus
1543 1068 1644 1154 ipsius

286 1167 377 1246 eccl,
394 1186 455 1251 pro
472 1166 600 1250 quibus,
617 1167 703 1231 ultra
725 1186 856 1251 grossos
878 1166 1013 1246 fructus,
1029 1186 1091 1250 pro
1105 1165 1237 1231 decima
1253 1167 1379 1231 exsolvi
1396 1172 1571 1237 consuevit
1585 1193 1644 1258 per

285 1269 452 1334 decanum
482 1277 517 1334 et
547 1269 732 1354 capitulum
764 1269 797 1334 in
825 1268 1006 1350 communi,
1036 1269 1102 1350 ubi,
1141 1277 1340 1354 computato
1376 1273 1556 1357 preposito,
1593 1285 1644 1341 est

285 1392 442 1437 numerus
464 1372 582 1457 viginti
609 1372 707 1438 unius
733 1374 973 1439 canonicorum
995 1379 1030 1438 et
1052 1371 1307 1458 prebendarum,
1330 1374 1488 1441 videlicet
1511 1397 1550 1461 25
1572 1378 1643 1445 libr.

286 1475 387 1542 Paris.
403 1479 458 1541 vel
474 1477 562 1543 circa
576 1485 611 1541 et
627 1478 674 1543 sic
691 1477 900 1542 taxationem
917 1497 1019 1559 quam
1034 1476 1183 1555 asseruit,
1199 1484 1237 1541 ut
1259 1477 1471 1562 premittitur,
1488 1482 1620 1547 excedit
1634 1506 1643 1563 ;

285 1580 437 1666 supplico
452 1589 544 1665 quat.
560 1580 652 1647 dicto
669 1583 852 1667 capellano,
866 1587 903 1644 ut
918 1600 987 1645 non
1003 1581 1089 1645 obst.
1105 1579 1273 1665 premissis
1288 1579 1397 1646 dictos
1412 1602 1487 1649 can.
1503 1592 1538 1649 et
1553 1588 1643 1670 preb.

284 1684 375 1749 licite
399 1685 542 1749 retinere
567 1686 691 1767 valeat,
714 1706 755 1751 ac
778 1686 804 1749 si
828 1684 871 1750 de
893 1682 1052 1769 predictis
1068 1683 1102 1748 in
1119 1683 1191 1769 ipsa
1206 1684 1314 1768 gratia
1328 1685 1428 1769 plena
1443 1694 1479 1751 et
1490 1708 1644 1774 expressa

283 1788 412 1853 mentio
438 1788 527 1853 facta
552 1788 677 1869 fuisset,
705 1788 815 1854 eidem
838 1787 1021 1873 dignemini
1044 1787 1214 1871 indulgere
1229 1809 1238 1867 ;
1255 1789 1442 1872 supplendo
1457 1791 1643 1875 predictum

283 1890 462 1971 defectum,
479 1890 505 1956 si
522 1892 595 1976 quis
611 1892 829 1957 intervenerit
844 1893 878 1956 in
894 1890 1083 1977 premissis;
1100 1911 1169 1955 non
1186 1892 1272 1956 obst.
1288 1892 1379 1975 quod
1393 1896 1545 1978 parroch.
1561 1899 1643 1966 eccl.

283 1994 314 2059 S.
342 1994 432 2059 Petri
458 1994 615 2077 Ariensis,
642 2004 792 2061 taxatam
820 1995 864 2061 ad
892 2016 933 2059 20
959 1995 1032 2059 libr.
1059 2002 1094 2059 et
1121 2014 1158 2058 10
1183 1995 1244 2059 sol.
1272 1994 1376 2061 Paris.
1402 2016 1464 2082 pro
1483 1999 1641 2082 decima3

282 2105 317 2162 et
343 2098 461 2181 capell.
487 2097 530 2162 de
555 2098 832 2184 Hucqucliersrin
847 2098 1019 2179 Temesi0,
1037 2097 1204 2164 Morinen.
1220 2098 1317 2180 dioc,
1334 2099 1378 2165 ad
1392 2101 1558 2168 decimam
1574 2126 1641 2172 non

283 2207 443 2281 taxatam,
460 2201 609 2266 noscitur
625 2202 787 2269 obtinere.
803 2244 846 2253 -
864 2201 942 2267 Fiat
958 2201 998 2267 R.

324 2353 406 2413 756.
439 2345 537 2428 Item,
568 2369 645 2415 cum
676 2352 780 2417 etiam
810 2373 875 2431 me,
906 2350 1000 2417 dicto
1030 2350 1208 2431 cardinale,
1237 2352 1457 2437 supplicante,
1481 2354 1643 2438 placuerit

281 2451 391 2516 eidem
407 2451 438 2517 S.
455 2450 565 2517 facere
580 2454 722 2539 gratiam
738 2455 842 2521 famil.
858 2476 937 2520 meo
952 2454 1126 2540 Stephano
1139 2452 1239 2535 Rufii,
1253 2456 1341 2536 cler,
1352 2455 1395 2521 de
1410 2477 1485 2522 can.
1501 2465 1537 2522 et
1551 2461 1642 2543 preb.

281 2557 363 2621 eccl.
384 2554 422 2621 B.
448 2554 496 2622 M.
519 2556 731 2641 Casletensis,
755 2559 904 2645 predicte
932 2556 1102 2623 Morinen.
1129 2558 1226 2638 dioc,
1243 2578 1318 2624 vac.
1334 2559 1486 2624 similiter
1507 2581 1567 2646 per
1588 2564 1642 2626 ob.

280 2666 361 2732 dicti
375 2668 546 2751 quondam
559 2662 688 2730 Odonis
699 2664 743 2729 de
755 2663 873 2744 Roma,
887 2662 991 2727 etiam
1006 2670 1086 2727 ante
1102 2662 1204 2747 ipsius
1219 2664 1273 2728 ob.
1286 2664 1462 2729 reservatis
1476 2686 1485 2743 ;
1502 2684 1641 2747 quorum

279 2768 435 2838 fructus...
451 2770 536 2836 dixit
551 2789 611 2856 per
637 2767 863 2854 ignorantiam
885 2785 954 2831 nou
978 2764 1141 2830 excedere
1164 2766 1314 2829 valorem
1336 2786 1483 2831 annuum
1507 2786 1547 2831 20
1569 2767 1641 2831 libr.

280 2872 394 2953 Paris,
409 2894 474 2939 sec.
487 2881 555 2938 tax.
568 2873 709 2953 decime,
724 2879 824 2956 prout
836 2871 870 2935 in
886 2869 1006 2934 litteris
1017 2870 1136 2934 vestris
1151 2868 1229 2934 inde
1241 2869 1405 2936 confectis
1419 2869 1548 2954 plenius
1560 2889 1640 2934 con-

280 2977 430 3056 tinetur;
450 2985 485 3041 et
509 2976 598 3042 idem
622 2975 811 3061 Stephanus
833 2973 1001 3038 intellexit
1023 2972 1113 3057 quod
1135 2973 1275 3058 quilibet
1299 2973 1487 3052 canonicus,
1511 2981 1582 3037 tam
1605 2973 1639 3036 in

280 3081 402 3164 grossis
417 3080 578 3146 fructibus
594 3099 696 3164 quam
713 3099 774 3164 pro
797 3075 1095 3156 distributionibus,
1119 3077 1327 3162 conjunctim
1350 3076 1478 3141 solvere
1501 3094 1640 3141 consue-

279 3183 366 3247 verit
392 3204 453 3269 pro
471 3185 510 3250 28
527 3184 582 3249 lib.
598 3183 701 3248 Paris.
717 3184 772 3247 vel
788 3183 877 3248 circa
897 3201 904 3246 :
923 3181 1085 3266 supplicO,
1101 3188 1194 3264 quat.
1210 3180 1303 3246 dicto
1320 3178 1503 3264 Stephano,
1519 3187 1557 3244 ut
1571 3199 1640 3244 non

281 3289 367 3351 obst.
383 3287 551 3371 premissis
577 3286 686 3352 dictos
703 3307 778 3351 can.
800 3293 834 3350 et
850 3287 943 3371 preb.
959 3285 1050 3349 licite
1066 3284 1188 3348 habere
1204 3305 1244 3349 ac
1264 3283 1407 3348 retinere
1422 3283 1543 3363 valeat,
1559 3283 1640 3348 acsi

280 3389 322 3454 de
336 3389 494 3474 predictis
509 3390 544 3454 in
571 3391 643 3475 ipsa
658 3389 764 3474 gratia
779 3391 880 3475 plena
904 3395 939 3452 et
954 3408 1111 3473 expressa
1126 3387 1256 3452 mentio
1272 3386 1362 3452 facta
1384 3387 1510 3468 fuisset,
1532 3387 1640 3453 eidem

281 3492 461 3576 dignemini
485 3494 656 3578 indulgere
670 3516 678 3573 ;
706 3491 893 3578 supplendo
909 3491 952 3557 de
967 3489 1145 3577 potestatis
1166 3491 1375 3575 plenitudine
1389 3489 1518 3556 dictum
1533 3489 1642 3556 defec-

282 3603 365 3661 tum.
380 3635 424 3646 —-
438 3595 514 3662 Fiat
529 3597 570 3663 R.

325 3699 405 3764 Dat.
420 3701 521 3766 Avin.
540 3721 556 3766 2
573 3721 652 3766 non.
669 3721 748 3767 nov.
764 3707 796 3766 a⁰
813 3707 855 3784 3⁰.
873 3700 921 3784 (7,
940 3699 1007 3782 52).

332 3845 442 3928 757.
1267 3878 1361 3941 1544,
1378 3882 1397 3941 4
1414 3859 1597 3922 novembre.

323 3961 425 4048 Supp.
450 3961 624 4040 Johannes
640 3962 787 4047 Vigonis,
804 3965 882 4028 cler.
908 3961 1127 4026 Cameracen.
1147 3961 1244 4042 dioc,
1266 3967 1357 4045 quat.
1380 3960 1441 4024 sibi
1461 3960 1504 4025 de
1523 3961 1641 4045 capell.

279 4083 337 4128 seu
362 4065 457 4129 altari
482 4063 522 4131 B.
542 4064 684 4145 Thome,
711 4065 776 4130 sita
790 4085 848 4129 seu
864 4065 930 4129 sito
945 4063 979 4128 in
996 4065 1077 4129 eccl.
1094 4061 1132 4128 B.
1150 4061 1258 4128 Marie
1275 4062 1464 4143 Dionensis,
1481 4061 1640 4128 Leodien.

278 4166 376 4248 dioc,
392 4189 465 4235 vac.
481 4189 541 4254 per
555 4189 672 4253 puram
689 4177 724 4234 et
740 4169 880 4233 liberam
901 4168 1022 4252 resign.
1038 4168 1072 4231 in
1092 4186 1160 4232 cur.
1175 4187 1236 4252 per
1252 4166 1440 4232 Evrardum
1454 4165 1584 4231 dictum
1598 4165 1640 4231 de

280 4269 422 4356 Haloys,
450 4275 568 4358 presb,
595 4271 721 4337 factam
737 4271 771 4336 in
787 4292 890 4337 manu
909 4271 999 4337 dom.
1016 4271 1150 4354 P(etri),
1167 4269 1256 4335 card.
1272 4269 1469 4349 Penestrini,
1485 4271 1641 4335 vicecan-

278 4377 402 4441 cellarii
418 4401 426 4458 ;
444 4378 536 4462 cujus
552 4377 709 4444 fluctus...
726 4377 876 4442 valorem
905 4394 922 4458 5
938 4374 1067 4444 march.
1082 4394 1150 4459 arg.
1166 4395 1235 4440 non
1252 4374 1430 4440 excedunt.
1446 4413 1490 4422 -
1506 4371 1582 4438 Fiat
1599 4371 1641 4444 R.

323 4479 402 4545 Dat.
418 4481 518 4546 Avin.
537 4501 553 4544 2
571 4501 650 4546 non.
667 4502 746 4547 nov.
762 4487 795 4545 a⁰
812 4487 854 4563 3⁰.
871 4479 920 4564 (7,
938 4480 1005 4562 58).

330 4624 574 4710 758-759.
1242 4658 1338 4722 1344,
1356 4657 1396 4701 ra
1412 4637 1595 4700 novembre.

322 4744 423 4830 Supp.
440 4743 459 4822 J
463 4744 615 4809 ohannes
630 4743 672 4808 de
689 4741 890 4828 Columpna‚
904 4741 935 4807 S.
951 4742 1071 4826 Angeli
1087 4741 1173 4807 diac.
1188 4741 1290 4822 card,
1301 4747 1393 4824 quat.
1411 4738 1539 4825 [Petro,
1555 4746 1639 4803 nato

309 4933 337 4994 a)
353 4931 410 4981 nur.
422 4931 493 4979 (neri.
