<?xml version="1.0" encoding="UTF-8"?>
<!DOCTYPE html PUBLIC "-//W3C//DTD XHTML 1.0 Transitional//EN"
    "http://www.w3.org/TR/xhtml1/DTD/xhtml1-transitional.dtd">
<html xmlns="http://www.w3.org/1999/xhtml" xml:lang="en" lang="en">
 <head>
  <title>
</title>
<meta http-equiv="Content-Type" content="text/html;charset=utf-8" />
  <meta name='ocr-system' content='tesseract 3.04.00' />
  <meta name='ocr-capabilities' content='ocr_page ocr_carea ocr_par ocr_line ocrx_word'/>
</head>
<body>
  <div class='ocr_page' id='page_1' title='image "./suppliquesdeclm00berlgoog_0236.png"; bbox 0 0 3650 5675; ppageno 0'>
   <div class='ocr_carea' id='block_1_1' title="bbox 607 528 1519 608">
    <p class='ocr_par' dir='ltr' id='par_1_1' title="bbox 607 528 1519 608">
     <span class='ocr_line' id='line_1_1' title="bbox 607 528 1519 608; baseline 0.002 -15"><span class='ocrx_word' id='word_1_1' title='bbox 607 571 611 582; x_wconf 87' lang='lat'><em>·</em></span> <span class='ocrx_word' id='word_1_2' title='bbox 677 528 763 601; x_wconf 75' lang='lat'>1345,</span> <span class='ocrx_word' id='word_1_3' title='bbox 787 528 851 591; x_wconf 80' lang='lat'>4-11</span> <span class='ocrx_word' id='word_1_4' title='bbox 871 528 999 608; x_wconf 77' lang='lat' dir='ltr'>janvier.</span> <span class='ocrx_word' id='word_1_5' title='bbox 1469 531 1519 595; x_wconf 79' lang='lat' dir='ltr'>lul</span> 
     </span>
    </p>
   </div>
   <div class='ocr_carea' id='block_1_2' title="bbox 156 678 1520 1057">
    <p class='ocr_par' dir='ltr' id='par_1_2' title="bbox 156 678 1520 1057">
     <span class='ocr_line' id='line_1_2' title="bbox 158 678 1520 766; baseline 0 -18"><span class='ocrx_word' id='word_1_6' title='bbox 158 703 324 748; x_wconf 91' lang='lat' dir='ltr'>summam</span> <span class='ocrx_word' id='word_1_7' title='bbox 342 703 382 766; x_wconf 85' lang='lat'>50</span> <span class='ocrx_word' id='word_1_8' title='bbox 396 682 453 747; x_wconf 93' lang='lat' dir='ltr'>lib.</span> <span class='ocrx_word' id='word_1_9' title='bbox 471 681 574 747; x_wconf 91' lang='lat' dir='ltr'>Paris.</span> <span class='ocrx_word' id='word_1_10' title='bbox 591 680 776 760; x_wconf 86' lang='lat' dir='ltr'><strong>annuatim,</strong></span> <span class='ocrx_word' id='word_1_11' title='bbox 790 700 855 744; x_wconf 92' lang='lat' dir='ltr'>sec.</span> <span class='ocrx_word' id='word_1_12' title='bbox 868 687 936 744; x_wconf 83' lang='lat' dir='ltr'>tax.</span> <span class='ocrx_word' id='word_1_13' title='bbox 949 679 1086 763; x_wconf 89' lang='lat' dir='ltr'>antique</span> <span class='ocrx_word' id='word_1_14' title='bbox 1102 678 1242 760; x_wconf 83' lang='lat' dir='ltr'>decime,</span> <span class='ocrx_word' id='word_1_15' title='bbox 1259 701 1327 745; x_wconf 94' lang='lat' dir='ltr'>non</span> <span class='ocrx_word' id='word_1_16' title='bbox 1344 682 1520 762; x_wconf 86' lang='lat' dir='ltr'>excedunt,</span> 
     </span>
     <span class='ocr_line' id='line_1_3' title="bbox 156 782 1520 871; baseline -0.001 -19"><span class='ocrx_word' id='word_1_17' title='bbox 156 786 339 870; x_wconf 85' lang='lat' dir='ltr'>dignemini</span> <span class='ocrx_word' id='word_1_18' title='bbox 361 785 560 871; x_wconf 83' lang='lat' dir='ltr'>providere3</span> <span class='ocrx_word' id='word_1_19' title='bbox 588 806 656 852; x_wconf 94' lang='lat' dir='ltr'>non</span> <span class='ocrx_word' id='word_1_20' title='bbox 683 787 769 849; x_wconf 86' lang='lat' dir='ltr'>obst.</span> <span class='ocrx_word' id='word_1_21' title='bbox 797 782 887 867; x_wconf 91' lang='lat' dir='ltr'>quod</span> <span class='ocrx_word' id='word_1_22' title='bbox 910 783 1029 868; x_wconf 86' lang='lat' dir='ltr'><strong>capell.</strong></span> <span class='ocrx_word' id='word_1_23' title='bbox 1052 804 1145 869; x_wconf 92' lang='lat' dir='ltr'>perp.</span> <span class='ocrx_word' id='word_1_24' title='bbox 1169 783 1201 848; x_wconf 96' lang='lat' dir='ltr'>S.</span> <span class='ocrx_word' id='word_1_25' title='bbox 1218 783 1371 868; x_wconf 87' lang='lat' dir='ltr'>Dyonisii</span> <span class='ocrx_word' id='word_1_26' title='bbox 1388 786 1422 849; x_wconf 91' lang='lat' dir='ltr'>in</span> <span class='ocrx_word' id='word_1_27' title='bbox 1439 789 1520 851; x_wconf 87' lang='lat' dir='ltr'>eccl.</span> 
     </span>
     <span class='ocr_line' id='line_1_4' title="bbox 158 884 1520 974; baseline 0 -20"><span class='ocrx_word' id='word_1_28' title='bbox 158 888 338 966; x_wconf 76' lang='lat' dir='ltr'>Morinen,</span> <span class='ocrx_word' id='word_1_29' title='bbox 366 896 497 954; x_wconf 80' lang='lat' dir='ltr'>elcan.</span> <span class='ocrx_word' id='word_1_30' title='bbox 526 891 585 954; x_wconf 91' lang='lat' dir='ltr'>sub</span> <span class='ocrx_word' id='word_1_31' title='bbox 610 909 685 974; x_wconf 85' lang='lat' dir='ltr'>exp.</span> <span class='ocrx_word' id='word_1_32' title='bbox 710 889 803 971; x_wconf 89' lang='lat' dir='ltr'><strong>preb.</strong></span> <span class='ocrx_word' id='word_1_33' title='bbox 839 885 874 949; x_wconf 96' lang='lat' dir='ltr'>in</span> <span class='ocrx_word' id='word_1_34' title='bbox 899 886 981 951; x_wconf 89' lang='lat' dir='ltr'>eccl.</span> <span class='ocrx_word' id='word_1_35' title='bbox 1005 884 1149 952; x_wconf 90' lang='lat' dir='ltr'>Vauren.</span> <span class='ocrx_word' id='word_1_36' title='bbox 1176 887 1327 952; x_wconf 88' lang='lat' dir='ltr'>obtinere</span> <span class='ocrx_word' id='word_1_37' title='bbox 1354 899 1520 955; x_wconf 91' lang='lat' dir='ltr'>noscatur.</span> 
     </span>
     <span class='ocr_line' id='line_1_5' title="bbox 157 991 348 1057; baseline 0 0"><span class='ocrx_word' id='word_1_38' title='bbox 157 991 291 1057; x_wconf 89' lang='lat' dir='ltr'>—Fiat</span> <span class='ocrx_word' id='word_1_39' title='bbox 308 992 348 1057; x_wconf 94' lang='lat' dir='ltr'>R.</span> 
     </span>
    </p>
   </div>
   <div class='ocr_carea' id='block_1_3' title="bbox 204 1096 957 1183">
    <p class='ocr_par' dir='ltr' id='par_1_3' title="bbox 204 1096 957 1183">
     <span class='ocr_line' id='line_1_6' title="bbox 204 1096 957 1183; baseline -0.003 -22"><span class='ocrx_word' id='word_1_40' title='bbox 204 1098 285 1163; x_wconf 88' lang='lat' dir='ltr'>Dat.</span> <span class='ocrx_word' id='word_1_41' title='bbox 300 1098 400 1163; x_wconf 82' lang='lat' dir='ltr'>Avin.</span> <span class='ocrx_word' id='word_1_42' title='bbox 418 1119 434 1162; x_wconf 92' lang='lat'>2</span> <span class='ocrx_word' id='word_1_43' title='bbox 452 1118 531 1163; x_wconf 95' lang='lat' dir='ltr'>non.</span> <span class='ocrx_word' id='word_1_44' title='bbox 546 1098 673 1183; x_wconf 83' lang='lat' dir='ltr'>januar.</span> <span class='ocrx_word' id='word_1_45' title='bbox 695 1104 728 1160; x_wconf 94' lang='lat' dir='ltr'>a⁰</span> <span class='ocrx_word' id='word_1_46' title='bbox 745 1103 787 1179; x_wconf 82' lang='lat'>3⁰.</span> <span class='ocrx_word' id='word_1_47' title='bbox 805 1096 852 1179; x_wconf 89' lang='lat'>(7,</span> <span class='ocrx_word' id='word_1_48' title='bbox 871 1115 906 1179; x_wconf 83' lang='lat'>13</span> <span class='ocrx_word' id='word_1_49' title='bbox 911 1096 957 1178; x_wconf 86' lang='grc'>3).</span> 
     </span>
    </p>
   </div>
   <div class='ocr_carea' id='block_1_4' title="bbox 158 1238 1528 2787">
    <p class='ocr_par' dir='ltr' id='par_1_4' title="bbox 214 1238 1479 1334">
     <span class='ocr_line' id='line_1_7' title="bbox 214 1238 1479 1334; baseline -0.002 -17"><span class='ocrx_word' id='word_1_50' title='bbox 214 1238 326 1322; x_wconf 81' lang='grc'>783.</span> <span class='ocrx_word' id='word_1_51' title='bbox 489 1300 490 1303; x_wconf 23' lang='lat'>¹</span> <span class='ocrx_word' id='word_1_52' title='bbox 1193 1268 1254 1331; x_wconf 70' lang='lat'>134</span> <span class='ocrx_word' id='word_1_53' title='bbox 1257 1268 1288 1329; x_wconf 87' lang='lat'>5,</span> <span class='ocrx_word' id='word_1_54' title='bbox 1304 1272 1323 1333; x_wconf 82' lang='lat'><em>4</em></span> <span class='ocrx_word' id='word_1_55' title='bbox 1334 1248 1479 1334; x_wconf 76' lang='lat' dir='ltr'>janoier.</span> 
     </span>
    </p>

    <p class='ocr_par' dir='ltr' id='par_1_5' title="bbox 158 1350 1528 2683">
     <span class='ocr_line' id='line_1_8' title="bbox 204 1350 1522 1440; baseline 0.002 -21"><span class='ocrx_word' id='word_1_56' title='bbox 204 1355 260 1421; x_wconf 83' lang='lat' dir='ltr'>Ad</span> <span class='ocrx_word' id='word_1_57' title='bbox 275 1354 557 1440; x_wconf 87' lang='lat' dir='ltr'>supplicationem</span> <span class='ocrx_word' id='word_1_58' title='bbox 573 1351 758 1432; x_wconf 88' lang='lat' dir='ltr'>Baldevini,</span> <span class='ocrx_word' id='word_1_59' title='bbox 775 1351 874 1437; x_wconf 87' lang='lat' dir='ltr'><strong>episc.</strong></span> <span class='ocrx_word' id='word_1_60' title='bbox 891 1350 1122 1417; x_wconf 91' lang='lat' dir='ltr'>Padebumen.</span> <span class='ocrx_word' id='word_1_61' title='bbox 1139 1363 1159 1431; x_wconf 89' lang='lat'>¹,</span> <span class='ocrx_word' id='word_1_62' title='bbox 1183 1352 1353 1437; x_wconf 86' lang='lat' dir='ltr'>provisum</span> <span class='ocrx_word' id='word_1_63' title='bbox 1369 1362 1420 1419; x_wconf 92' lang='lat' dir='ltr'>est</span> <span class='ocrx_word' id='word_1_64' title='bbox 1436 1376 1522 1440; x_wconf 89' lang='lat' dir='ltr'>mag.</span> 
     </span>
     <span class='ocr_line' id='line_1_9' title="bbox 161 1453 1524 1542; baseline 0 -17"><span class='ocrx_word' id='word_1_65' title='bbox 161 1460 349 1538; x_wconf 91' lang='lat' dir='ltr'>Hennan0,</span> <span class='ocrx_word' id='word_1_66' title='bbox 359 1467 440 1525; x_wconf 88' lang='lat' dir='ltr'>nato</span> <span class='ocrx_word' id='word_1_67' title='bbox 452 1458 624 1523; x_wconf 90' lang='lat' dir='ltr'>Wilhelmi</span> <span class='ocrx_word' id='word_1_68' title='bbox 634 1459 677 1523; x_wconf 90' lang='lat' dir='ltr'>de</span> <span class='ocrx_word' id='word_1_69' title='bbox 699 1457 877 1523; x_wconf 89' lang='lat' dir='ltr'>Vilrebeke</span> <span class='ocrx_word' id='word_1_70' title='bbox 893 1456 1019 1537; x_wconf 82' lang='lat' dir='ltr'>militis,</span> <span class='ocrx_word' id='word_1_71' title='bbox 1030 1457 1119 1534; x_wconf 75' lang='lat' dir='ltr'>cler,</span> <span class='ocrx_word' id='word_1_72' title='bbox 1135 1453 1263 1519; x_wconf 87' lang='lat' dir='ltr'>decan.</span> <span class='ocrx_word' id='word_1_73' title='bbox 1279 1464 1314 1521; x_wconf 94' lang='lat' dir='ltr'>et</span> <span class='ocrx_word' id='word_1_74' title='bbox 1329 1460 1422 1542; x_wconf 89' lang='lat' dir='ltr'><strong>preb.</strong></span> <span class='ocrx_word' id='word_1_75' title='bbox 1441 1462 1524 1526; x_wconf 88' lang='lat' dir='ltr'>eccl.</span> 
     </span>
     <span class='ocr_line' id='line_1_10' title="bbox 158 1560 1524 1647; baseline 0.001 -19"><span class='ocrx_word' id='word_1_76' title='bbox 158 1563 383 1643; x_wconf 80' lang='lat' dir='ltr'>Assindensis,</span> <span class='ocrx_word' id='word_1_77' title='bbox 395 1562 570 1629; x_wconf 92' lang='lat' dir='ltr'>Colonien.</span> <span class='ocrx_word' id='word_1_78' title='bbox 585 1562 684 1643; x_wconf 87' lang='lat' dir='ltr'>dioc,</span> <span class='ocrx_word' id='word_1_79' title='bbox 700 1583 774 1631; x_wconf 90' lang='lat' dir='ltr'>vac.</span> <span class='ocrx_word' id='word_1_80' title='bbox 789 1561 879 1647; x_wconf 91' lang='lat' dir='ltr'>apud</span> <span class='ocrx_word' id='word_1_81' title='bbox 894 1560 1008 1627; x_wconf 91' lang='lat' dir='ltr'>sedem</span> <span class='ocrx_word' id='word_1_82' title='bbox 1024 1566 1133 1645; x_wconf 88' lang='lat' dir='ltr'><strong>apost.</strong></span> <span class='ocrx_word' id='word_1_83' title='bbox 1148 1578 1210 1643; x_wconf 95' lang='lat' dir='ltr'>pro</span> <span class='ocrx_word' id='word_1_84' title='bbox 1225 1579 1267 1623; x_wconf 89' lang='lat' dir='ltr'>eo</span> <span class='ocrx_word' id='word_1_85' title='bbox 1283 1560 1373 1643; x_wconf 95' lang='lat' dir='ltr'>quod</span> <span class='ocrx_word' id='word_1_86' title='bbox 1388 1560 1442 1626; x_wconf 88' lang='lat' dir='ltr'>fel.</span> <span class='ocrx_word' id='word_1_87' title='bbox 1458 1583 1524 1630; x_wconf 91' lang='lat' dir='ltr'>rec.</span> 
     </span>
     <span class='ocr_line' id='line_1_11' title="bbox 159 1663 1525 1751; baseline -0.001 -19"><span class='ocrx_word' id='word_1_88' title='bbox 159 1668 252 1732; x_wconf 93' lang='lat' dir='ltr'>dom.</span> <span class='ocrx_word' id='word_1_89' title='bbox 265 1666 468 1732; x_wconf 86' lang='lat' dir='ltr'>Benedictus</span> <span class='ocrx_word' id='word_1_90' title='bbox 479 1686 568 1751; x_wconf 92' lang='lat' dir='ltr'><strong>papa</strong></span> <span class='ocrx_word' id='word_1_91' title='bbox 582 1665 664 1748; x_wconf 85' lang='lat' dir='ltr'>XII,</span> <span class='ocrx_word' id='word_1_92' title='bbox 677 1665 836 1751; x_wconf 93' lang='lat' dir='ltr'>Reynero</span> <span class='ocrx_word' id='word_1_93' title='bbox 852 1665 894 1730; x_wconf 92' lang='lat' dir='ltr'>de</span> <span class='ocrx_word' id='word_1_94' title='bbox 914 1664 1008 1750; x_wconf 89' lang='lat' dir='ltr'>Reys</span> <span class='ocrx_word' id='word_1_95' title='bbox 1019 1675 1041 1744; x_wconf 83' lang='lat'>²,</span> <span class='ocrx_word' id='word_1_96' title='bbox 1058 1663 1139 1729; x_wconf 93' lang='lat' dir='ltr'>olim</span> <span class='ocrx_word' id='word_1_97' title='bbox 1152 1666 1359 1746; x_wconf 83' lang='lat' dir='ltr'>procuratori</span> <span class='ocrx_word' id='word_1_98' title='bbox 1373 1666 1406 1729; x_wconf 91' lang='lat' dir='ltr'>in</span> <span class='ocrx_word' id='word_1_99' title='bbox 1426 1665 1525 1732; x_wconf 90' lang='lat' dir='ltr'>Rom.</span> 
     </span>
     <span class='ocr_line' id='line_1_12' title="bbox 160 1766 1525 1855; baseline -0.001 -19"><span class='ocrx_word' id='word_1_100' title='bbox 160 1791 240 1851; x_wconf 76' lang='lat' dir='ltr'>cur,</span> <span class='ocrx_word' id='word_1_101' title='bbox 250 1770 376 1836; x_wconf 91' lang='lat' dir='ltr'>decan.</span> <span class='ocrx_word' id='word_1_102' title='bbox 389 1778 424 1835; x_wconf 90' lang='lat' dir='ltr'>et</span> <span class='ocrx_word' id='word_1_103' title='bbox 439 1772 531 1855; x_wconf 87' lang='lat' dir='ltr'><strong>preb.</strong></span> <span class='ocrx_word' id='word_1_104' title='bbox 548 1771 630 1837; x_wconf 87' lang='lat' dir='ltr'>eccl.</span> <span class='ocrx_word' id='word_1_105' title='bbox 642 1769 918 1855; x_wconf 86' lang='lat' dir='ltr'>Antwerpiensis,</span> <span class='ocrx_word' id='word_1_106' title='bbox 930 1767 1145 1833; x_wconf 89' lang='lat' dir='ltr'>Cameracen.</span> <span class='ocrx_word' id='word_1_107' title='bbox 1161 1766 1258 1847; x_wconf 80' lang='lat' dir='ltr'>dioc,</span> <span class='ocrx_word' id='word_1_108' title='bbox 1271 1766 1402 1833; x_wconf 85' lang='lat' dir='ltr'>duxerit</span> <span class='ocrx_word' id='word_1_109' title='bbox 1414 1771 1525 1855; x_wconf 86' lang='lat' dir='ltr'>provi·</span> 
     </span>
     <span class='ocr_line' id='line_1_13' title="bbox 160 1871 1526 1959; baseline -0.001 -18"><span class='ocrx_word' id='word_1_110' title='bbox 160 1874 357 1955; x_wconf 89' lang='lat' dir='ltr'>dendum,et</span> <span class='ocrx_word' id='word_1_111' title='bbox 366 1874 473 1939; x_wconf 75' lang='lat' dir='ltr'>voluit</span> <span class='ocrx_word' id='word_1_112' title='bbox 485 1874 574 1958; x_wconf 94' lang='lat' dir='ltr'>quod</span> <span class='ocrx_word' id='word_1_113' title='bbox 584 1894 684 1958; x_wconf 93' lang='lat' dir='ltr'>quam</span> <span class='ocrx_word' id='word_1_114' title='bbox 695 1874 840 1959; x_wconf 92' lang='lat' dir='ltr'>primum</span> <span class='ocrx_word' id='word_1_115' title='bbox 850 1871 1075 1958; x_wconf 88' lang='lat' dir='ltr'>predictorum</span> <span class='ocrx_word' id='word_1_116' title='bbox 1087 1876 1175 1934; x_wconf 89' lang='lat' dir='ltr'>esset</span> <span class='ocrx_word' id='word_1_117' title='bbox 1184 1873 1428 1955; x_wconf 89' lang='lat' dir='ltr'>possessionem</span> <span class='ocrx_word' id='word_1_118' title='bbox 1438 1896 1526 1940; x_wconf 92' lang='lat' dir='ltr'>asse-</span> 
     </span>
     <span class='ocr_line' id='line_1_14' title="bbox 163 1972 1524 2068; baseline -0.001 -24"><span class='ocrx_word' id='word_1_119' title='bbox 163 1988 270 2060; x_wconf 89' lang='lat' dir='ltr'>cutus,</span> <span class='ocrx_word' id='word_1_120' title='bbox 280 1978 389 2043; x_wconf 90' lang='lat' dir='ltr'>dictos</span> <span class='ocrx_word' id='word_1_121' title='bbox 399 1998 473 2043; x_wconf 95' lang='lat' dir='ltr'>can.</span> <span class='ocrx_word' id='word_1_122' title='bbox 484 1986 519 2043; x_wconf 90' lang='lat' dir='ltr'>et</span> <span class='ocrx_word' id='word_1_123' title='bbox 529 1980 621 2062; x_wconf 93' lang='lat' dir='ltr'><strong>preb.</strong></span> <span class='ocrx_word' id='word_1_124' title='bbox 631 1977 852 2043; x_wconf 89' lang='lat' dir='ltr'>Assindenses</span> <span class='ocrx_word' id='word_1_125' title='bbox 861 1984 987 2041; x_wconf 87' lang='lat' dir='ltr'>extunc</span> <span class='ocrx_word' id='word_1_126' title='bbox 996 1974 1135 2040; x_wconf 90' lang='lat' dir='ltr'>omnino</span> <span class='ocrx_word' id='word_1_127' title='bbox 1146 1972 1316 2041; x_wconf 88' lang='lat' dir='ltr'>dimittere</span> <span class='ocrx_word' id='word_1_128' title='bbox 1330 1985 1501 2068; x_wconf 88' lang='lat' dir='ltr'>teneretur</span> <span class='ocrx_word' id='word_1_129' title='bbox 1517 2003 1524 2058; x_wconf 87' lang='lat'>;</span> 
     </span>
     <span class='ocr_line' id='line_1_15' title="bbox 163 2078 1526 2167; baseline 0 -20"><span class='ocrx_word' id='word_1_130' title='bbox 163 2104 234 2147; x_wconf 91' lang='lat' dir='ltr'>non</span> <span class='ocrx_word' id='word_1_131' title='bbox 250 2085 337 2148; x_wconf 84' lang='lat' dir='ltr'>obst.</span> <span class='ocrx_word' id='word_1_132' title='bbox 352 2081 443 2166; x_wconf 93' lang='lat' dir='ltr'>quod</span> <span class='ocrx_word' id='word_1_133' title='bbox 457 2080 539 2147; x_wconf 90' lang='lat' dir='ltr'>dicti</span> <span class='ocrx_word' id='word_1_134' title='bbox 555 2102 629 2147; x_wconf 90' lang='lat' dir='ltr'>can.</span> <span class='ocrx_word' id='word_1_135' title='bbox 652 2090 687 2147; x_wconf 89' lang='lat' dir='ltr'>et</span> <span class='ocrx_word' id='word_1_136' title='bbox 702 2084 794 2167; x_wconf 90' lang='lat' dir='ltr'><strong>preb.</strong></span> <span class='ocrx_word' id='word_1_137' title='bbox 817 2101 877 2166; x_wconf 93' lang='lat' dir='ltr'>per</span> <span class='ocrx_word' id='word_1_138' title='bbox 894 2078 914 2157; x_wconf 93' lang='lat' dir='ltr'>J</span> <span class='ocrx_word' id='word_1_139' title='bbox 918 2080 1087 2144; x_wconf 91' lang='lat' dir='ltr'>ohannem</span> <span class='ocrx_word' id='word_1_140' title='bbox 1113 2079 1242 2147; x_wconf 89' lang='lat' dir='ltr'>dictum</span> <span class='ocrx_word' id='word_1_141' title='bbox 1268 2080 1310 2144; x_wconf 93' lang='lat' dir='ltr'>de</span> <span class='ocrx_word' id='word_1_142' title='bbox 1335 2080 1526 2163; x_wconf 89' lang='lat' dir='ltr'>Varstusen,</span> 
     </span>
     <span class='ocr_line' id='line_1_16' title="bbox 164 2183 1527 2270; baseline 0.001 -21"><span class='ocrx_word' id='word_1_143' title='bbox 164 2188 219 2251; x_wconf 77' lang='lat' dir='ltr'>vel</span> <span class='ocrx_word' id='word_1_144' title='bbox 237 2186 339 2251; x_wconf 91' lang='lat' dir='ltr'>alium</span> <span class='ocrx_word' id='word_1_145' title='bbox 354 2185 517 2270; x_wconf 88' lang='lat' dir='ltr'>quemvis,</span> <span class='ocrx_word' id='word_1_146' title='bbox 534 2184 576 2248; x_wconf 92' lang='lat' dir='ltr'>de</span> <span class='ocrx_word' id='word_1_147' title='bbox 597 2184 686 2250; x_wconf 84' lang='lat' dir='ltr'>facto</span> <span class='ocrx_word' id='word_1_148' title='bbox 701 2183 857 2268; x_wconf 88' lang='lat' dir='ltr'>occupati</span> <span class='ocrx_word' id='word_1_149' title='bbox 873 2189 1041 2262; x_wconf 88' lang='lat' dir='ltr'>tenentur,</span> <span class='ocrx_word' id='word_1_150' title='bbox 1058 2189 1092 2247; x_wconf 93' lang='lat' dir='ltr'>et</span> <span class='ocrx_word' id='word_1_151' title='bbox 1108 2184 1199 2266; x_wconf 90' lang='lat' dir='ltr'>quod</span> <span class='ocrx_word' id='word_1_152' title='bbox 1222 2183 1311 2249; x_wconf 92' lang='lat' dir='ltr'>idem</span> <span class='ocrx_word' id='word_1_153' title='bbox 1336 2183 1527 2251; x_wconf 86' lang='lat' dir='ltr'>Hermanus</span> 
     </span>
     <span class='ocr_line' id='line_1_17' title="bbox 165 2286 1528 2373; baseline -0.001 -18"><span class='ocrx_word' id='word_1_154' title='bbox 165 2291 198 2355; x_wconf 91' lang='lat' dir='ltr'>in</span> <span class='ocrx_word' id='word_1_155' title='bbox 222 2288 461 2354; x_wconf 87' lang='lat' dir='ltr'>Monasterien.</span> <span class='ocrx_word' id='word_1_156' title='bbox 478 2297 513 2353; x_wconf 90' lang='lat' dir='ltr'>et</span> <span class='ocrx_word' id='word_1_157' title='bbox 536 2287 568 2353; x_wconf 94' lang='lat' dir='ltr'>S.</span> <span class='ocrx_word' id='word_1_158' title='bbox 584 2286 749 2365; x_wconf 90' lang='lat' dir='ltr'>Johannis</span> <span class='ocrx_word' id='word_1_159' title='bbox 764 2288 994 2371; x_wconf 90' lang='lat' dir='ltr'>Osnaburgen.</span> <span class='ocrx_word' id='word_1_160' title='bbox 1012 2306 1085 2351; x_wconf 94' lang='lat' dir='ltr'>can.</span> <span class='ocrx_word' id='word_1_161' title='bbox 1109 2290 1169 2352; x_wconf 92' lang='lat' dir='ltr'>sub</span> <span class='ocrx_word' id='word_1_162' title='bbox 1185 2306 1261 2371; x_wconf 89' lang='lat' dir='ltr'><strong>exp.</strong></span> <span class='ocrx_word' id='word_1_163' title='bbox 1277 2291 1379 2373; x_wconf 79' lang='lat' dir='ltr'>preb,</span> <span class='ocrx_word' id='word_1_164' title='bbox 1396 2310 1469 2355; x_wconf 91' lang='lat' dir='ltr'>can.</span> <span class='ocrx_word' id='word_1_165' title='bbox 1493 2298 1528 2354; x_wconf 91' lang='lat' dir='ltr'>et</span> 
     </span>
     <span class='ocr_line' id='line_1_18' title="bbox 164 2389 1527 2479; baseline 0.001 -22"><span class='ocrx_word' id='word_1_166' title='bbox 164 2396 259 2479; x_wconf 91' lang='lat' dir='ltr'><strong>preb.</strong></span> <span class='ocrx_word' id='word_1_167' title='bbox 291 2393 323 2457; x_wconf 90' lang='lat' dir='ltr'>S.</span> <span class='ocrx_word' id='word_1_168' title='bbox 340 2390 498 2457; x_wconf 88' lang='lat' dir='ltr'>Nioholai</span> <span class='ocrx_word' id='word_1_169' title='bbox 520 2390 792 2475; x_wconf 75' lang='lat' dir='ltr'>Magdeburgen,</span> <span class='ocrx_word' id='word_1_170' title='bbox 814 2398 848 2455; x_wconf 93' lang='lat' dir='ltr'>et</span> <span class='ocrx_word' id='word_1_171' title='bbox 875 2392 957 2471; x_wconf 87' lang='lat' dir='ltr'>ecel.</span> <span class='ocrx_word' id='word_1_172' title='bbox 980 2390 1014 2454; x_wconf 93' lang='lat' dir='ltr'>in</span> <span class='ocrx_word' id='word_1_173' title='bbox 1039 2389 1142 2471; x_wconf 90' lang='lat' dir='ltr'>Reue‚</span> <span class='ocrx_word' id='word_1_174' title='bbox 1167 2389 1408 2458; x_wconf 89' lang='lat' dir='ltr'>Monasterien.</span> <span class='ocrx_word' id='word_1_175' title='bbox 1429 2394 1527 2476; x_wconf 78' lang='lat' dir='ltr'>dioc,</span> 
     </span>
     <span class='ocr_line' id='line_1_19' title="bbox 164 2492 1526 2581; baseline 0.001 -20"><span class='ocrx_word' id='word_1_176' title='bbox 164 2518 249 2578; x_wconf 73' lang='lat' dir='ltr'>vac,</span> <span class='ocrx_word' id='word_1_177' title='bbox 260 2496 380 2580; x_wconf 88' lang='lat' dir='ltr'>dejure</span> <span class='ocrx_word' id='word_1_178' title='bbox 393 2496 533 2575; x_wconf 89' lang='lat' dir='ltr'>obtinet,</span> <span class='ocrx_word' id='word_1_179' title='bbox 545 2504 578 2560; x_wconf 91' lang='lat' dir='ltr'>et</span> <span class='ocrx_word' id='word_1_180' title='bbox 590 2515 689 2579; x_wconf 91' lang='lat' dir='ltr'>super</span> <span class='ocrx_word' id='word_1_181' title='bbox 701 2516 774 2560; x_wconf 90' lang='lat' dir='ltr'>can.</span> <span class='ocrx_word' id='word_1_182' title='bbox 786 2503 819 2559; x_wconf 92' lang='lat' dir='ltr'>et</span> <span class='ocrx_word' id='word_1_183' title='bbox 832 2496 924 2579; x_wconf 89' lang='lat' dir='ltr'><strong>preb.</strong></span> <span class='ocrx_word' id='word_1_184' title='bbox 937 2495 1019 2558; x_wconf 92' lang='lat' dir='ltr'>eccl.</span> <span class='ocrx_word' id='word_1_185' title='bbox 1028 2492 1229 2574; x_wconf 85' lang='lat' dir='ltr'>Zetlicensis,</span> <span class='ocrx_word' id='word_1_186' title='bbox 1243 2494 1418 2561; x_wconf 89' lang='lat' dir='ltr'>Colonien.</span> <span class='ocrx_word' id='word_1_187' title='bbox 1429 2498 1526 2581; x_wconf 78' lang='lat' dir='ltr'>dioc,</span> 
     </span>
     <span class='ocr_line' id='line_1_20' title="bbox 164 2597 1526 2683; baseline 0.001 -17"><span class='ocrx_word' id='word_1_188' title='bbox 164 2599 349 2666; x_wconf 88' lang='lat' dir='ltr'>dinoscitur</span> <span class='ocrx_word' id='word_1_189' title='bbox 363 2598 503 2683; x_wconf 83' lang='lat' dir='ltr'>litigare,</span> <span class='ocrx_word' id='word_1_190' title='bbox 519 2619 660 2683; x_wconf 92' lang='lat' dir='ltr'>quorum</span> <span class='ocrx_word' id='word_1_191' title='bbox 675 2599 796 2663; x_wconf 90' lang='lat' dir='ltr'>nullius</span> <span class='ocrx_word' id='word_1_192' title='bbox 812 2597 923 2663; x_wconf 89' lang='lat' dir='ltr'>adhuc</span> <span class='ocrx_word' id='word_1_193' title='bbox 934 2598 1050 2663; x_wconf 89' lang='lat' dir='ltr'>habuit</span> <span class='ocrx_word' id='word_1_194' title='bbox 1066 2598 1320 2682; x_wconf 92' lang='lat' dir='ltr'>possessionem.</span> <span class='ocrx_word' id='word_1_195' title='bbox 1333 2640 1376 2649; x_wconf 92' lang='lat'>—-</span> <span class='ocrx_word' id='word_1_196' title='bbox 1393 2599 1470 2666; x_wconf 89' lang='lat' dir='ltr'>Fiat</span> <span class='ocrx_word' id='word_1_197' title='bbox 1486 2602 1526 2667; x_wconf 92' lang='lat' dir='ltr'>R.</span> 
     </span>
    </p>

    <p class='ocr_par' dir='ltr' id='par_1_6' title="bbox 210 2702 963 2787">
     <span class='ocr_line' id='line_1_21' title="bbox 210 2702 963 2787; baseline -0.004 -18"><span class='ocrx_word' id='word_1_198' title='bbox 210 2704 290 2769; x_wconf 90' lang='lat' dir='ltr'>Dat.</span> <span class='ocrx_word' id='word_1_199' title='bbox 304 2702 406 2768; x_wconf 85' lang='lat' dir='ltr'>Avin.</span> <span class='ocrx_word' id='word_1_200' title='bbox 423 2724 440 2767; x_wconf 92' lang='lat'><em>2</em></span> <span class='ocrx_word' id='word_1_201' title='bbox 457 2722 536 2767; x_wconf 92' lang='lat' dir='ltr'>non.</span> <span class='ocrx_word' id='word_1_202' title='bbox 549 2703 676 2787; x_wconf 86' lang='lat' dir='ltr'>januar.</span> <span class='ocrx_word' id='word_1_203' title='bbox 689 2710 721 2765; x_wconf 89' lang='lat' dir='ltr'>a⁰</span> <span class='ocrx_word' id='word_1_204' title='bbox 739 2708 780 2785; x_wconf 83' lang='lat'>3⁰.</span> <span class='ocrx_word' id='word_1_205' title='bbox 798 2702 963 2785; x_wconf 66' lang='lat'><strong>(7,133*).</strong></span> 
     </span>
    </p>
   </div>
   <div class='ocr_carea' id='block_1_5' title="bbox 166 2839 1528 3457">
    <p class='ocr_par' dir='ltr' id='par_1_7' title="bbox 166 2839 1528 3457">
     <span class='ocr_line' id='line_1_22' title="bbox 217 2839 1470 2938; baseline 0 -17"><span class='ocrx_word' id='word_1_206' title='bbox 217 2839 332 2921; x_wconf 83' lang='grc'>784.</span> <span class='ocrx_word' id='word_1_207' title='bbox 1164 2873 1258 2938; x_wconf 68' lang='lat'><em>1345,</em></span> <span class='ocrx_word' id='word_1_208' title='bbox 1275 2875 1316 2918; x_wconf 86' lang='lat' dir='ltr'>ro</span> <span class='ocrx_word' id='word_1_209' title='bbox 1326 2852 1470 2934; x_wconf 71' lang='lat' dir='ltr'>Jonvr&#39;er.</span> 
     </span>
     <span class='ocr_line' id='line_1_23' title="bbox 210 2955 1527 3045; baseline 0.001 -23"><span class='ocrx_word' id='word_1_210' title='bbox 210 2959 312 3044; x_wconf 89' lang='lat' dir='ltr'><strong>Supp.</strong></span> <span class='ocrx_word' id='word_1_211' title='bbox 331 2957 448 3022; x_wconf 89' lang='lat' dir='ltr'>Helias</span> <span class='ocrx_word' id='word_1_212' title='bbox 464 2957 612 3038; x_wconf 87' lang='lat' dir='ltr'>Galterii,</span> <span class='ocrx_word' id='word_1_213' title='bbox 630 2958 707 3022; x_wconf 86' lang='lat' dir='ltr'>cler.</span> <span class='ocrx_word' id='word_1_214' title='bbox 719 2955 934 3021; x_wconf 87' lang='lat' dir='ltr'>Lemoviceu.</span> <span class='ocrx_word' id='word_1_215' title='bbox 951 2955 1048 3037; x_wconf 78' lang='lat' dir='ltr'>dioc,</span> <span class='ocrx_word' id='word_1_216' title='bbox 1059 2965 1149 3041; x_wconf 86' lang='lat' dir='ltr'>quat.</span> <span class='ocrx_word' id='word_1_217' title='bbox 1166 2958 1227 3022; x_wconf 88' lang='lat' dir='ltr'>sibi</span> <span class='ocrx_word' id='word_1_218' title='bbox 1243 2958 1288 3024; x_wconf 93' lang='lat' dir='ltr'>de</span> <span class='ocrx_word' id='word_1_219' title='bbox 1298 2960 1414 3044; x_wconf 86' lang='lat' dir='ltr'>capell.</span> <span class='ocrx_word' id='word_1_220' title='bbox 1425 2979 1527 3045; x_wconf 88' lang='lat' dir='ltr'>perp,</span> 
     </span>
     <span class='ocr_line' id='line_1_24' title="bbox 166 3056 1528 3148; baseline 0.001 -22"><span class='ocrx_word' id='word_1_221' title='bbox 166 3082 267 3146; x_wconf 93' lang='lat' dir='ltr'>quam</span> <span class='ocrx_word' id='word_1_222' title='bbox 283 3060 429 3139; x_wconf 88' lang='lat' dir='ltr'>Jacobus</span> <span class='ocrx_word' id='word_1_223' title='bbox 446 3058 604 3125; x_wconf 87' lang='lat' dir='ltr'>Fressens</span> <span class='ocrx_word' id='word_1_224' title='bbox 619 3061 653 3124; x_wconf 92' lang='lat' dir='ltr'>in</span> <span class='ocrx_word' id='word_1_225' title='bbox 669 3059 750 3124; x_wconf 90' lang='lat' dir='ltr'>eccl.</span> <span class='ocrx_word' id='word_1_226' title='bbox 777 3056 946 3124; x_wconf 84' lang='lat' dir='ltr'>Morinen.</span> <span class='ocrx_word' id='word_1_227' title='bbox 962 3059 1114 3123; x_wconf 91' lang='lat' dir='ltr'>obtinere</span> <span class='ocrx_word' id='word_1_228' title='bbox 1129 3062 1270 3142; x_wconf 86' lang='lat' dir='ltr'>solebat,</span> <span class='ocrx_word' id='word_1_229' title='bbox 1282 3082 1341 3147; x_wconf 91' lang='lat' dir='ltr'>per</span> <span class='ocrx_word' id='word_1_230' title='bbox 1356 3062 1458 3148; x_wconf 89' lang='lat' dir='ltr'>ipsius</span> <span class='ocrx_word' id='word_1_231' title='bbox 1475 3065 1528 3129; x_wconf 95' lang='lat' dir='ltr'>ob.</span> 
     </span>
     <span class='ocr_line' id='line_1_25' title="bbox 166 3161 1528 3251; baseline 0.002 -23"><span class='ocrx_word' id='word_1_232' title='bbox 166 3185 250 3245; x_wconf 72' lang='lat' dir='ltr'>vac,</span> <span class='ocrx_word' id='word_1_233' title='bbox 267 3163 323 3248; x_wconf 93' lang='lat' dir='ltr'>qui</span> <span class='ocrx_word' id='word_1_234' title='bbox 339 3184 445 3249; x_wconf 92' lang='lat' dir='ltr'>nuper</span> <span class='ocrx_word' id='word_1_235' title='bbox 461 3173 555 3228; x_wconf 84' lang='lat' dir='ltr'>extra</span> <span class='ocrx_word' id='word_1_236' title='bbox 581 3163 679 3228; x_wconf 92' lang='lat' dir='ltr'>Rom.</span> <span class='ocrx_word' id='word_1_237' title='bbox 696 3182 763 3227; x_wconf 91' lang='lat' dir='ltr'>cur.</span> <span class='ocrx_word' id='word_1_238' title='bbox 791 3161 881 3226; x_wconf 90' lang='lat' dir='ltr'>diem</span> <span class='ocrx_word' id='word_1_239' title='bbox 906 3163 1025 3227; x_wconf 90' lang='lat' dir='ltr'>clausit</span> <span class='ocrx_word' id='word_1_240' title='bbox 1048 3170 1246 3246; x_wconf 87' lang='lat' dir='ltr'>extremum,</span> <span class='ocrx_word' id='word_1_241' title='bbox 1262 3173 1341 3231; x_wconf 88' lang='lat' dir='ltr'>ante</span> <span class='ocrx_word' id='word_1_242' title='bbox 1357 3166 1459 3251; x_wconf 91' lang='lat' dir='ltr'>ipsius</span> <span class='ocrx_word' id='word_1_243' title='bbox 1474 3169 1528 3231; x_wconf 92' lang='lat' dir='ltr'>ob.</span> 
     </span>
     <span class='ocr_line' id='line_1_26' title="bbox 166 3266 1528 3354; baseline 0.003 -22"><span class='ocrx_word' id='word_1_244' title='bbox 166 3276 346 3348; x_wconf 90' lang='lat' dir='ltr'>reservata,</span> <span class='ocrx_word' id='word_1_245' title='bbox 361 3267 543 3352; x_wconf 88' lang='lat' dir='ltr'>dignemini</span> <span class='ocrx_word' id='word_1_246' title='bbox 560 3267 746 3353; x_wconf 86' lang='lat' dir='ltr'>providere.</span> <span class='ocrx_word' id='word_1_247' title='bbox 763 3266 907 3347; x_wconf 84' lang='lat' dir='ltr'>-Fiat,</span> <span class='ocrx_word' id='word_1_248' title='bbox 930 3267 955 3332; x_wconf 93' lang='lat' dir='ltr'>si</span> <span class='ocrx_word' id='word_1_249' title='bbox 976 3289 1045 3333; x_wconf 94' lang='lat' dir='ltr'>non</span> <span class='ocrx_word' id='word_1_250' title='bbox 1062 3269 1105 3334; x_wconf 91' lang='lat' dir='ltr'>sit</span> <span class='ocrx_word' id='word_1_251' title='bbox 1121 3269 1215 3333; x_wconf 88' lang='lat' dir='ltr'>alteri</span> <span class='ocrx_word' id='word_1_252' title='bbox 1228 3270 1282 3354; x_wconf 89' lang='lat' dir='ltr'>jus</span> <span class='ocrx_word' id='word_1_253' title='bbox 1304 3271 1471 3354; x_wconf 88' lang='lat' dir='ltr'>quesitum</span> <span class='ocrx_word' id='word_1_254' title='bbox 1488 3271 1528 3337; x_wconf 92' lang='lat' dir='ltr'>R.</span> 
     </span>
     <span class='ocr_line' id='line_1_27' title="bbox 211 3371 936 3457; baseline 0 -21"><span class='ocrx_word' id='word_1_255' title='bbox 211 3372 291 3438; x_wconf 91' lang='lat' dir='ltr'>Dat.</span> <span class='ocrx_word' id='word_1_256' title='bbox 305 3371 406 3437; x_wconf 84' lang='lat' dir='ltr'>Avin.</span> <span class='ocrx_word' id='word_1_257' title='bbox 422 3394 442 3457; x_wconf 89' lang='lat'>4</span> <span class='ocrx_word' id='word_1_258' title='bbox 458 3372 501 3436; x_wconf 88' lang='lat' dir='ltr'>id.</span> <span class='ocrx_word' id='word_1_259' title='bbox 514 3372 642 3456; x_wconf 86' lang='lat' dir='ltr'>januar.</span> <span class='ocrx_word' id='word_1_260' title='bbox 658 3379 691 3436; x_wconf 90' lang='lat' dir='ltr'>a⁰</span> <span class='ocrx_word' id='word_1_261' title='bbox 715 3377 757 3455; x_wconf 89' lang='lat'>3⁰.</span> <span class='ocrx_word' id='word_1_262' title='bbox 782 3371 830 3455; x_wconf 88' lang='lat'>(7,</span> <span class='ocrx_word' id='word_1_263' title='bbox 851 3371 936 3455; x_wconf 84' lang='lat'><strong>137).</strong></span> 
     </span>
    </p>
   </div>
   <div class='ocr_carea' id='block_1_6' title="bbox 167 3510 1532 4442">
    <p class='ocr_par' dir='ltr' id='par_1_8' title="bbox 219 3510 1485 3606">
     <span class='ocr_line' id='line_1_28' title="bbox 219 3510 1485 3606; baseline 0.002 -16"><span class='ocrx_word' id='word_1_264' title='bbox 219 3510 1485 3606; x_wconf 78' lang='lat' dir='ltr'>785·1345,11janvr&#39;er.</span> 
     </span>
    </p>

    <p class='ocr_par' dir='ltr' id='par_1_9' title="bbox 167 3624 1532 4442">
     <span class='ocr_line' id='line_1_29' title="bbox 212 3624 1530 3715; baseline 0.002 -23"><span class='ocrx_word' id='word_1_265' title='bbox 212 3629 301 3712; x_wconf 91' lang='lat' dir='ltr'>Sign.</span> <span class='ocrx_word' id='word_1_266' title='bbox 324 3627 507 3707; x_wconf 88' lang='lat' dir='ltr'>Johannes,</span> <span class='ocrx_word' id='word_1_267' title='bbox 523 3647 582 3691; x_wconf 83' lang='lat' dir='ltr'>rex</span> <span class='ocrx_word' id='word_1_268' title='bbox 594 3624 733 3692; x_wconf 89' lang='lat' dir='ltr'>Boemie</span> <span class='ocrx_word' id='word_1_269' title='bbox 748 3636 768 3708; x_wconf 84' lang='lat'>³,</span> <span class='ocrx_word' id='word_1_270' title='bbox 782 3628 872 3712; x_wconf 94' lang='lat' dir='ltr'>quod</span> <span class='ocrx_word' id='word_1_271' title='bbox 888 3648 994 3713; x_wconf 90' lang='lat' dir='ltr'>nuper</span> <span class='ocrx_word' id='word_1_272' title='bbox 1009 3628 1041 3692; x_wconf 88' lang='lat' dir='ltr'>S.</span> <span class='ocrx_word' id='word_1_273' title='bbox 1057 3627 1107 3708; x_wconf 94' lang='lat' dir='ltr'>V.,</span> <span class='ocrx_word' id='word_1_274' title='bbox 1124 3626 1167 3691; x_wconf 91' lang='lat' dir='ltr'>ad</span> <span class='ocrx_word' id='word_1_275' title='bbox 1190 3626 1338 3709; x_wconf 86' lang='lat' dir='ltr'>ejusdem</span> <span class='ocrx_word' id='word_1_276' title='bbox 1354 3630 1439 3713; x_wconf 90' lang='lat' dir='ltr'>regis</span> <span class='ocrx_word' id='word_1_277' title='bbox 1454 3651 1530 3715; x_wconf 92' lang='lat' dir='ltr'>sup·</span> 
     </span>
     <span class='ocr_line' id='line_1_30' title="bbox 167 3729 1529 3817; baseline 0.002 -22"><span class='ocrx_word' id='word_1_278' title='bbox 167 3731 396 3817; x_wconf 89' lang='lat' dir='ltr'>plicationem,</span> <span class='ocrx_word' id='word_1_279' title='bbox 412 3730 579 3798; x_wconf 88' lang='lat' dir='ltr'>concessit</span> <span class='ocrx_word' id='word_1_280' title='bbox 595 3730 684 3795; x_wconf 83' lang='lat' dir='ltr'>fratri</span> <span class='ocrx_word' id='word_1_281' title='bbox 701 3729 849 3808; x_wconf 89' lang='lat' dir='ltr'>Johanni</span> <span class='ocrx_word' id='word_1_282' title='bbox 864 3732 906 3797; x_wconf 94' lang='lat' dir='ltr'>de</span> <span class='ocrx_word' id='word_1_283' title='bbox 929 3732 1101 3798; x_wconf 90' lang='lat' dir='ltr'>Dionanto</span> <span class='ocrx_word' id='word_1_284' title='bbox 1116 3742 1136 3812; x_wconf 81' lang='lat'>⁴,</span> <span class='ocrx_word' id='word_1_285' title='bbox 1154 3731 1323 3796; x_wconf 90' lang='lat' dir='ltr'>monacho</span> <span class='ocrx_word' id='word_1_286' title='bbox 1337 3735 1529 3798; x_wconf 90' lang='lat' dir='ltr'>monasterii</span> 
     </span>
     <span class='ocr_line' id='line_1_31' title="bbox 168 3833 1530 3921; baseline 0.002 -21"><span class='ocrx_word' id='word_1_287' title='bbox 168 3834 200 3900; x_wconf 88' lang='lat' dir='ltr'>S.</span> <span class='ocrx_word' id='word_1_288' title='bbox 214 3834 359 3900; x_wconf 90' lang='lat' dir='ltr'>Huberti</span> <span class='ocrx_word' id='word_1_289' title='bbox 376 3836 409 3901; x_wconf 93' lang='lat' dir='ltr'>in</span> <span class='ocrx_word' id='word_1_290' title='bbox 439 3835 610 3914; x_wconf 86' lang='lat' dir='ltr'>Ardenna‚</span> <span class='ocrx_word' id='word_1_291' title='bbox 627 3834 668 3900; x_wconf 92' lang='grc' dir='ltr'>Ο.</span> <span class='ocrx_word' id='word_1_292' title='bbox 696 3835 728 3902; x_wconf 92' lang='lat' dir='ltr'>S.</span> <span class='ocrx_word' id='word_1_293' title='bbox 750 3835 800 3917; x_wconf 81' lang='lat' dir='ltr'>B,</span> <span class='ocrx_word' id='word_1_294' title='bbox 816 3834 978 3903; x_wconf 91' lang='lat' dir='ltr'>Leodien.</span> <span class='ocrx_word' id='word_1_295' title='bbox 1003 3836 1101 3916; x_wconf 77' lang='lat' dir='ltr'>dioc,</span> <span class='ocrx_word' id='word_1_296' title='bbox 1128 3856 1169 3901; x_wconf 91' lang='lat' dir='ltr'>ac</span> <span class='ocrx_word' id='word_1_297' title='bbox 1191 3833 1292 3919; x_wconf 91' lang='lat' dir='ltr'>priori</span> <span class='ocrx_word' id='word_1_298' title='bbox 1318 3835 1483 3921; x_wconf 87' lang='lat' dir='ltr'>prioratus</span> <span class='ocrx_word' id='word_1_299' title='bbox 1499 3839 1530 3904; x_wconf 87' lang='lat' dir='ltr'>S.</span> 
     </span>
     <span class='ocr_line' id='line_1_32' title="bbox 169 3937 1531 4024; baseline 0.002 -21"><span class='ocrx_word' id='word_1_300' title='bbox 169 3937 356 4005; x_wconf 89' lang='lat' dir='ltr'>Theobaldi</span> <span class='ocrx_word' id='word_1_301' title='bbox 372 3939 415 4004; x_wconf 93' lang='lat' dir='ltr'>de</span> <span class='ocrx_word' id='word_1_302' title='bbox 431 3938 722 4024; x_wconf 86' lang='lat' dir='ltr'>Castroportiensi,</span> <span class='ocrx_word' id='word_1_303' title='bbox 738 3941 820 4007; x_wconf 90' lang='lat' dir='ltr'>dicti</span> <span class='ocrx_word' id='word_1_304' title='bbox 837 3941 918 4024; x_wconf 79' lang='lat' dir='ltr'>ord,</span> <span class='ocrx_word' id='word_1_305' title='bbox 936 3940 1077 4006; x_wconf 89' lang='lat' dir='ltr'>Remen.</span> <span class='ocrx_word' id='word_1_306' title='bbox 1093 3939 1190 4020; x_wconf 86' lang='lat' dir='ltr'>dioc,</span> <span class='ocrx_word' id='word_1_307' title='bbox 1208 3939 1238 4002; x_wconf 90' lang='lat' dir='ltr'>ei</span> <span class='ocrx_word' id='word_1_308' title='bbox 1254 3959 1314 4024; x_wconf 88' lang='lat' dir='ltr'>per</span> <span class='ocrx_word' id='word_1_309' title='bbox 1328 3939 1419 4006; x_wconf 94' lang='lat' dir='ltr'>dom.</span> <span class='ocrx_word' id='word_1_310' title='bbox 1437 3941 1531 4006; x_wconf 89' lang='lat' dir='ltr'>Hen-</span> 
     </span>
     <span class='ocr_line' id='line_1_33' title="bbox 168 4043 1532 4132; baseline 0.004 -26"><span class='ocrx_word' id='word_1_311' title='bbox 168 4043 275 4108; x_wconf 90' lang='lat' dir='ltr'>ricum</span> <span class='ocrx_word' id='word_1_312' title='bbox 291 4045 366 4108; x_wconf 93' lang='lat' dir='ltr'>abb.</span> <span class='ocrx_word' id='word_1_313' title='bbox 382 4043 463 4109; x_wconf 92' lang='lat' dir='ltr'>dicti</span> <span class='ocrx_word' id='word_1_314' title='bbox 479 4043 683 4124; x_wconf 89' lang='lat' dir='ltr'>monasterii,</span> <span class='ocrx_word' id='word_1_315' title='bbox 699 4064 805 4128; x_wconf 92' lang='lat' dir='ltr'>usque</span> <span class='ocrx_word' id='word_1_316' title='bbox 831 4045 873 4109; x_wconf 92' lang='lat' dir='ltr'>ad</span> <span class='ocrx_word' id='word_1_317' title='bbox 900 4043 1048 4129; x_wconf 88' lang='lat' dir='ltr'>ejusdem</span> <span class='ocrx_word' id='word_1_318' title='bbox 1064 4043 1193 4108; x_wconf 89' lang='lat' dir='ltr'>abbatis</span> <span class='ocrx_word' id='word_1_319' title='bbox 1208 4044 1456 4128; x_wconf 88' lang='lat' dir='ltr'>beneplacitum</span> <span class='ocrx_word' id='word_1_320' title='bbox 1472 4067 1532 4132; x_wconf 90' lang='lat' dir='ltr'>per</span> 
     </span>
     <span class='ocr_line' id='line_1_34' title="bbox 170 4141 1531 4233; baseline 0.004 -23"><span class='ocrx_word' id='word_1_321' title='bbox 170 4166 247 4211; x_wconf 92' lang='lat' dir='ltr'>suas</span> <span class='ocrx_word' id='word_1_322' title='bbox 263 4141 403 4228; x_wconf 67' lang='lat' dir='ltr'>litteras}</span> <span class='ocrx_word' id='word_1_323' title='bbox 416 4156 453 4213; x_wconf 90' lang='lat' dir='ltr'>ut</span> <span class='ocrx_word' id='word_1_324' title='bbox 468 4147 570 4214; x_wconf 91' lang='lat' dir='ltr'>moris</span> <span class='ocrx_word' id='word_1_325' title='bbox 586 4157 647 4229; x_wconf 88' lang='lat' dir='ltr'>est,</span> <span class='ocrx_word' id='word_1_326' title='bbox 664 4147 893 4214; x_wconf 89' lang='lat' dir='ltr'>commendati</span> <span class='ocrx_word' id='word_1_327' title='bbox 909 4155 932 4230; x_wconf 75' lang='lat'>⁸,</span> <span class='ocrx_word' id='word_1_328' title='bbox 949 4147 1039 4233; x_wconf 94' lang='lat' dir='ltr'>quod</span> <span class='ocrx_word' id='word_1_329' title='bbox 1055 4150 1097 4213; x_wconf 93' lang='lat' dir='ltr'>ab</span> <span class='ocrx_word' id='word_1_330' title='bbox 1114 4148 1186 4232; x_wconf 93' lang='lat' dir='ltr'>ipso</span> <span class='ocrx_word' id='word_1_331' title='bbox 1209 4147 1357 4233; x_wconf 90' lang='lat' dir='ltr'>prioratu</span> <span class='ocrx_word' id='word_1_332' title='bbox 1373 4150 1531 4232; x_wconf 91' lang='lat' dir='ltr'>quamdiu</span> 
     </span>
     <span class='ocr_line' id='line_1_35' title="bbox 169 4249 1530 4341; baseline 0.004 -28"><span class='ocrx_word' id='word_1_333' title='bbox 169 4249 301 4332; x_wconf 83' lang='lat' dir='ltr'>vixerit,</span> <span class='ocrx_word' id='word_1_334' title='bbox 316 4270 377 4335; x_wconf 93' lang='lat' dir='ltr'>pro</span> <span class='ocrx_word' id='word_1_335' title='bbox 392 4252 464 4317; x_wconf 87' lang='lat' dir='ltr'>sola</span> <span class='ocrx_word' id='word_1_336' title='bbox 480 4254 665 4332; x_wconf 87' lang='lat' dir='ltr'>voluntate,</span> <span class='ocrx_word' id='word_1_337' title='bbox 682 4253 808 4336; x_wconf 93' lang='lat' dir='ltr'>absque</span> <span class='ocrx_word' id='word_1_338' title='bbox 835 4253 901 4317; x_wconf 93' lang='lat' dir='ltr'>alia</span> <span class='ocrx_word' id='word_1_339' title='bbox 925 4272 1034 4332; x_wconf 91' lang='lat' dir='ltr'>causa,</span> <span class='ocrx_word' id='word_1_340' title='bbox 1051 4251 1198 4317; x_wconf 90' lang='lat' dir='ltr'>amoveri</span> <span class='ocrx_word' id='word_1_341' title='bbox 1215 4271 1281 4341; x_wconf 89' lang='lat' dir='ltr'>non</span> <span class='ocrx_word' id='word_1_342' title='bbox 1304 4260 1428 4336; x_wconf 87' lang='lat' dir='ltr'>posset.</span> <span class='ocrx_word' id='word_1_343' title='bbox 1445 4253 1530 4319; x_wconf 92' lang='lat' dir='ltr'>Cum</span> 
     </span>
     <span class='ocr_line' id='line_1_36' title="bbox 169 4353 1531 4442; baseline 0.004 -24"><span class='ocrx_word' id='word_1_344' title='bbox 169 4360 285 4419; x_wconf 85' lang='lat' dir='ltr'>autem</span> <span class='ocrx_word' id='word_1_345' title='bbox 302 4353 334 4418; x_wconf 94' lang='lat' dir='ltr'>in</span> <span class='ocrx_word' id='word_1_346' title='bbox 351 4353 441 4421; x_wconf 90' lang='lat' dir='ltr'>dicta</span> <span class='ocrx_word' id='word_1_347' title='bbox 456 4355 701 4442; x_wconf 89' lang='lat' dir='ltr'>supplicatione</span> <span class='ocrx_word' id='word_1_348' title='bbox 716 4355 864 4442; x_wconf 91' lang='lat' dir='ltr'>positum</span> <span class='ocrx_word' id='word_1_349' title='bbox 892 4354 991 4420; x_wconf 88' lang='lat' dir='ltr'>fuerit</span> <span class='ocrx_word' id='word_1_350' title='bbox 1006 4375 1066 4441; x_wconf 91' lang='lat' dir='ltr'>per</span> <span class='ocrx_word' id='word_1_351' title='bbox 1090 4374 1245 4436; x_wconf 87' lang='lat' dir='ltr'>errorem,</span> <span class='ocrx_word' id='word_1_352' title='bbox 1262 4356 1351 4440; x_wconf 92' lang='lat' dir='ltr'>quod</span> <span class='ocrx_word' id='word_1_353' title='bbox 1372 4360 1473 4423; x_wconf 84' lang='lat' dir='ltr'><strong>abbas</strong></span> <span class='ocrx_word' id='word_1_354' title='bbox 1496 4370 1531 4424; x_wconf 89' lang='lat' dir='ltr'>et</span> 
     </span>
    </p>
   </div>
   <div class='ocr_carea' id='block_1_7' title="bbox 202 4539 509 4602">
    <p class='ocr_par' dir='ltr' id='par_1_10' title="bbox 202 4539 509 4602">
     <span class='ocr_line' id='line_1_37' title="bbox 202 4539 509 4602; baseline 0.01 -13"><span class='ocrx_word' id='word_1_355' title='bbox 202 4541 231 4602; x_wconf 82' lang='lat' dir='ltr'>a)</span> <span class='ocrx_word' id='word_1_356' title='bbox 247 4539 304 4590; x_wconf 83' lang='lat' dir='ltr'>(bd.</span> <span class='ocrx_word' id='word_1_357' title='bbox 316 4543 509 4592; x_wconf 86' lang='lat' dir='ltr'>Commendato.</span> 
     </span>
    </p>
   </div>
   <div class='ocr_carea' id='block_1_8' title="bbox 172 4742 1532 5027">
    <p class='ocr_par' dir='ltr' id='par_1_11' title="bbox 172 4742 1532 5027">
     <span class='ocr_line' id='line_1_38' title="bbox 205 4742 1532 4806; baseline 0.003 -16"><span class='ocrx_word' id='word_1_358' title='bbox 205 4745 227 4791; x_wconf 93' lang='lat' dir='ltr'>l.</span> <span class='ocrx_word' id='word_1_359' title='bbox 248 4743 383 4792; x_wconf 82' lang='lat' dir='ltr'>Bandoulu</span> <span class='ocrx_word' id='word_1_360' title='bbox 403 4744 434 4792; x_wconf 89' lang='lat' dir='ltr'>de</span> <span class='ocrx_word' id='word_1_361' title='bbox 455 4744 583 4793; x_wconf 78' lang='lat' dir='ltr'>Steinfurt</span> <span class='ocrx_word' id='word_1_362' title='bbox 605 4745 708 4806; x_wconf 72' lang='lat' dir='ltr'>(Eubel</span> <span class='ocrx_word' id='word_1_363' title='bbox 723 4745 742 4794; x_wconf 86' lang='lat' dir='ltr'>I.</span> <span class='ocrx_word' id='word_1_364' title='bbox 756 4744 825 4805; x_wconf 75' lang='lat' dir='ltr'>los).</span> <span class='ocrx_word' id='word_1_365' title='bbox 837 4773 869 4779; x_wconf 83' lang='lat'><em>-</em></span> <span class='ocrx_word' id='word_1_366' title='bbox 886 4747 909 4792; x_wconf 82' lang='lat'>2.</span> <span class='ocrx_word' id='word_1_367' title='bbox 923 4743 946 4791; x_wconf 96' lang='lat' dir='ltr'>ll</span> <span class='ocrx_word' id='word_1_368' title='bbox 957 4742 1065 4791; x_wconf 78' lang='lat' dir='ltr'>succede</span> <span class='ocrx_word' id='word_1_369' title='bbox 1076 4744 1092 4791; x_wconf 75' lang='lat' dir='ltr'><strong>b</strong></span> <span class='ocrx_word' id='word_1_370' title='bbox 1104 4742 1251 4793; x_wconf 79' lang='lat' dir='ltr'>Guillaume</span> <span class='ocrx_word' id='word_1_371' title='bbox 1263 4746 1326 4794; x_wconf 84' lang='lat' dir='ltr'>Lose</span> <span class='ocrx_word' id='word_1_372' title='bbox 1338 4745 1362 4793; x_wconf 91' lang='lat' dir='ltr'>le</span> <span class='ocrx_word' id='word_1_373' title='bbox 1374 4748 1388 4793; x_wconf 98' lang='grc'><strong>7</strong></span> <span class='ocrx_word' id='word_1_374' title='bbox 1399 4744 1532 4806; x_wconf 80' lang='lat' dir='ltr'>juin1339</span> 
     </span>
     <span class='ocr_line' id='line_1_39' title="bbox 172 4815 1530 4881; baseline 0 -18"><span class='ocrx_word' id='word_1_375' title='bbox 172 4816 208 4876; x_wconf 87' lang='lat' dir='ltr'>(V</span> <span class='ocrx_word' id='word_1_376' title='bbox 211 4815 268 4874; x_wconf 74' lang='lat' dir='ltr'>idol,</span> <span class='ocrx_word' id='word_1_377' title='bbox 282 4831 311 4865; x_wconf 88' lang='lat' dir='ltr'>n.</span> <span class='ocrx_word' id='word_1_378' title='bbox 321 4817 406 4878; x_wconf 79' lang='grc'>6694).</span> <span class='ocrx_word' id='word_1_379' title='bbox 418 4845 449 4852; x_wconf 83' lang='lat'>-</span> <span class='ocrx_word' id='word_1_380' title='bbox 466 4819 489 4866; x_wconf 83' lang='lat'>3.</span> <span class='ocrx_word' id='word_1_381' title='bbox 502 4818 538 4866; x_wconf 81' lang='lat' dir='ltr'>La</span> <span class='ocrx_word' id='word_1_382' title='bbox 550 4818 686 4881; x_wconf 82' lang='lat' dir='ltr'>suppllque</span> <span class='ocrx_word' id='word_1_383' title='bbox 697 4821 723 4866; x_wconf 83' lang='lat' dir='ltr'>et</span> <span class='ocrx_word' id='word_1_384' title='bbox 736 4818 761 4866; x_wconf 81' lang='lat' dir='ltr'>la</span> <span class='ocrx_word' id='word_1_385' title='bbox 773 4817 844 4866; x_wconf 89' lang='lat' dir='ltr'>bulle</span> <span class='ocrx_word' id='word_1_386' title='bbox 854 4817 1069 4879; x_wconf 76' lang='lat' dir='ltr'>correspondente</span> <span class='ocrx_word' id='word_1_387' title='bbox 1079 4820 1127 4864; x_wconf 87' lang='lat' dir='ltr'>ont</span> <span class='ocrx_word' id='word_1_388' title='bbox 1139 4815 1180 4865; x_wconf 73' lang='lat' dir='ltr'>ete</span> <span class='ocrx_word' id='word_1_389' title='bbox 1191 4817 1306 4880; x_wconf 72' lang='lat' dir='ltr'>publides</span> <span class='ocrx_word' id='word_1_390' title='bbox 1316 4817 1381 4866; x_wconf 78' lang='lat' dir='ltr'>daus</span> <span class='ocrx_word' id='word_1_391' title='bbox 1392 4819 1460 4868; x_wconf 82' lang='lat' dir='ltr'>Mon.</span> <span class='ocrx_word' id='word_1_392' title='bbox 1477 4820 1530 4868; x_wconf 71' lang='lat' dir='ltr'>Vol.</span> 
     </span>
     <span class='ocr_line' id='line_1_40' title="bbox 173 4889 1531 4954; baseline 0.003 -18"><span class='ocrx_word' id='word_1_393' title='bbox 173 4889 245 4948; x_wconf 69' lang='lat' dir='ltr'>Boia,</span> <span class='ocrx_word' id='word_1_394' title='bbox 254 4889 274 4948; x_wconf 87' lang='lat'>1,</span> <span class='ocrx_word' id='word_1_395' title='bbox 288 4905 312 4938; x_wconf 89' lang='lat' dir='ltr'>n.</span> <span class='ocrx_word' id='word_1_396' title='bbox 320 4891 374 4949; x_wconf 81' lang='grc'>476,</span> <span class='ocrx_word' id='word_1_397' title='bbox 385 4891 440 4938; x_wconf 83' lang='grc'><strong>477.</strong></span> <span class='ocrx_word' id='word_1_398' title='bbox 452 4895 518 4939; x_wconf 74' lang='grc'>-4,</span> <span class='ocrx_word' id='word_1_399' title='bbox 537 4891 561 4939; x_wconf 93' lang='lat' dir='ltr'>ll</span> <span class='ocrx_word' id='word_1_400' title='bbox 572 4893 653 4954; x_wconf 86' lang='lat' dir='ltr'>figure</span> <span class='ocrx_word' id='word_1_401' title='bbox 668 4905 759 4940; x_wconf 87' lang='lat' dir='ltr'>encore</span> <span class='ocrx_word' id='word_1_402' title='bbox 777 4905 876 4940; x_wconf 88' lang='lat' dir='ltr'>comme</span> <span class='ocrx_word' id='word_1_403' title='bbox 893 4891 980 4953; x_wconf 88' lang='lat' dir='ltr'>prieur</span> <span class='ocrx_word' id='word_1_404' title='bbox 998 4889 1030 4939; x_wconf 90' lang='lat' dir='ltr'>de</span> <span class='ocrx_word' id='word_1_405' title='bbox 1049 4889 1282 4940; x_wconf 60' lang='lat' dir='ltr'>charan-Porum</span> <span class='ocrx_word' id='word_1_406' title='bbox 1300 4907 1332 4940; x_wconf 87' lang='lat' dir='ltr'>en</span> <span class='ocrx_word' id='word_1_407' title='bbox 1352 4894 1414 4941; x_wconf 79' lang='lat'>1348</span> <span class='ocrx_word' id='word_1_408' title='bbox 1426 4898 1452 4942; x_wconf 85' lang='lat' dir='ltr'>et</span> <span class='ocrx_word' id='word_1_409' title='bbox 1470 4896 1531 4943; x_wconf 74' lang='lat'>1349</span> 
     </span>
     <span class='ocr_line' id='line_1_41' title="bbox 172 4963 960 5027; baseline 0.004 -17"><span class='ocrx_word' id='word_1_410' title='bbox 172 4963 281 5025; x_wconf 78' lang='lat' dir='ltr'>(Kurth,</span> <span class='ocrx_word' id='word_1_411' title='bbox 298 4963 402 5013; x_wconf 70' lang='lat' dir='ltr'>Clarias</span> <span class='ocrx_word' id='word_1_412' title='bbox 412 4963 444 5012; x_wconf 74' lang='lat' dir='ltr'>de</span> <span class='ocrx_word' id='word_1_413' title='bbox 457 4963 573 5027; x_wconf 71' lang='lat' dir='ltr'>Fallaye</span> <span class='ocrx_word' id='word_1_414' title='bbox 583 4964 614 5014; x_wconf 79' lang='lat' dir='ltr'>de</span> <span class='ocrx_word' id='word_1_415' title='bbox 625 4965 775 5024; x_wconf 68' lang='lat' dir='ltr'>sensuum,</span> <span class='ocrx_word' id='word_1_416' title='bbox 790 4964 808 5026; x_wconf 79' lang='lat'>1„</span> <span class='ocrx_word' id='word_1_417' title='bbox 823 4967 877 5024; x_wconf 82' lang='grc'>661,</span> <span class='ocrx_word' id='word_1_418' title='bbox 890 4964 960 5026; x_wconf 85' lang='grc'>569).</span> 
     </span>
    </p>
   </div>
   <div class='ocr_carea' id='block_1_9' title="bbox 0 0 1841 5675">
    <p class='ocr_par' dir='ltr' id='par_1_12' title="bbox 0 0 1841 5675">
     <span class='ocr_line' id='line_1_42' title="bbox 0 0 1841 5675; baseline 0 0"><span class='ocrx_word' id='word_1_419' title='bbox 0 0 1841 5675; x_wconf 95' lang='lat' dir='ltr'> </span> 
     </span>
    </p>
   </div>
  </div>
 </body>
</html>
