3650 5675
743 598 829 671 tall,
855 598 883 661 11
907 568 991 662 avril.
1492 606 1549 672 165

189 747 348 814 Leodien.
370 750 468 831 dioc.,
496 771 598 835 quam
623 749 793 835 quondam
817 748 837 827 J
841 750 993 815 ohannes
1018 750 1061 816 de
1086 752 1193 836 Aquis
1204 763 1223 833 ¹,
1250 753 1341 819 dicte
1356 755 1453 838 dioc.,
1469 758 1549 822 dum

188 854 328 934 viveret,
345 855 528 935 obtinebat,
545 875 617 921 vac.
633 854 722 940 apud
746 854 815 920 sed.
831 862 951 939 apost,
967 875 1029 939 pro
1043 877 1086 921 eo
1106 856 1198 940 quod
1212 856 1244 921 S.
1260 855 1300 921 V.
1317 860 1431 924 omnia
1444 863 1548 925 bene-

189 958 266 1022 ficia
282 957 361 1023 dicti
377 956 553 1041 Johannis,
570 965 650 1023 ante
675 966 821 1023 mortem
848 958 929 1043 ejuS,
960 978 998 1023 10
1024 958 1090 1024 kal.
1117 980 1196 1025 nov.
1221 968 1315 1045 pont.
1332 962 1433 1026 vestn'
1457 972 1492 1028 a⁰
1508 972 1550 1043 2⁰,

190 1061 363 1126 collationi
379 1060 466 1127 sedis
482 1070 591 1147 apost.
617 1061 809 1143 reservavit,
834 1059 1017 1145 dignemini
1043 1063 1243 1148 providere;
1265 1084 1334 1129 non
1358 1068 1445 1131 obst.
1461 1068 1552 1151 quod

189 1186 263 1230 can.
280 1173 314 1229 et
329 1168 422 1251 preb.
437 1166 469 1232 S.
485 1165 505 1244 J
507 1166 651 1231 ohannis
677 1164 837 1232 Leodien.
854 1166 995 1247 obtinet,
1018 1174 1053 1230 et
1079 1166 1122 1232 de
1142 1187 1217 1232 can.
1233 1176 1268 1232 et
1293 1172 1386 1253 preb.
1403 1169 1435 1236 S.
1449 1169 1552 1235 Adel·

188 1271 275 1335 berti
291 1278 385 1336 extra
408 1292 520 1337 muros
536 1266 720 1355 Aquenses,
736 1270 827 1337 dicte
854 1268 1015 1336 Leodien.
1041 1270 1139 1350 dioc.,
1166 1271 1393 1354 ecclesiarum,
1410 1294 1552 1358 quorum

190 1394 263 1440 can.
281 1384 316 1439 et
332 1377 424 1461 preb.
451 1376 483 1441 S.
509 1374 684 1441 Adelberti
699 1375 835 1457 fructus,
851 1373 1033 1441 redditus...
1053 1394 1089 1459 15
1105 1375 1162 1440 lib.
1186 1374 1265 1439 Tur.
1281 1396 1385 1461 parv,
1401 1398 1468 1443 sec.
1483 1386 1552 1445 tax.

190 1477 332 1560 decime,
347 1499 417 1544 non
433 1480 609 1560 excedunt,
627 1479 746 1565 litigat,
763 1488 798 1544 et
824 1477 916 1563 quod
931 1478 974 1544 de
1000 1499 1075 1544 can.
1091 1478 1173 1543 eccl.
1202 1476 1241 1543 B.
1259 1477 1308 1544 M.
1324 1480 1358 1544 in
1383 1480 1553 1567 Capitolio

189 1580 365 1647 Colonien.
391 1586 451 1649 sub
468 1605 543 1670 exp.
558 1587 652 1670 preb.
667 1604 708 1649 ac
734 1583 954 1669 prestimonii,
978 1584 1079 1649 curtis
1107 1590 1142 1647 et
1170 1583 1321 1664 ecclesie,
1337 1585 1381 1649 sit
1396 1606 1455 1671 per
1470 1586 1502 1652 S.
1513 1585 1553 1653 V.

190 1685 300 1751 eidem
327 1688 506 1772 provisum,
543 1688 596 1754 cui
633 1687 860 1773 expectationi
890 1707 950 1752 seu
975 1686 1081 1772 gratie
1111 1694 1247 1772 paratus
1277 1696 1328 1753 est
1355 1690 1553 1772 renuntiare,

189 1790 451 1875 quamprimum
467 1792 557 1858 dicte
572 1792 724 1877 parroch.
741 1793 823 1857 eccl.
841 1790 1087 1876 possessionem
1102 1789 1200 1855 fuerit
1215 1791 1357 1876 pacifice
1373 1801 1554 1861 assecutus.

189 1934 233 1943 -
258 1892 335 1959 Fiat
353 1894 395 1960 R.

234 1996 314 2062 Dat.
329 1999 429 2065 Avin.
448 2021 465 2085 3
483 1999 526 2065 id.
544 2001 638 2087 april.
654 2008 687 2066 a⁰
704 2008 746 2066 2⁰.
763 2001 814 2081 (4,
833 2002 924 2083 278).

242 2136 360 2219 698.
836 2218 840 2229 ,
1243 2170 1338 2235 1344,
1355 2172 1396 2215 rr
1412 2152 1509 2217 avril.

205 2330 208 2335 Ι
234 2253 336 2340 Supp.
351 2253 519 2333 johanna,
548 2252 689 2319 Francie
716 2262 751 2319 et
778 2252 933 2319 Navarre
957 2254 1080 2338 regina,
1106 2262 1198 2338 quat.
1218 2252 1419 2339 [Godefrido
1435 2254 1554 2335 Cavot,

190 2360 313 2442 presb,
329 2356 420 2443 cap]
448 2356 487 2423 B.
505 2356 554 2424 M.
581 2358 615 2422 in
631 2358 713 2423 eccl.
730 2358 762 2423 S.
786 2356 908 2435 Jacobi
937 2356 1150 2438 NivellensiS,
1167 2355 1328 2424 Leodien.
1353 2358 1451 2438 dioc.,
1477 2362 1554 2425 ben.

191 2461 271 2526 eccl.
287 2459 330 2525 ad
346 2462 421 2527 coll.
438 2462 538 2547 episc.
555 2469 589 2525 et
605 2460 959 2547 cap.Leodien.,cujus
973 2460 1098 2526 fructus
1113 2461 1140 2525 si
1156 2482 1186 2527 c.
1198 2482 1227 2527 c.
1241 2480 1292 2545 70,
1304 2462 1332 2527 si
1347 2483 1372 2527 s.
1389 2484 1418 2528 c.
1433 2462 1556 2528 fuerint

194 2580 234 2644 50
251 2562 307 2628 lib.
322 2562 401 2628 Tur.
417 2582 521 2648 parv,
537 2563 720 2649 dignemini
735 2584 914 2629 reservare.
930 2604 974 2612 -
990 2562 1069 2629 Fiat
1084 2562 1125 2629 R.

235 2664 314 2731 Dat.
331 2666 430 2732 Avin.
445 2688 461 2751 3
480 2666 523 2733 id.
539 2668 633 2753 april.
650 2674 682 2731 a⁰
699 2674 740 2733 2⁰.
757 2671 808 2749 (4,
827 2669 932 2753 279⁹).

245 2803 361 2888 699.
1243 2839 1339 2904 1344,
1357 2841 1397 2884 rr
1414 2821 1512 2885 avril.

237 2921 338 3008 Supp.
353 2922 519 2988 Amaldus
535 2921 577 2987 de
594 2921 741 2988 Boscato
756 2937 778 3004 ²,
793 2923 954 3004 subdiac,
967 2923 1101 2988 scolaris
1115 2923 1150 2988 in
1163 2924 1235 3008 jure
1247 2924 1322 3005 civ,
1336 2921 1557 3010 Burdegalen.

192 3025 290 3105 dioc.,
305 3024 345 3090 R.
356 3024 393 3090 P.
409 3023 710 3110 dom.G(uidonis),
722 3024 940 3091 cameracen.
956 3025 1069 3112 episc,
1080 3026 1258 3092 continuus
1272 3035 1308 3093 et
1322 3028 1478 3112 antiquus
1492 3049 1558 3092 ser-

193 3127 291 3208 vitor,
308 3127 384 3214 [pro
399 3126 467 3194 ind.
491 3129 524 3192 in
541 3136 603 3194 art.
618 3127 748 3215 mort.].
763 3168 806 3178 -
823 3127 900 3193 Fiat
917 3127 957 3193 R.

238 3227 325 3294 Item
341 3231 449 3318 suppl.
465 3240 558 3314 quat.
574 3233 635 3298 sibi
658 3231 700 3297 de
722 3232 962 3298 tabellionatus
974 3231 1087 3302 officio
1101 3233 1283 3318 dignemini
1306 3234 1491 3320 providere.
1519 3273 1551 3284 —

195 3331 272 3400 Fiat
290 3333 330 3400 R.

237 3437 317 3503 Dat.
333 3438 432 3503 Aviu.
451 3459 468 3522 3
485 3438 529 3504 id.
546 3439 642 3526 april.
660 3447 693 3505 a⁰
710 3447 752 3505 2⁰.
769 3442 820 3522 (4,
839 3441 927 3523 282).

245 3577 365 3659 700.
1245 3612 1340 3675 1344,
1357 3613 1397 3656 ιι
1414 3595 1511 3658 avril.

238 3694 326 3779 Sign.
342 3701 453 3760 vester
469 3696 546 3760 cler.
562 3702 597 3758 et
613 3693 717 3759 famil.
734 3691 899 3760 Nicolaus
916 3692 1056 3759 Martini
1071 3703 1092 3776 ³,
1119 3694 1151 3760 S.
1163 3680 1322 3780 'Dyonisii
1337 3703 1373 3758 et
1387 3696 1419 3760 S.
1442 3696 1557 3762 Crucis

193 3820 267 3864 can.
284 3797 443 3865 Leodien.
456 3798 682 3880 ecclesiarum,
698 3797 789 3890 qnod
803 3799 838 3862 in
854 3798 993 3884 prefatis
1007 3799 1157 3865 ecclesiis
1171 3806 1248 3863 sunt
1263 3798 1408 3884 quedam
1419 3808 1555 3880 statuta,

192 3924 253 3990 per
277 3903 424 3988 capitula
458 3902 605 3987 ipsarum
628 3901 844 3966 ecclesiarum
869 3906 1066 3988 approbata,
1096 3901 1188 3986 quod
1213 3901 1371 3968 videlicet
1402 3904 1555 3970 canonici

192 4008 339 4094 ipsarum
355 4007 582 4088 ecclesiarum,
598 4005 655 4090 qui
670 4006 704 4070 in
719 4006 783 4071 illis
799 4027 868 4072 non
884 4007 1035 4073 fecerunt
1058 4027 1118 4093 per
1143 4007 1227 4072 duos
1243 4026 1350 4072 annos
1365 4007 1419 4071 vel
1446 4006 1556 4071 minus

192 4112 335 4199 primam
351 4111 567 4178 residentiam
591 4110 814 4196 personalem,
841 4131 910 4176 non
937 4111 1126 4197 percipiant
1153 4111 1270 4176 omnes
1284 4110 1410 4175 fructus
1424 4130 1556 4194 grossos

191 4235 308 4280 eorum
323 4213 578 4300 prebendarum,
594 4214 680 4281 sicut
695 4213 821 4280 faciunt
836 4215 883 4279 illi
896 4214 1051 4281 canonici
1066 4213 1123 4297 qui
1148 4213 1275 4279 dictam
1289 4213 1505 4279 residentiam
1520 4214 1554 4279 in

192 4319 256 4384 illis
270 4319 419 4405 partibus
434 4318 699 4403 compleverunt.
712 4318 824 4402 Quare
840 4338 936 4402 supp.
951 4317 1099 4403 prefatus
1115 4315 1289 4397 Nicolaus,
1301 4325 1392 4401 quat.
1401 4318 1461 4383 sibi
1475 4339 1554 4384 con-

191 4421 310 4488 cedere
326 4421 508 4506 dignemini
536 4428 570 4485 et
591 4442 668 4486 cum
695 4443 737 4486 eo
752 4421 955 4507 dispensare,
971 4428 1009 4485 ut
1024 4419 1115 4504 quod
1129 4420 1223 4486 nullo
1237 4440 1386 4504 unquam
1401 4430 1555 4507 tempore

191 4524 235 4589 ad
260 4526 471 4610 personalem
494 4523 709 4590 residentiam
731 4523 919 4611 predictam
942 4522 1133 4589 faciendam
1162 4525 1197 4589 in
1226 4525 1306 4612 ipsis
1329 4526 1477 4591 ecclesiis
1500 4528 1554 4591 vel

193 4647 307 4693 earum
330 4629 437 4693 altera
452 4636 617 4710 teneatur,
633 4639 669 4694 et
684 4627 774 4713 quod
801 4627 909 4693 dictos
937 4626 1061 4693 finctus
1086 4648 1218 4713 grossos
1243 4629 1432 4714 ubicunque
1457 4630 1555 4695 brerit

193 4730 326 4813 habeat,
342 4741 377 4797 et
392 4731 426 4796 in
441 4732 521 4818 ipsis
537 4733 685 4798 ecclesiis
700 4741 734 4797 et
749 4733 899 4816 qualibet
914 4732 1061 4818 ipsarum
1077 4732 1341 4818 omnitempore,
1355 4754 1432 4799 cum
1442 4735 1556 4799 venire

195 4843 231 4899 et
258 4834 301 4899 ibi
317 4844 407 4900 stare
422 4834 576 4916 voluerit,
592 4835 771 4921 recipiatur
795 4845 829 4901 et
853 4837 1018 4902 habeatur
1042 4857 1083 4902 ac
1109 4837 1135 4902 si
1158 4835 1284 4902 dictam
1311 4838 1452 4922 primam
1478 4838 1556 4903 resi-

229 5033 250 5079 1.
262 5031 344 5092 noar,
356 5045 383 5080 n.
395 5033 458 5080 soor
471 5047 476 5086 ;
488 5031 522 5080 cr.
537 5031 636 5092 nuncu,
650 5031 724 5092 ron,
737 5035 792 5092 aas,
805 5033 860 5082 arr.
874 5062 905 5068 -
919 5034 1120 5083 aronnaco.
1132 5036 1197 5083 -3,
1209 5033 1272 5081 von
1285 5048 1310 5081 n.
1322 5035 1345 5082 s.
