<?xml version="1.0" encoding="UTF-8"?>
<!DOCTYPE html PUBLIC "-//W3C//DTD XHTML 1.0 Transitional//EN"
    "http://www.w3.org/TR/xhtml1/DTD/xhtml1-transitional.dtd">
<html xmlns="http://www.w3.org/1999/xhtml" xml:lang="en" lang="en">
 <head>
  <title>
</title>
<meta http-equiv="Content-Type" content="text/html;charset=utf-8" />
  <meta name='ocr-system' content='tesseract 3.04.00' />
  <meta name='ocr-capabilities' content='ocr_page ocr_carea ocr_par ocr_line ocrx_word'/>
</head>
<body>
  <div class='ocr_page' id='page_1' title='image "./suppliquesdeclm00berlgoog_0143.png"; bbox 0 0 3650 5675; ppageno 0'>
   <div class='ocr_carea' id='block_1_1' title="bbox 283 453 1103 538">
    <p class='ocr_par' dir='ltr' id='par_1_1' title="bbox 283 453 1103 538">
     <span class='ocr_line' id='line_1_1' title="bbox 283 453 1103 538; baseline -0.006 -12"><span class='ocrx_word' id='word_1_1' title='bbox 283 462 335 526; x_wconf 80' lang='lat' dir='ltr'>aa·</span> <span class='ocrx_word' id='word_1_2' title='bbox 826 453 915 532; x_wconf 76' lang='lat' dir='ltr'>rara,</span> <span class='ocrx_word' id='word_1_3' title='bbox 938 457 972 521; x_wconf 88' lang='lat'>21</span> <span class='ocrx_word' id='word_1_4' title='bbox 992 456 1103 538; x_wconf 78' lang='lat' dir='ltr'>juillet.</span> 
     </span>
    </p>
   </div>
   <div class='ocr_carea' id='block_1_2' title="bbox 285 609 1646 798">
    <p class='ocr_par' dir='ltr' id='par_1_2' title="bbox 285 609 1646 798">
     <span class='ocr_line' id='line_1_2' title="bbox 286 609 1646 698; baseline 0.001 -18"><span class='ocrx_word' id='word_1_5' title='bbox 286 614 375 694; x_wconf 90' lang='lat' dir='ltr'>dere,</span> <span class='ocrx_word' id='word_1_6' title='bbox 401 634 470 680; x_wconf 92' lang='lat' dir='ltr'>non</span> <span class='ocrx_word' id='word_1_7' title='bbox 498 616 583 678; x_wconf 87' lang='lat' dir='ltr'>obst.</span> <span class='ocrx_word' id='word_1_8' title='bbox 611 613 700 697; x_wconf 90' lang='lat' dir='ltr'>quod</span> <span class='ocrx_word' id='word_1_9' title='bbox 726 613 881 698; x_wconf 86' lang='lat' dir='ltr'>parroch.</span> <span class='ocrx_word' id='word_1_10' title='bbox 908 612 991 677; x_wconf 92' lang='lat' dir='ltr'>eccl.</span> <span class='ocrx_word' id='word_1_11' title='bbox 1018 610 1057 677; x_wconf 92' lang='lat' dir='ltr'>B.</span> <span class='ocrx_word' id='word_1_12' title='bbox 1086 609 1134 676; x_wconf 90' lang='lat' dir='ltr'>M.</span> <span class='ocrx_word' id='word_1_13' title='bbox 1161 610 1204 677; x_wconf 92' lang='lat' dir='ltr'>de</span> <span class='ocrx_word' id='word_1_14' title='bbox 1228 610 1426 694; x_wconf 89' lang='lat' dir='ltr'>Cabanesio,</span> <span class='ocrx_word' id='word_1_15' title='bbox 1455 614 1646 682; x_wconf 82' lang='lat' dir='ltr'>Rutlrenen.</span> 
     </span>
     <span class='ocr_line' id='line_1_3' title="bbox 285 713 937 798; baseline -0.002 -16"><span class='ocrx_word' id='word_1_16' title='bbox 285 718 383 798; x_wconf 85' lang='lat' dir='ltr'>dioc,</span> <span class='ocrx_word' id='word_1_17' title='bbox 399 718 547 782; x_wconf 88' lang='lat' dir='ltr'>noscitur</span> <span class='ocrx_word' id='word_1_18' title='bbox 563 716 724 782; x_wconf 90' lang='lat' dir='ltr'>obtinere.</span> <span class='ocrx_word' id='word_1_19' title='bbox 740 755 783 765; x_wconf 90' lang='lat'>-</span> <span class='ocrx_word' id='word_1_20' title='bbox 800 713 877 780; x_wconf 89' lang='lat' dir='ltr'>Fiat</span> <span class='ocrx_word' id='word_1_21' title='bbox 896 715 937 781; x_wconf 90' lang='lat' dir='ltr'>R.</span> 
     </span>
    </p>
   </div>
   <div class='ocr_carea' id='block_1_3' title="bbox 209 849 1647 1965">
    <p class='ocr_par' dir='ltr' id='par_1_3' title="bbox 209 849 1647 1965">
     <span class='ocr_line' id='line_1_4' title="bbox 327 849 1645 942; baseline 0 -19"><span class='ocrx_word' id='word_1_22' title='bbox 327 864 413 924; x_wconf 84' lang='grc'><strong>438.</strong></span> <span class='ocrx_word' id='word_1_23' title='bbox 431 857 518 921; x_wconf 83' lang='lat' dir='ltr'>Item</span> <span class='ocrx_word' id='word_1_24' title='bbox 535 877 630 942; x_wconf 87' lang='lat' dir='ltr'><strong>supp.</strong></span> <span class='ocrx_word' id='word_1_25' title='bbox 644 853 830 921; x_wconf 90' lang='lat' dir='ltr'>Richardus</span> <span class='ocrx_word' id='word_1_26' title='bbox 842 849 941 920; x_wconf 83' lang='lat' dir='ltr'>Probi</span> <span class='ocrx_word' id='word_1_27' title='bbox 954 853 1098 919; x_wconf 89' lang='lat' dir='ltr'>hominis</span> <span class='ocrx_word' id='word_1_28' title='bbox 1109 853 1151 919; x_wconf 93' lang='lat' dir='ltr'>de</span> <span class='ocrx_word' id='word_1_29' title='bbox 1165 854 1195 920; x_wconf 86' lang='lat' dir='ltr'>S.</span> <span class='ocrx_word' id='word_1_30' title='bbox 1209 853 1374 920; x_wconf 89' lang='lat' dir='ltr'>Marcello</span> <span class='ocrx_word' id='word_1_31' title='bbox 1384 855 1480 940; x_wconf 88' lang='lat' dir='ltr'>juxta</span> <span class='ocrx_word' id='word_1_32' title='bbox 1493 856 1645 938; x_wconf 88' lang='lat' dir='ltr'>Parisius,</span> 
     </span>
     <span class='ocr_line' id='line_1_5' title="bbox 284 958 1645 1046; baseline 0 -20"><span class='ocrx_word' id='word_1_33' title='bbox 284 970 394 1027; x_wconf 88' lang='lat' dir='ltr'>rector</span> <span class='ocrx_word' id='word_1_34' title='bbox 419 963 501 1027; x_wconf 92' lang='lat' dir='ltr'>eccl.</span> <span class='ocrx_word' id='word_1_35' title='bbox 525 960 567 1026; x_wconf 90' lang='lat' dir='ltr'>de</span> <span class='ocrx_word' id='word_1_36' title='bbox 584 959 758 1044; x_wconf 87' lang='lat' dir='ltr'>Vrageloc,</span> <span class='ocrx_word' id='word_1_37' title='bbox 781 959 868 1025; x_wconf 89' lang='lat' dir='ltr'>dioc.</span> <span class='ocrx_word' id='word_1_38' title='bbox 883 958 1082 1038; x_wconf 89' lang='lat' dir='ltr'>Tomacen.,</span> <span class='ocrx_word' id='word_1_39' title='bbox 1105 959 1185 1024; x_wconf 92' lang='lat' dir='ltr'>olim</span> <span class='ocrx_word' id='word_1_40' title='bbox 1201 959 1304 1024; x_wconf 81' lang='lat' dir='ltr'>famil.</span> <span class='ocrx_word' id='word_1_41' title='bbox 1320 968 1356 1024; x_wconf 88' lang='lat' dir='ltr'>et</span> <span class='ocrx_word' id='word_1_42' title='bbox 1372 980 1446 1046; x_wconf 88' lang='lat' dir='ltr'>cap.</span> <span class='ocrx_word' id='word_1_43' title='bbox 1463 981 1645 1027; x_wconf 89' lang='lat' dir='ltr'>commens.</span> 
     </span>
     <span class='ocr_line' id='line_1_6' title="bbox 285 1062 1647 1150; baseline 0 -20"><span class='ocrx_word' id='word_1_44' title='bbox 285 1087 324 1131; x_wconf 89' lang='lat' dir='ltr'>ac</span> <span class='ocrx_word' id='word_1_45' title='bbox 350 1065 598 1131; x_wconf 90' lang='lat' dir='ltr'>administrator</span> <span class='ocrx_word' id='word_1_46' title='bbox 613 1065 662 1130; x_wconf 92' lang='lat' dir='ltr'>sui</span> <span class='ocrx_word' id='word_1_47' title='bbox 687 1063 822 1150; x_wconf 90' lang='lat' dir='ltr'>hospitii</span> <span class='ocrx_word' id='word_1_48' title='bbox 845 1079 905 1148; x_wconf 91' lang='lat' dir='ltr'>per</span> <span class='ocrx_word' id='word_1_49' title='bbox 926 1085 961 1127; x_wconf 91' lang='lat'>12</span> <span class='ocrx_word' id='word_1_50' title='bbox 986 1083 1091 1128; x_wconf 91' lang='lat' dir='ltr'>annos</span> <span class='ocrx_word' id='word_1_51' title='bbox 1113 1071 1149 1128; x_wconf 89' lang='lat' dir='ltr'>et</span> <span class='ocrx_word' id='word_1_52' title='bbox 1170 1083 1275 1147; x_wconf 89' lang='lat' dir='ltr'>usque</span> <span class='ocrx_word' id='word_1_53' title='bbox 1297 1062 1340 1128; x_wconf 92' lang='lat' dir='ltr'>ad</span> <span class='ocrx_word' id='word_1_54' title='bbox 1356 1063 1445 1128; x_wconf 86' lang='lat' dir='ltr'>diem</span> <span class='ocrx_word' id='word_1_55' title='bbox 1462 1065 1510 1130; x_wconf 92' lang='lat' dir='ltr'>sui</span> <span class='ocrx_word' id='word_1_56' title='bbox 1538 1066 1647 1130; x_wconf 92' lang='lat' dir='ltr'>obitus</span> 
     </span>
     <span class='ocr_line' id='line_1_7' title="bbox 284 1167 1647 1256; baseline 0.001 -22"><span class='ocrx_word' id='word_1_57' title='bbox 284 1170 396 1234; x_wconf 82' lang='lat' dir='ltr'>extitit</span> <span class='ocrx_word' id='word_1_58' title='bbox 412 1170 508 1253; x_wconf 90' lang='lat' dir='ltr'>eique</span> <span class='ocrx_word' id='word_1_59' title='bbox 525 1169 667 1235; x_wconf 88' lang='lat' dir='ltr'>fideliter</span> <span class='ocrx_word' id='word_1_60' title='bbox 675 1167 866 1248; x_wconf 77' lang='lat' dir='ltr'>deservivit,</span> <span class='ocrx_word' id='word_1_61' title='bbox 882 1175 920 1232; x_wconf 91' lang='lat' dir='ltr'>ut</span> <span class='ocrx_word' id='word_1_62' title='bbox 936 1168 969 1231; x_wconf 90' lang='lat' dir='ltr'>in</span> <span class='ocrx_word' id='word_1_63' title='bbox 985 1167 1111 1233; x_wconf 88' lang='lat' dir='ltr'>eisdem</span> <span class='ocrx_word' id='word_1_64' title='bbox 1128 1168 1298 1233; x_wconf 85' lang='lat' dir='ltr'>beneficiis</span> <span class='ocrx_word' id='word_1_65' title='bbox 1312 1188 1381 1234; x_wconf 91' lang='lat' dir='ltr'>non</span> <span class='ocrx_word' id='word_1_66' title='bbox 1397 1168 1572 1234; x_wconf 91' lang='lat' dir='ltr'>residendo</span> <span class='ocrx_word' id='word_1_67' title='bbox 1587 1191 1647 1256; x_wconf 92' lang='lat' dir='ltr'>pro</span> 
     </span>
     <span class='ocr_line' id='line_1_8' title="bbox 284 1271 1647 1360; baseline 0 -22"><span class='ocrx_word' id='word_1_68' title='bbox 284 1282 438 1360; x_wconf 91' lang='lat' dir='ltr'>tempore</span> <span class='ocrx_word' id='word_1_69' title='bbox 457 1273 629 1359; x_wconf 86' lang='lat' dir='ltr'>percipere</span> <span class='ocrx_word' id='word_1_70' title='bbox 655 1279 779 1359; x_wconf 89' lang='lat' dir='ltr'>posset,</span> <span class='ocrx_word' id='word_1_71' title='bbox 804 1272 927 1336; x_wconf 86' lang='lat' dir='ltr'>virtute</span> <span class='ocrx_word' id='word_1_72' title='bbox 954 1272 1117 1358; x_wconf 89' lang='lat' dir='ltr'>privilegii</span> <span class='ocrx_word' id='word_1_73' title='bbox 1132 1271 1264 1357; x_wconf 85' lang='lat' dir='ltr'>prefato</span> <span class='ocrx_word' id='word_1_74' title='bbox 1290 1272 1379 1338; x_wconf 94' lang='lat' dir='ltr'>dom.</span> <span class='ocrx_word' id='word_1_75' title='bbox 1404 1273 1561 1338; x_wconf 86' lang='lat' dir='ltr'>cardinali</span> <span class='ocrx_word' id='word_1_76' title='bbox 1587 1295 1647 1360; x_wconf 92' lang='lat' dir='ltr'>per</span> 
     </span>
     <span class='ocr_line' id='line_1_9' title="bbox 285 1360 1646 1462; baseline 0.001 -21"><span class='ocrx_word' id='word_1_77' title='bbox 285 1378 316 1443; x_wconf 86' lang='lat' dir='ltr'>S.</span> <span class='ocrx_word' id='word_1_78' title='bbox 344 1377 384 1444; x_wconf 85' lang='lat' dir='ltr'>V.</span> <span class='ocrx_word' id='word_1_79' title='bbox 416 1378 545 1458; x_wconf 93' lang='lat' dir='ltr'>indulti,</span> <span class='ocrx_word' id='word_1_80' title='bbox 580 1377 670 1462; x_wconf 93' lang='lat' dir='ltr'>quod</span> <span class='ocrx_word' id='word_1_81' title='bbox 689 1360 912 1462; x_wconf 77' lang='lat' dir='ltr'>&#39;privilegium</span> <span class='ocrx_word' id='word_1_82' title='bbox 943 1397 963 1441; x_wconf 89' lang='lat' dir='ltr'>a</span> <span class='ocrx_word' id='word_1_83' title='bbox 993 1375 1048 1440; x_wconf 91' lang='lat' dir='ltr'>die</span> <span class='ocrx_word' id='word_1_84' title='bbox 1078 1376 1188 1442; x_wconf 85' lang='lat' dir='ltr'>obitus</span> <span class='ocrx_word' id='word_1_85' title='bbox 1219 1376 1444 1462; x_wconf 85' lang='lat' dir='ltr'>prenominati</span> <span class='ocrx_word' id='word_1_86' title='bbox 1470 1376 1646 1444; x_wconf 90' lang='lat' dir='ltr'>cardinalis</span> 
     </span>
     <span class='ocr_line' id='line_1_10' title="bbox 209 1479 1645 1567; baseline 0.001 -22"><span class='ocrx_word' id='word_1_87' title='bbox 209 1510 212 1515; x_wconf 88' lang='lat'><em>·</em></span> <span class='ocrx_word' id='word_1_88' title='bbox 285 1482 460 1567; x_wconf 85' lang='lat' dir='ltr'>expiravit,</span> <span class='ocrx_word' id='word_1_89' title='bbox 481 1491 574 1566; x_wconf 90' lang='lat' dir='ltr'>quat.</span> <span class='ocrx_word' id='word_1_90' title='bbox 598 1480 718 1561; x_wconf 91' lang='lat' dir='ltr'>eidem,</span> <span class='ocrx_word' id='word_1_91' title='bbox 739 1480 795 1564; x_wconf 91' lang='lat' dir='ltr'>qui</span> <span class='ocrx_word' id='word_1_92' title='bbox 812 1481 900 1546; x_wconf 89' lang='lat' dir='ltr'>circa</span> <span class='ocrx_word' id='word_1_93' title='bbox 922 1479 1156 1546; x_wconf 84' lang='lat' dir='ltr'>executionem</span> <span class='ocrx_word' id='word_1_94' title='bbox 1172 1489 1207 1546; x_wconf 89' lang='lat' dir='ltr'>et</span> <span class='ocrx_word' id='word_1_95' title='bbox 1223 1482 1466 1547; x_wconf 83' lang='lat' dir='ltr'>ordinationem</span> <span class='ocrx_word' id='word_1_96' title='bbox 1482 1485 1645 1547; x_wconf 87' lang='lat' dir='ltr'>bonorum</span> 
     </span>
     <span class='ocr_line' id='line_1_11' title="bbox 285 1583 1647 1671; baseline 0 -22"><span class='ocrx_word' id='word_1_97' title='bbox 285 1586 404 1671; x_wconf 84' lang='lat' dir='ltr'>prefati</span> <span class='ocrx_word' id='word_1_98' title='bbox 431 1585 608 1651; x_wconf 88' lang='lat' dir='ltr'>cardinalis</span> <span class='ocrx_word' id='word_1_99' title='bbox 634 1583 794 1649; x_wconf 87' lang='lat' dir='ltr'>continue</span> <span class='ocrx_word' id='word_1_100' title='bbox 818 1583 985 1648; x_wconf 83' lang='lat' dir='ltr'>laboravit</span> <span class='ocrx_word' id='word_1_101' title='bbox 1002 1591 1035 1648; x_wconf 92' lang='lat' dir='ltr'>et</span> <span class='ocrx_word' id='word_1_102' title='bbox 1052 1584 1162 1649; x_wconf 87' lang='lat' dir='ltr'>adhuc</span> <span class='ocrx_word' id='word_1_103' title='bbox 1185 1585 1327 1665; x_wconf 89' lang='lat' dir='ltr'>laborat,</span> <span class='ocrx_word' id='word_1_104' title='bbox 1344 1584 1525 1670; x_wconf 87' lang='lat' dir='ltr'>dignemini</span> <span class='ocrx_word' id='word_1_105' title='bbox 1542 1585 1647 1651; x_wconf 92' lang='lat' dir='ltr'>indul·</span> 
     </span>
     <span class='ocr_line' id='line_1_12' title="bbox 284 1686 1646 1775; baseline 0 -21"><span class='ocrx_word' id='word_1_106' title='bbox 284 1710 361 1774; x_wconf 89' lang='lat' dir='ltr'>gere</span> <span class='ocrx_word' id='word_1_107' title='bbox 377 1689 466 1774; x_wconf 94' lang='lat' dir='ltr'>quod</span> <span class='ocrx_word' id='word_1_108' title='bbox 488 1689 574 1755; x_wconf 89' lang='lat' dir='ltr'>adie</span> <span class='ocrx_word' id='word_1_109' title='bbox 589 1687 707 1754; x_wconf 89' lang='lat' dir='ltr'>mortis</span> <span class='ocrx_word' id='word_1_110' title='bbox 717 1686 893 1752; x_wconf 88' lang='lat' dir='ltr'>cardinalis</span> <span class='ocrx_word' id='word_1_111' title='bbox 902 1687 1043 1774; x_wconf 86' lang='lat' dir='ltr'>predicti</span> <span class='ocrx_word' id='word_1_112' title='bbox 1057 1708 1161 1771; x_wconf 89' lang='lat' dir='ltr'>usque</span> <span class='ocrx_word' id='word_1_113' title='bbox 1171 1688 1214 1754; x_wconf 92' lang='lat' dir='ltr'>ad</span> <span class='ocrx_word' id='word_1_114' title='bbox 1223 1690 1446 1775; x_wconf 90' lang='lat' dir='ltr'>septemnium</span> <span class='ocrx_word' id='word_1_115' title='bbox 1461 1690 1646 1755; x_wconf 90' lang='lat' dir='ltr'>litterarum</span> 
     </span>
     <span class='ocr_line' id='line_1_13' title="bbox 285 1792 1647 1880; baseline 0.002 -23"><span class='ocrx_word' id='word_1_116' title='bbox 285 1793 397 1859; x_wconf 91' lang='lat' dir='ltr'>studio</span> <span class='ocrx_word' id='word_1_117' title='bbox 419 1792 635 1858; x_wconf 87' lang='lat' dir='ltr'>insistendo...</span> <span class='ocrx_word' id='word_1_118' title='bbox 661 1799 844 1877; x_wconf 86' lang='lat' dir='ltr'>proventus</span> <span class='ocrx_word' id='word_1_119' title='bbox 866 1792 1106 1857; x_wconf 90' lang='lat' dir='ltr'>beneficiorum</span> <span class='ocrx_word' id='word_1_120' title='bbox 1130 1813 1263 1860; x_wconf 88' lang='lat' dir='ltr'>suorum</span> <span class='ocrx_word' id='word_1_121' title='bbox 1279 1794 1449 1880; x_wconf 87' lang='lat' dir='ltr'>percipere</span> <span class='ocrx_word' id='word_1_122' title='bbox 1465 1795 1589 1860; x_wconf 86' lang='lat' dir='ltr'>valeat.</span> <span class='ocrx_word' id='word_1_123' title='bbox 1605 1833 1647 1845; x_wconf 88' lang='lat'><em>-</em></span> 
     </span>
     <span class='ocr_line' id='line_1_14' title="bbox 288 1893 858 1965; baseline 0 -4"><span class='ocrx_word' id='word_1_124' title='bbox 288 1896 364 1964; x_wconf 90' lang='lat' dir='ltr'>Fiat</span> <span class='ocrx_word' id='word_1_125' title='bbox 379 1899 413 1963; x_wconf 92' lang='lat' dir='ltr'>in</span> <span class='ocrx_word' id='word_1_126' title='bbox 430 1899 536 1964; x_wconf 84' lang='lat' dir='ltr'>fomra</span> <span class='ocrx_word' id='word_1_127' title='bbox 551 1898 594 1965; x_wconf 90' lang='lat' dir='ltr'>ad</span> <span class='ocrx_word' id='word_1_128' title='bbox 609 1896 800 1962; x_wconf 88' lang='lat' dir='ltr'>triennium.</span> <span class='ocrx_word' id='word_1_129' title='bbox 817 1893 858 1962; x_wconf 90' lang='lat' dir='ltr'>R.</span> 
     </span>
    </p>
   </div>
   <div class='ocr_carea' id='block_1_4' title="bbox 284 2033 1646 3057">
    <p class='ocr_par' dir='ltr' id='par_1_4' title="bbox 284 2033 1646 3057">
     <span class='ocr_line' id='line_1_15' title="bbox 329 2033 1645 2124; baseline -0.003 -22"><span class='ocrx_word' id='word_1_130' title='bbox 329 2043 413 2103; x_wconf 88' lang='grc'><strong>439.</strong></span> <span class='ocrx_word' id='word_1_131' title='bbox 441 2036 528 2101; x_wconf 89' lang='lat' dir='ltr'>Item</span> <span class='ocrx_word' id='word_1_132' title='bbox 551 2058 647 2124; x_wconf 88' lang='lat' dir='ltr'>supp.</span> <span class='ocrx_word' id='word_1_133' title='bbox 675 2035 792 2100; x_wconf 82' lang='lat' dir='ltr'>Petnrs</span> <span class='ocrx_word' id='word_1_134' title='bbox 807 2033 928 2100; x_wconf 88' lang='lat' dir='ltr'>Chasle</span> <span class='ocrx_word' id='word_1_135' title='bbox 945 2046 964 2116; x_wconf 92' lang='lat'>¹,</span> <span class='ocrx_word' id='word_1_136' title='bbox 978 2036 1126 2121; x_wconf 87' lang='lat' dir='ltr'>phisicus</span> <span class='ocrx_word' id='word_1_137' title='bbox 1148 2035 1267 2122; x_wconf 88' lang='lat' dir='ltr'>prefati</span> <span class='ocrx_word' id='word_1_138' title='bbox 1284 2035 1374 2101; x_wconf 89' lang='lat' dir='ltr'>dom.</span> <span class='ocrx_word' id='word_1_139' title='bbox 1390 2035 1573 2114; x_wconf 90' lang='lat' dir='ltr'>cardinalis,</span> <span class='ocrx_word' id='word_1_140' title='bbox 1590 2035 1645 2119; x_wconf 92' lang='lat' dir='ltr'>qui</span> 
     </span>
     <span class='ocr_line' id='line_1_16' title="bbox 287 2135 1645 2225; baseline 0.004 -27"><span class='ocrx_word' id='word_1_141' title='bbox 287 2135 396 2200; x_wconf 91' lang='lat' dir='ltr'>eidem</span> <span class='ocrx_word' id='word_1_142' title='bbox 424 2137 525 2221; x_wconf 92' lang='lat' dir='ltr'>longo</span> <span class='ocrx_word' id='word_1_143' title='bbox 548 2145 701 2225; x_wconf 87' lang='lat' dir='ltr'>tempore</span> <span class='ocrx_word' id='word_1_144' title='bbox 717 2147 751 2203; x_wconf 89' lang='lat' dir='ltr'>et</span> <span class='ocrx_word' id='word_1_145' title='bbox 767 2157 871 2222; x_wconf 92' lang='lat' dir='ltr'>usque</span> <span class='ocrx_word' id='word_1_146' title='bbox 894 2139 937 2204; x_wconf 89' lang='lat' dir='ltr'>ad</span> <span class='ocrx_word' id='word_1_147' title='bbox 957 2138 1047 2205; x_wconf 91' lang='lat' dir='ltr'>diem</span> <span class='ocrx_word' id='word_1_148' title='bbox 1063 2141 1112 2205; x_wconf 90' lang='lat' dir='ltr'>sui</span> <span class='ocrx_word' id='word_1_149' title='bbox 1129 2140 1240 2206; x_wconf 89' lang='lat' dir='ltr'>obitus</span> <span class='ocrx_word' id='word_1_150' title='bbox 1256 2141 1402 2219; x_wconf 88' lang='lat' dir='ltr'>servivit,</span> <span class='ocrx_word' id='word_1_151' title='bbox 1419 2148 1510 2222; x_wconf 91' lang='lat' dir='ltr'>quat.</span> <span class='ocrx_word' id='word_1_152' title='bbox 1526 2139 1587 2204; x_wconf 92' lang='lat' dir='ltr'>sibi</span> <span class='ocrx_word' id='word_1_153' title='bbox 1602 2138 1645 2204; x_wconf 91' lang='lat' dir='ltr'>de</span> 
     </span>
     <span class='ocr_line' id='line_1_17' title="bbox 285 2241 1646 2329; baseline 0.002 -26"><span class='ocrx_word' id='word_1_154' title='bbox 285 2242 362 2304; x_wconf 87' lang='lat' dir='ltr'>ben.</span> <span class='ocrx_word' id='word_1_155' title='bbox 375 2241 456 2306; x_wconf 91' lang='lat' dir='ltr'>eccl.</span> <span class='ocrx_word' id='word_1_156' title='bbox 468 2262 497 2307; x_wconf 92' lang='lat' dir='ltr'>c.</span> <span class='ocrx_word' id='word_1_157' title='bbox 508 2262 536 2306; x_wconf 93' lang='lat' dir='ltr'>c.</span> <span class='ocrx_word' id='word_1_158' title='bbox 547 2243 600 2306; x_wconf 86' lang='lat' dir='ltr'>vel</span> <span class='ocrx_word' id='word_1_159' title='bbox 613 2263 637 2308; x_wconf 91' lang='lat' dir='ltr'>s.</span> <span class='ocrx_word' id='word_1_160' title='bbox 651 2264 691 2324; x_wconf 92' lang='lat' dir='ltr'>c.,</span> <span class='ocrx_word' id='word_1_161' title='bbox 704 2250 881 2329; x_wconf 88' lang='lat' dir='ltr'>spectante</span> <span class='ocrx_word' id='word_1_162' title='bbox 896 2245 1120 2309; x_wconf 89' lang='lat' dir='ltr'>communiter</span> <span class='ocrx_word' id='word_1_163' title='bbox 1135 2245 1188 2308; x_wconf 89' lang='lat' dir='ltr'>vel</span> <span class='ocrx_word' id='word_1_164' title='bbox 1204 2244 1334 2310; x_wconf 89' lang='lat' dir='ltr'>divisim</span> <span class='ocrx_word' id='word_1_165' title='bbox 1352 2243 1395 2308; x_wconf 89' lang='lat' dir='ltr'>ad</span> <span class='ocrx_word' id='word_1_166' title='bbox 1411 2244 1646 2327; x_wconf 87' lang='lat' dir='ltr'>cujuscumque</span> 
     </span>
     <span class='ocr_line' id='line_1_18' title="bbox 286 2347 1646 2431; baseline 0.003 -24"><span class='ocrx_word' id='word_1_167' title='bbox 286 2363 343 2408; x_wconf 90' lang='lat' dir='ltr'>seu</span> <span class='ocrx_word' id='word_1_168' title='bbox 370 2365 655 2430; x_wconf 90' lang='lat' dir='ltr'>quorumcumque</span> <span class='ocrx_word' id='word_1_169' title='bbox 667 2348 754 2428; x_wconf 73' lang='lat' dir='ltr'>coll,</span> <span class='ocrx_word' id='word_1_170' title='bbox 777 2347 803 2412; x_wconf 92' lang='lat' dir='ltr'>si</span> <span class='ocrx_word' id='word_1_171' title='bbox 817 2348 907 2431; x_wconf 91' lang='lat' dir='ltr'>quod</span> <span class='ocrx_word' id='word_1_172' title='bbox 923 2349 956 2413; x_wconf 93' lang='lat' dir='ltr'>in</span> <span class='ocrx_word' id='word_1_173' title='bbox 973 2349 1065 2428; x_wconf 77' lang='lat' dir='ltr'>eccl,</span> <span class='ocrx_word' id='word_1_174' title='bbox 1082 2349 1145 2414; x_wconf 93' lang='lat' dir='ltr'>civ.</span> <span class='ocrx_word' id='word_1_175' title='bbox 1162 2348 1215 2412; x_wconf 88' lang='lat' dir='ltr'>vel</span> <span class='ocrx_word' id='word_1_176' title='bbox 1231 2348 1318 2414; x_wconf 94' lang='lat' dir='ltr'>dioc.</span> <span class='ocrx_word' id='word_1_177' title='bbox 1334 2347 1521 2413; x_wconf 89' lang='lat' dir='ltr'>Tomacen.</span> <span class='ocrx_word' id='word_1_178' title='bbox 1546 2353 1646 2412; x_wconf 89' lang='lat' dir='ltr'>vacat</span> 
     </span>
     <span class='ocr_line' id='line_1_19' title="bbox 285 2449 1645 2538; baseline 0.004 -28"><span class='ocrx_word' id='word_1_179' title='bbox 285 2449 338 2512; x_wconf 89' lang='lat' dir='ltr'>vel</span> <span class='ocrx_word' id='word_1_180' title='bbox 366 2468 442 2513; x_wconf 90' lang='lat' dir='ltr'>cum</span> <span class='ocrx_word' id='word_1_181' title='bbox 469 2451 649 2531; x_wconf 83' lang='lat' dir='ltr'>vacaverit,</span> <span class='ocrx_word' id='word_1_182' title='bbox 676 2449 857 2537; x_wconf 88' lang='lat' dir='ltr'>dignemini</span> <span class='ocrx_word' id='word_1_183' title='bbox 878 2452 1077 2538; x_wconf 84' lang='lat' dir='ltr'>providere;</span> <span class='ocrx_word' id='word_1_184' title='bbox 1105 2473 1173 2518; x_wconf 91' lang='lat' dir='ltr'>non</span> <span class='ocrx_word' id='word_1_185' title='bbox 1202 2455 1287 2518; x_wconf 86' lang='lat' dir='ltr'>obst.</span> <span class='ocrx_word' id='word_1_186' title='bbox 1309 2451 1400 2536; x_wconf 91' lang='lat' dir='ltr'>quod</span> <span class='ocrx_word' id='word_1_187' title='bbox 1415 2471 1488 2517; x_wconf 90' lang='lat' dir='ltr'>can.</span> <span class='ocrx_word' id='word_1_188' title='bbox 1505 2458 1540 2515; x_wconf 89' lang='lat' dir='ltr'>et</span> <span class='ocrx_word' id='word_1_189' title='bbox 1555 2453 1645 2536; x_wconf 90' lang='lat' dir='ltr'>preb.</span> 
     </span>
     <span class='ocr_line' id='line_1_20' title="bbox 286 2552 1646 2643; baseline 0.004 -28"><span class='ocrx_word' id='word_1_190' title='bbox 286 2552 367 2617; x_wconf 89' lang='lat' dir='ltr'>eccl.</span> <span class='ocrx_word' id='word_1_191' title='bbox 384 2552 415 2618; x_wconf 86' lang='lat' dir='ltr'>S.</span> <span class='ocrx_word' id='word_1_192' title='bbox 430 2552 518 2618; x_wconf 91' lang='lat' dir='ltr'>Petri</span> <span class='ocrx_word' id='word_1_193' title='bbox 535 2554 577 2619; x_wconf 95' lang='lat' dir='ltr'>de</span> <span class='ocrx_word' id='word_1_194' title='bbox 600 2553 795 2621; x_wconf 85' lang='lat' dir='ltr'>Commines</span> <span class='ocrx_word' id='word_1_195' title='bbox 818 2565 852 2623; x_wconf 90' lang='lat' dir='ltr'>et</span> <span class='ocrx_word' id='word_1_196' title='bbox 875 2557 1028 2643; x_wconf 80' lang='lat' dir='ltr'>parroclr.</span> <span class='ocrx_word' id='word_1_197' title='bbox 1045 2557 1127 2622; x_wconf 91' lang='lat' dir='ltr'>eccl.</span> <span class='ocrx_word' id='word_1_198' title='bbox 1144 2557 1186 2622; x_wconf 93' lang='lat' dir='ltr'>de</span> <span class='ocrx_word' id='word_1_199' title='bbox 1202 2555 1371 2640; x_wconf 90' lang='lat' dir='ltr'>Vulvaing</span> <span class='ocrx_word' id='word_1_200' title='bbox 1387 2575 1426 2620; x_wconf 91' lang='lat' dir='ltr'>ac</span> <span class='ocrx_word' id='word_1_201' title='bbox 1442 2555 1646 2640; x_wconf 90' lang='lat' dir='ltr'>capellanias</span> 
     </span>
     <span class='ocr_line' id='line_1_21' title="bbox 285 2655 1645 2744; baseline 0.004 -25"><span class='ocrx_word' id='word_1_202' title='bbox 285 2655 327 2720; x_wconf 91' lang='lat' dir='ltr'>de</span> <span class='ocrx_word' id='word_1_203' title='bbox 345 2655 517 2738; x_wconf 87' lang='lat' dir='ltr'>Haudion,</span> <span class='ocrx_word' id='word_1_204' title='bbox 545 2658 761 2744; x_wconf 88' lang='lat' dir='ltr'>hospitalium</span> <span class='ocrx_word' id='word_1_205' title='bbox 786 2657 841 2726; x_wconf 85' lang='lat' dir='ltr'>SS.</span> <span class='ocrx_word' id='word_1_206' title='bbox 865 2659 984 2738; x_wconf 90' lang='lat' dir='ltr'>Jacobi</span> <span class='ocrx_word' id='word_1_207' title='bbox 1009 2661 1052 2725; x_wconf 92' lang='lat' dir='ltr'>de</span> <span class='ocrx_word' id='word_1_208' title='bbox 1075 2659 1254 2740; x_wconf 89' lang='lat' dir='ltr'>Wastines,</span> <span class='ocrx_word' id='word_1_209' title='bbox 1280 2658 1431 2725; x_wconf 83' lang='lat' dir='ltr'>Niclrasii</span> <span class='ocrx_word' id='word_1_210' title='bbox 1456 2657 1645 2739; x_wconf 69' lang='lat' dir='ltr'>insulensis</span> 
     </span>
     <span class='ocr_line' id='line_1_22' title="bbox 286 2758 1644 2851; baseline 0.001 -27"><span class='ocrx_word' id='word_1_211' title='bbox 286 2758 323 2824; x_wconf 91' lang='lat' dir='ltr'>B.</span> <span class='ocrx_word' id='word_1_212' title='bbox 342 2760 391 2826; x_wconf 92' lang='lat' dir='ltr'>M.</span> <span class='ocrx_word' id='word_1_213' title='bbox 408 2761 441 2825; x_wconf 94' lang='lat' dir='ltr'>in</span> <span class='ocrx_word' id='word_1_214' title='bbox 469 2762 722 2829; x_wconf 83' lang='lat' dir='ltr'>Ardembourch</span> <span class='ocrx_word' id='word_1_215' title='bbox 735 2783 776 2828; x_wconf 89' lang='lat' dir='ltr'>ac</span> <span class='ocrx_word' id='word_1_216' title='bbox 792 2785 865 2830; x_wconf 91' lang='lat' dir='ltr'>can.</span> <span class='ocrx_word' id='word_1_217' title='bbox 890 2766 949 2829; x_wconf 91' lang='lat' dir='ltr'>sub</span> <span class='ocrx_word' id='word_1_218' title='bbox 966 2784 1042 2851; x_wconf 90' lang='lat' dir='ltr'>exp.</span> <span class='ocrx_word' id='word_1_219' title='bbox 1059 2767 1150 2851; x_wconf 89' lang='lat' dir='ltr'>preb.</span> <span class='ocrx_word' id='word_1_220' title='bbox 1167 2765 1200 2829; x_wconf 92' lang='lat' dir='ltr'>in</span> <span class='ocrx_word' id='word_1_221' title='bbox 1216 2765 1298 2829; x_wconf 88' lang='lat' dir='ltr'>eccl.</span> <span class='ocrx_word' id='word_1_222' title='bbox 1315 2763 1346 2829; x_wconf 75' lang='lat' dir='ltr'>S.</span> <span class='ocrx_word' id='word_1_223' title='bbox 1363 2763 1546 2828; x_wconf 87' lang='lat' dir='ltr'>Donatiani</span> <span class='ocrx_word' id='word_1_224' title='bbox 1564 2761 1644 2826; x_wconf 88' lang='lat' dir='ltr'>Bru-</span> 
     </span>
     <span class='ocr_line' id='line_1_23' title="bbox 284 2865 1645 2952; baseline -0.001 -23"><span class='ocrx_word' id='word_1_225' title='bbox 284 2865 403 2948; x_wconf 89' lang='lat' dir='ltr'>gensis,</span> <span class='ocrx_word' id='word_1_226' title='bbox 428 2866 614 2933; x_wconf 90' lang='lat' dir='ltr'>Tomacen.</span> <span class='ocrx_word' id='word_1_227' title='bbox 644 2868 742 2948; x_wconf 85' lang='lat' dir='ltr'>dioc,</span> <span class='ocrx_word' id='word_1_228' title='bbox 766 2870 914 2934; x_wconf 91' lang='lat' dir='ltr'>noscitur</span> <span class='ocrx_word' id='word_1_229' title='bbox 940 2870 1102 2935; x_wconf 88' lang='lat' dir='ltr'>obtinere.</span> <span class='ocrx_word' id='word_1_230' title='bbox 1128 2908 1170 2920; x_wconf 88' lang='lat'><em>-</em></span> <span class='ocrx_word' id='word_1_231' title='bbox 1199 2868 1276 2933; x_wconf 90' lang='lat' dir='ltr'>Fiat</span> <span class='ocrx_word' id='word_1_232' title='bbox 1304 2868 1346 2933; x_wconf 87' lang='lat' dir='ltr'>ad</span> <span class='ocrx_word' id='word_1_233' title='bbox 1374 2868 1450 2933; x_wconf 92' lang='lat' dir='ltr'>coll.</span> <span class='ocrx_word' id='word_1_234' title='bbox 1476 2866 1577 2952; x_wconf 90' lang='lat' dir='ltr'>episc.</span> <span class='ocrx_word' id='word_1_235' title='bbox 1609 2872 1645 2929; x_wconf 91' lang='lat' dir='ltr'>et</span> 
     </span>
     <span class='ocr_line' id='line_1_24' title="bbox 285 2968 1644 3057; baseline 0 -24"><span class='ocrx_word' id='word_1_236' title='bbox 285 2969 421 3053; x_wconf 92' lang='lat' dir='ltr'>capituli</span> <span class='ocrx_word' id='word_1_237' title='bbox 438 2971 661 3035; x_wconf 90' lang='lat' dir='ltr'>communiter</span> <span class='ocrx_word' id='word_1_238' title='bbox 676 2971 729 3035; x_wconf 89' lang='lat' dir='ltr'>vel</span> <span class='ocrx_word' id='word_1_239' title='bbox 744 2970 877 3037; x_wconf 90' lang='lat' dir='ltr'>divisim</span> <span class='ocrx_word' id='word_1_240' title='bbox 888 2973 1045 3057; x_wconf 92' lang='lat' dir='ltr'>usquead</span> <span class='ocrx_word' id='word_1_241' title='bbox 1058 2994 1222 3039; x_wconf 91' lang='lat' dir='ltr'>summam</span> <span class='ocrx_word' id='word_1_242' title='bbox 1241 2976 1281 3038; x_wconf 89' lang='lat'>80</span> <span class='ocrx_word' id='word_1_243' title='bbox 1298 2973 1353 3037; x_wconf 89' lang='lat' dir='ltr'>lib.</span> <span class='ocrx_word' id='word_1_244' title='bbox 1371 2994 1398 3037; x_wconf 95' lang='lat' dir='ltr'>c.</span> <span class='ocrx_word' id='word_1_245' title='bbox 1416 2993 1454 3052; x_wconf 90' lang='lat' dir='ltr'>c.,</span> <span class='ocrx_word' id='word_1_246' title='bbox 1470 2991 1509 3055; x_wconf 89' lang='lat'>50</span> <span class='ocrx_word' id='word_1_247' title='bbox 1525 2991 1550 3035; x_wconf 92' lang='lat' dir='ltr'>s.</span> <span class='ocrx_word' id='word_1_248' title='bbox 1564 2990 1592 3035; x_wconf 93' lang='grc'>0.</span> <span class='ocrx_word' id='word_1_249' title='bbox 1604 2968 1644 3034; x_wconf 89' lang='lat' dir='ltr'>R.</span> 
     </span>
    </p>
   </div>
   <div class='ocr_carea' id='block_1_5' title="bbox 190 3106 1645 4131">
    <p class='ocr_par' dir='ltr' id='par_1_5' title="bbox 190 3106 1645 4005">
     <span class='ocr_line' id='line_1_25' title="bbox 327 3106 1642 3194; baseline -0.002 -23"><span class='ocrx_word' id='word_1_250' title='bbox 327 3112 417 3173; x_wconf 86' lang='lat'>440.</span> <span class='ocrx_word' id='word_1_251' title='bbox 446 3106 534 3171; x_wconf 91' lang='lat' dir='ltr'>Item</span> <span class='ocrx_word' id='word_1_252' title='bbox 558 3128 652 3194; x_wconf 91' lang='lat' dir='ltr'>supp.</span> <span class='ocrx_word' id='word_1_253' title='bbox 676 3107 696 3186; x_wconf 91' lang='lat' dir='ltr'>J</span> <span class='ocrx_word' id='word_1_254' title='bbox 699 3108 850 3175; x_wconf 87' lang='lat' dir='ltr'>ohannes</span> <span class='ocrx_word' id='word_1_255' title='bbox 866 3108 988 3175; x_wconf 90' lang='lat' dir='ltr'>Folieti</span> <span class='ocrx_word' id='word_1_256' title='bbox 1005 3110 1047 3175; x_wconf 92' lang='lat' dir='ltr'>de</span> <span class='ocrx_word' id='word_1_257' title='bbox 1063 3111 1106 3175; x_wconf 90' lang='lat' dir='ltr'>W</span> <span class='ocrx_word' id='word_1_258' title='bbox 1108 3112 1230 3190; x_wconf 90' lang='lat' dir='ltr'>aseriis,</span> <span class='ocrx_word' id='word_1_259' title='bbox 1246 3111 1457 3175; x_wconf 87' lang='lat' dir='ltr'>Attrebaten.</span> <span class='ocrx_word' id='word_1_260' title='bbox 1473 3106 1570 3187; x_wconf 86' lang='lat' dir='ltr'>dioc,</span> <span class='ocrx_word' id='word_1_261' title='bbox 1588 3107 1642 3190; x_wconf 93' lang='lat' dir='ltr'>qui</span> 
     </span>
     <span class='ocr_line' id='line_1_26' title="bbox 283 3209 1645 3299; baseline -0.001 -24"><span class='ocrx_word' id='word_1_262' title='bbox 283 3209 365 3276; x_wconf 90' lang='lat' dir='ltr'>dicti</span> <span class='ocrx_word' id='word_1_263' title='bbox 392 3210 569 3276; x_wconf 91' lang='lat' dir='ltr'>cardinalis</span> <span class='ocrx_word' id='word_1_264' title='bbox 596 3211 698 3278; x_wconf 83' lang='lat' dir='ltr'>famil.</span> <span class='ocrx_word' id='word_1_265' title='bbox 725 3213 929 3279; x_wconf 89' lang='lat' dir='ltr'>domesticus</span> <span class='ocrx_word' id='word_1_266' title='bbox 952 3222 986 3279; x_wconf 90' lang='lat' dir='ltr'>et</span> <span class='ocrx_word' id='word_1_267' title='bbox 1010 3216 1087 3281; x_wconf 89' lang='lat' dir='ltr'>cler.</span> <span class='ocrx_word' id='word_1_268' title='bbox 1104 3234 1236 3281; x_wconf 90' lang='lat' dir='ltr'>camere</span> <span class='ocrx_word' id='word_1_269' title='bbox 1252 3234 1309 3278; x_wconf 90' lang='lat' dir='ltr'>sue</span> <span class='ocrx_word' id='word_1_270' title='bbox 1324 3232 1384 3299; x_wconf 91' lang='lat' dir='ltr'>per</span> <span class='ocrx_word' id='word_1_271' title='bbox 1398 3212 1522 3276; x_wconf 90' lang='lat' dir='ltr'>multos</span> <span class='ocrx_word' id='word_1_272' title='bbox 1537 3228 1645 3275; x_wconf 89' lang='lat' dir='ltr'>annos</span> 
     </span>
     <span class='ocr_line' id='line_1_27' title="bbox 284 3312 1645 3405; baseline -0.001 -27"><span class='ocrx_word' id='word_1_273' title='bbox 284 3316 396 3380; x_wconf 89' lang='lat' dir='ltr'>extitit</span> <span class='ocrx_word' id='word_1_274' title='bbox 426 3324 461 3380; x_wconf 91' lang='lat' dir='ltr'>et</span> <span class='ocrx_word' id='word_1_275' title='bbox 491 3316 553 3381; x_wconf 92' lang='lat' dir='ltr'>sibi</span> <span class='ocrx_word' id='word_1_276' title='bbox 585 3318 618 3381; x_wconf 91' lang='lat' dir='ltr'>in</span> <span class='ocrx_word' id='word_1_277' title='bbox 649 3316 762 3385; x_wconf 88' lang='lat' dir='ltr'>officio</span> <span class='ocrx_word' id='word_1_278' title='bbox 791 3339 925 3386; x_wconf 90' lang='lat' dir='ltr'>camere</span> <span class='ocrx_word' id='word_1_279' title='bbox 957 3341 1060 3405; x_wconf 90' lang='lat' dir='ltr'>usque</span> <span class='ocrx_word' id='word_1_280' title='bbox 1091 3320 1134 3385; x_wconf 90' lang='lat' dir='ltr'>ad</span> <span class='ocrx_word' id='word_1_281' title='bbox 1164 3321 1253 3385; x_wconf 92' lang='lat' dir='ltr'>diem</span> <span class='ocrx_word' id='word_1_282' title='bbox 1284 3316 1333 3383; x_wconf 89' lang='lat' dir='ltr'>sui</span> <span class='ocrx_word' id='word_1_283' title='bbox 1363 3315 1473 3381; x_wconf 92' lang='lat' dir='ltr'>obitus</span> <span class='ocrx_word' id='word_1_284' title='bbox 1503 3312 1645 3379; x_wconf 83' lang='lat' dir='ltr'>fideliter</span> 
     </span>
     <span class='ocr_line' id='line_1_28' title="bbox 283 3417 1644 3507; baseline -0.003 -24"><span class='ocrx_word' id='word_1_285' title='bbox 283 3418 471 3497; x_wconf 91' lang='lat' dir='ltr'>deservivit,</span> <span class='ocrx_word' id='word_1_286' title='bbox 499 3429 591 3503; x_wconf 89' lang='lat' dir='ltr'>quat.</span> <span class='ocrx_word' id='word_1_287' title='bbox 615 3420 675 3486; x_wconf 88' lang='lat' dir='ltr'>sibi</span> <span class='ocrx_word' id='word_1_288' title='bbox 691 3424 735 3487; x_wconf 91' lang='lat' dir='ltr'>de</span> <span class='ocrx_word' id='word_1_289' title='bbox 760 3424 836 3488; x_wconf 91' lang='lat' dir='ltr'>ben.</span> <span class='ocrx_word' id='word_1_290' title='bbox 852 3423 934 3488; x_wconf 92' lang='lat' dir='ltr'>eccl.</span> <span class='ocrx_word' id='word_1_291' title='bbox 952 3444 980 3489; x_wconf 93' lang='lat' dir='ltr'>c.</span> <span class='ocrx_word' id='word_1_292' title='bbox 1008 3442 1047 3503; x_wconf 93' lang='lat' dir='ltr'>c.,</span> <span class='ocrx_word' id='word_1_293' title='bbox 1068 3423 1161 3507; x_wconf 88' lang='lat' dir='ltr'>cujus</span> <span class='ocrx_word' id='word_1_294' title='bbox 1181 3421 1372 3499; x_wconf 86' lang='lat' dir='ltr'>redditus...,</span> <span class='ocrx_word' id='word_1_295' title='bbox 1389 3437 1454 3483; x_wconf 87' lang='lat' dir='ltr'>see.</span> <span class='ocrx_word' id='word_1_296' title='bbox 1470 3417 1644 3500; x_wconf 87' lang='lat' dir='ltr'>antiquam</span> 
     </span>
     <span class='ocr_line' id='line_1_29' title="bbox 190 3517 1644 3611; baseline -0.001 -24"><span class='ocrx_word' id='word_1_297' title='bbox 190 3541 193 3545; x_wconf 57' lang='lat'><strong><em>⁴</em></strong></span> <span class='ocrx_word' id='word_1_298' title='bbox 284 3531 352 3588; x_wconf 92' lang='lat' dir='ltr'>tax.</span> <span class='ocrx_word' id='word_1_299' title='bbox 379 3522 519 3602; x_wconf 91' lang='lat' dir='ltr'>decime,</span> <span class='ocrx_word' id='word_1_300' title='bbox 535 3544 702 3591; x_wconf 90' lang='lat' dir='ltr'>summam</span> <span class='ocrx_word' id='word_1_301' title='bbox 719 3528 760 3591; x_wconf 90' lang='lat'>80</span> <span class='ocrx_word' id='word_1_302' title='bbox 783 3535 818 3591; x_wconf 92' lang='lat' dir='ltr'>et</span> <span class='ocrx_word' id='word_1_303' title='bbox 840 3547 865 3591; x_wconf 91' lang='lat' dir='ltr'>s.</span> <span class='ocrx_word' id='word_1_304' title='bbox 889 3547 929 3607; x_wconf 94' lang='lat' dir='ltr'>c.,</span> <span class='ocrx_word' id='word_1_305' title='bbox 953 3526 1023 3591; x_wconf 90' lang='lat' dir='ltr'>sive</span> <span class='ocrx_word' id='word_1_306' title='bbox 1044 3546 1128 3611; x_wconf 79' lang='lat' dir='ltr'>pers</span> <span class='ocrx_word' id='word_1_307' title='bbox 1144 3527 1198 3590; x_wconf 89' lang='lat' dir='ltr'>vel</span> <span class='ocrx_word' id='word_1_308' title='bbox 1216 3524 1272 3591; x_wconf 83' lang='lat' dir='ltr'>oss.</span> <span class='ocrx_word' id='word_1_309' title='bbox 1288 3525 1421 3603; x_wconf 89' lang='lat' dir='ltr'>existat,</span> <span class='ocrx_word' id='word_1_310' title='bbox 1440 3542 1479 3605; x_wconf 86' lang='lat'>50</span> <span class='ocrx_word' id='word_1_311' title='bbox 1495 3520 1551 3585; x_wconf 96' lang='lat' dir='ltr'>lib.</span> <span class='ocrx_word' id='word_1_312' title='bbox 1567 3517 1644 3585; x_wconf 91' lang='lat' dir='ltr'>Tur.</span> 
     </span>
     <span class='ocr_line' id='line_1_30' title="bbox 284 3622 1645 3715; baseline -0.004 -23"><span class='ocrx_word' id='word_1_313' title='bbox 284 3646 377 3712; x_wconf 89' lang='lat' dir='ltr'>parv.</span> <span class='ocrx_word' id='word_1_314' title='bbox 392 3647 460 3692; x_wconf 94' lang='lat' dir='ltr'>non</span> <span class='ocrx_word' id='word_1_315' title='bbox 477 3627 654 3709; x_wconf 90' lang='lat' dir='ltr'>excedunt,</span> <span class='ocrx_word' id='word_1_316' title='bbox 671 3629 715 3695; x_wconf 88' lang='lat' dir='ltr'>ad</span> <span class='ocrx_word' id='word_1_317' title='bbox 725 3630 822 3695; x_wconf 92' lang='lat' dir='ltr'>coll...</span> <span class='ocrx_word' id='word_1_318' title='bbox 838 3630 940 3715; x_wconf 90' lang='lat' dir='ltr'>episc.</span> <span class='ocrx_word' id='word_1_319' title='bbox 957 3629 1181 3709; x_wconf 86' lang='lat' dir='ltr'>Cameracen,</span> <span class='ocrx_word' id='word_1_320' title='bbox 1199 3628 1288 3715; x_wconf 84' lang='lat' dir='ltr'>[vac.</span> <span class='ocrx_word' id='word_1_321' title='bbox 1305 3627 1359 3692; x_wconf 90' lang='lat' dir='ltr'>vel</span> <span class='ocrx_word' id='word_1_322' title='bbox 1376 3622 1511 3710; x_wconf 88' lang='lat' dir='ltr'>vacat.,]</span> <span class='ocrx_word' id='word_1_323' title='bbox 1531 3624 1645 3707; x_wconf 86' lang='lat' dir='ltr'>digne-</span> 
     </span>
     <span class='ocr_line' id='line_1_31' title="bbox 283 3727 1644 3819; baseline -0.004 -24"><span class='ocrx_word' id='word_1_324' title='bbox 283 3730 366 3795; x_wconf 91' lang='lat' dir='ltr'>mini</span> <span class='ocrx_word' id='word_1_325' title='bbox 392 3732 590 3817; x_wconf 90' lang='lat' dir='ltr'>providere;</span> <span class='ocrx_word' id='word_1_326' title='bbox 613 3754 680 3799; x_wconf 92' lang='lat' dir='ltr'>non</span> <span class='ocrx_word' id='word_1_327' title='bbox 705 3736 790 3799; x_wconf 90' lang='lat' dir='ltr'>obst.</span> <span class='ocrx_word' id='word_1_328' title='bbox 811 3733 902 3818; x_wconf 91' lang='lat' dir='ltr'>quod</span> <span class='ocrx_word' id='word_1_329' title='bbox 926 3733 1045 3819; x_wconf 87' lang='lat' dir='ltr'>capell.</span> <span class='ocrx_word' id='word_1_330' title='bbox 1061 3732 1102 3799; x_wconf 92' lang='lat' dir='ltr'>de</span> <span class='ocrx_word' id='word_1_331' title='bbox 1121 3732 1276 3811; x_wconf 89' lang='lat' dir='ltr'>Mesnilo,</span> <span class='ocrx_word' id='word_1_332' title='bbox 1293 3730 1480 3796; x_wconf 91' lang='lat' dir='ltr'>Tomacen.</span> <span class='ocrx_word' id='word_1_333' title='bbox 1495 3727 1592 3805; x_wconf 84' lang='lat' dir='ltr'>dioc,</span> <span class='ocrx_word' id='word_1_334' title='bbox 1609 3734 1644 3789; x_wconf 90' lang='lat' dir='ltr'>et</span> 
     </span>
     <span class='ocr_line' id='line_1_32' title="bbox 285 3829 1643 3923; baseline -0.005 -24"><span class='ocrx_word' id='word_1_335' title='bbox 285 3855 359 3900; x_wconf 90' lang='lat' dir='ltr'>can.</span> <span class='ocrx_word' id='word_1_336' title='bbox 372 3835 403 3901; x_wconf 89' lang='lat' dir='ltr'>S.</span> <span class='ocrx_word' id='word_1_337' title='bbox 415 3836 531 3901; x_wconf 83' lang='lat' dir='ltr'>Amati</span> <span class='ocrx_word' id='word_1_338' title='bbox 547 3837 708 3917; x_wconf 73' lang='lat' dir='ltr'>Duacen,</span> <span class='ocrx_word' id='word_1_339' title='bbox 721 3840 934 3902; x_wconf 83' lang='lat' dir='ltr'>Attrebaten.</span> <span class='ocrx_word' id='word_1_340' title='bbox 950 3837 1048 3919; x_wconf 85' lang='lat' dir='ltr'>dioc,</span> <span class='ocrx_word' id='word_1_341' title='bbox 1059 3840 1119 3902; x_wconf 92' lang='lat' dir='ltr'>sub</span> <span class='ocrx_word' id='word_1_342' title='bbox 1130 3857 1205 3923; x_wconf 89' lang='lat' dir='ltr'>exp.</span> <span class='ocrx_word' id='word_1_343' title='bbox 1217 3838 1309 3922; x_wconf 89' lang='lat' dir='ltr'>preb.</span> <span class='ocrx_word' id='word_1_344' title='bbox 1322 3833 1470 3900; x_wconf 90' lang='lat' dir='ltr'>noscitur</span> <span class='ocrx_word' id='word_1_345' title='bbox 1482 3829 1643 3896; x_wconf 89' lang='lat' dir='ltr'>obtinere.</span> 
     </span>
     <span class='ocr_line' id='line_1_33' title="bbox 284 3938 477 4005; baseline 0.01 -2"><span class='ocrx_word' id='word_1_346' title='bbox 284 3979 327 3989; x_wconf 95' lang='lat'>—</span> <span class='ocrx_word' id='word_1_347' title='bbox 344 3938 421 4005; x_wconf 88' lang='lat' dir='ltr'>Fiat</span> <span class='ocrx_word' id='word_1_348' title='bbox 438 3939 477 4005; x_wconf 92' lang='lat' dir='ltr'>R.</span> 
     </span>
    </p>

    <p class='ocr_par' dir='ltr' id='par_1_6' title="bbox 328 4043 1085 4131">
     <span class='ocr_line' id='line_1_34' title="bbox 328 4043 1085 4131; baseline 0.004 -24"><span class='ocrx_word' id='word_1_349' title='bbox 328 4043 408 4109; x_wconf 90' lang='lat' dir='ltr'>Dat.</span> <span class='ocrx_word' id='word_1_350' title='bbox 425 4064 478 4131; x_wconf 92' lang='lat' dir='ltr'>ap.</span> <span class='ocrx_word' id='word_1_351' title='bbox 492 4044 741 4110; x_wconf 93' lang='lat' dir='ltr'>Villamnovam</span> <span class='ocrx_word' id='word_1_352' title='bbox 762 4066 797 4109; x_wconf 92' lang='lat'>12</span> <span class='ocrx_word' id='word_1_353' title='bbox 815 4044 883 4111; x_wconf 87' lang='lat' dir='ltr'>kal.</span> <span class='ocrx_word' id='word_1_354' title='bbox 900 4066 975 4129; x_wconf 91' lang='lat' dir='ltr'>aug.</span> <span class='ocrx_word' id='word_1_355' title='bbox 993 4052 1026 4111; x_wconf 85' lang='lat' dir='ltr'>a⁰</span> <span class='ocrx_word' id='word_1_356' title='bbox 1044 4052 1085 4110; x_wconf 86' lang='lat'>2⁰.</span> 
     </span>
    </p>
   </div>
   <div class='ocr_carea' id='block_1_6' title="bbox 280 4172 1645 4787">
    <p class='ocr_par' dir='ltr' id='par_1_7' title="bbox 280 4172 1645 4787">
     <span class='ocr_line' id='line_1_35' title="bbox 326 4172 1642 4269; baseline -0.009 -20"><span class='ocrx_word' id='word_1_357' title='bbox 326 4190 411 4249; x_wconf 81' lang='lat'>441.</span> <span class='ocrx_word' id='word_1_358' title='bbox 444 4182 545 4269; x_wconf 90' lang='lat' dir='ltr'>Supp.</span> <span class='ocrx_word' id='word_1_359' title='bbox 578 4182 728 4247; x_wconf 84' lang='lat' dir='ltr'>Andreas</span> <span class='ocrx_word' id='word_1_360' title='bbox 758 4182 800 4248; x_wconf 92' lang='lat' dir='ltr'>de</span> <span class='ocrx_word' id='word_1_361' title='bbox 832 4180 990 4268; x_wconf 92' lang='lat' dir='ltr'>Maupilis</span> <span class='ocrx_word' id='word_1_362' title='bbox 1019 4181 1062 4246; x_wconf 91' lang='lat' dir='ltr'>de</span> <span class='ocrx_word' id='word_1_363' title='bbox 1095 4180 1277 4259; x_wconf 87' lang='lat' dir='ltr'>Florentia,</span> <span class='ocrx_word' id='word_1_364' title='bbox 1309 4178 1481 4255; x_wconf 89' lang='lat' dir='ltr'>diaconus,</span> <span class='ocrx_word' id='word_1_365' title='bbox 1505 4177 1579 4240; x_wconf 90' lang='lat' dir='ltr'>bac.</span> <span class='ocrx_word' id='word_1_366' title='bbox 1610 4172 1642 4237; x_wconf 91' lang='lat' dir='ltr'>in</span> 
     </span>
     <span class='ocr_line' id='line_1_36' title="bbox 286 4277 1643 4373; baseline -0.01 -21"><span class='ocrx_word' id='word_1_367' title='bbox 286 4288 359 4372; x_wconf 93' lang='lat' dir='ltr'>leg.,</span> <span class='ocrx_word' id='word_1_368' title='bbox 387 4297 464 4353; x_wconf 90' lang='lat' dir='ltr'>actu</span> <span class='ocrx_word' id='word_1_369' title='bbox 491 4290 604 4371; x_wconf 89' lang='lat' dir='ltr'>legens</span> <span class='ocrx_word' id='word_1_370' title='bbox 629 4287 824 4367; x_wconf 69' lang='lat' dir='ltr'>Aurelianis</span> <span class='ocrx_word' id='word_1_371' title='bbox 850 4307 957 4373; x_wconf 89' lang='lat' dir='ltr'>nepos</span> <span class='ocrx_word' id='word_1_372' title='bbox 983 4286 1073 4351; x_wconf 94' lang='lat' dir='ltr'>dom.</span> <span class='ocrx_word' id='word_1_373' title='bbox 1093 4284 1237 4362; x_wconf 88' lang='lat' dir='ltr'>Andree,</span> <span class='ocrx_word' id='word_1_374' title='bbox 1253 4281 1306 4346; x_wconf 89' lang='lat' dir='ltr'>tit.</span> <span class='ocrx_word' id='word_1_375' title='bbox 1323 4280 1353 4344; x_wconf 85' lang='lat' dir='ltr'>S.</span> <span class='ocrx_word' id='word_1_376' title='bbox 1371 4280 1521 4343; x_wconf 87' lang='lat' dir='ltr'>Susanne</span> <span class='ocrx_word' id='word_1_377' title='bbox 1536 4277 1643 4362; x_wconf 89' lang='lat' dir='ltr'>presb.</span> 
     </span>
     <span class='ocr_line' id='line_1_37' title="bbox 285 4378 1643 4475; baseline -0.011 -18"><span class='ocrx_word' id='word_1_378' title='bbox 285 4391 473 4471; x_wconf 67' lang='lat' dir='ltr'>cardinalis</span> <span class='ocrx_word' id='word_1_379' title='bbox 491 4400 583 4475; x_wconf 91' lang='lat' dir='ltr'>quat.</span> <span class='ocrx_word' id='word_1_380' title='bbox 599 4391 660 4455; x_wconf 91' lang='lat' dir='ltr'>sibi</span> <span class='ocrx_word' id='word_1_381' title='bbox 672 4390 716 4454; x_wconf 89' lang='lat' dir='ltr'>de</span> <span class='ocrx_word' id='word_1_382' title='bbox 728 4390 781 4455; x_wconf 89' lang='lat' dir='ltr'>SS.</span> <span class='ocrx_word' id='word_1_383' title='bbox 794 4389 814 4468; x_wconf 93' lang='lat' dir='ltr'>J</span> <span class='ocrx_word' id='word_1_384' title='bbox 817 4391 960 4456; x_wconf 89' lang='lat' dir='ltr'>ohannis</span> <span class='ocrx_word' id='word_1_385' title='bbox 976 4399 1010 4455; x_wconf 98' lang='lat' dir='ltr'>et</span> <span class='ocrx_word' id='word_1_386' title='bbox 1027 4389 1206 4475; x_wconf 89' lang='lat' dir='ltr'>Reparate,</span> <span class='ocrx_word' id='word_1_387' title='bbox 1224 4385 1399 4464; x_wconf 90' lang='lat' dir='ltr'>Lucan.,et</span> <span class='ocrx_word' id='word_1_388' title='bbox 1410 4382 1452 4447; x_wconf 92' lang='lat' dir='ltr'>de</span> <span class='ocrx_word' id='word_1_389' title='bbox 1469 4382 1500 4446; x_wconf 89' lang='lat' dir='ltr'>S.</span> <span class='ocrx_word' id='word_1_390' title='bbox 1518 4378 1643 4445; x_wconf 89' lang='lat' dir='ltr'>Donati</span> 
     </span>
     <span class='ocr_line' id='line_1_38' title="bbox 280 4486 1645 4581; baseline -0.011 -21"><span class='ocrx_word' id='word_1_391' title='bbox 280 4497 377 4581; x_wconf 89' lang='lat' dir='ltr'>juxta</span> <span class='ocrx_word' id='word_1_392' title='bbox 406 4494 534 4560; x_wconf 92' lang='lat' dir='ltr'>Lucam</span> <span class='ocrx_word' id='word_1_393' title='bbox 566 4494 763 4560; x_wconf 88' lang='lat' dir='ltr'>secularium</span> <span class='ocrx_word' id='word_1_394' title='bbox 794 4503 829 4560; x_wconf 90' lang='lat' dir='ltr'>et</span> <span class='ocrx_word' id='word_1_395' title='bbox 860 4495 1111 4581; x_wconf 86' lang='lat' dir='ltr'>collegiatarum</span> <span class='ocrx_word' id='word_1_396' title='bbox 1142 4491 1224 4557; x_wconf 92' lang='lat' dir='ltr'>eccl.</span> <span class='ocrx_word' id='word_1_397' title='bbox 1256 4486 1465 4576; x_wconf 70' lang='lat' dir='ltr'>prioratibus</span> <span class='ocrx_word' id='word_1_398' title='bbox 1497 4504 1569 4549; x_wconf 90' lang='lat' dir='ltr'>vac.</span> <span class='ocrx_word' id='word_1_399' title='bbox 1584 4502 1645 4568; x_wconf 89' lang='lat' dir='ltr'>per</span> 
     </span>
     <span class='ocr_line' id='line_1_39' title="bbox 283 4589 1644 4683; baseline -0.01 -20"><span class='ocrx_word' id='word_1_400' title='bbox 283 4607 428 4663; x_wconf 83' lang='lat' dir='ltr'>mortem</span> <span class='ocrx_word' id='word_1_401' title='bbox 458 4597 539 4663; x_wconf 89' lang='lat' dir='ltr'>dicti</span> <span class='ocrx_word' id='word_1_402' title='bbox 570 4597 661 4663; x_wconf 92' lang='lat' dir='ltr'>dom.</span> <span class='ocrx_word' id='word_1_403' title='bbox 692 4598 877 4681; x_wconf 88' lang='lat' dir='ltr'>cardinalis,</span> <span class='ocrx_word' id='word_1_404' title='bbox 905 4600 961 4683; x_wconf 92' lang='lat' dir='ltr'>qui</span> <span class='ocrx_word' id='word_1_405' title='bbox 992 4598 1101 4663; x_wconf 89' lang='lat' dir='ltr'>dictos</span> <span class='ocrx_word' id='word_1_406' title='bbox 1123 4596 1291 4682; x_wconf 88' lang='lat' dir='ltr'>prioratus</span> <span class='ocrx_word' id='word_1_407' title='bbox 1317 4613 1359 4657; x_wconf 88' lang='lat' dir='ltr'>ex</span> <span class='ocrx_word' id='word_1_408' title='bbox 1375 4589 1556 4655; x_wconf 90' lang='lat' dir='ltr'>collatione</span> <span class='ocrx_word' id='word_1_409' title='bbox 1586 4606 1644 4651; x_wconf 87' lang='lat' dir='ltr'>seu</span> 
     </span>
     <span class='ocr_line' id='line_1_40' title="bbox 285 4693 1643 4787; baseline -0.01 -20"><span class='ocrx_word' id='word_1_410' title='bbox 285 4701 502 4767; x_wconf 90' lang='lat' dir='ltr'>concessione</span> <span class='ocrx_word' id='word_1_411' title='bbox 525 4711 632 4787; x_wconf 90' lang='lat' dir='ltr'>apost.</span> <span class='ocrx_word' id='word_1_412' title='bbox 660 4703 844 4784; x_wconf 89' lang='lat' dir='ltr'>obtinebat,</span> <span class='ocrx_word' id='word_1_413' title='bbox 869 4703 979 4768; x_wconf 91' lang='lat' dir='ltr'>eidem</span> <span class='ocrx_word' id='word_1_414' title='bbox 1006 4701 1140 4766; x_wconf 85' lang='lat' dir='ltr'>Andree</span> <span class='ocrx_word' id='word_1_415' title='bbox 1164 4698 1346 4784; x_wconf 89' lang='lat' dir='ltr'>dignemini</span> <span class='ocrx_word' id='word_1_416' title='bbox 1364 4693 1548 4783; x_wconf 87' lang='lat' dir='ltr'>providere,</span> <span class='ocrx_word' id='word_1_417' title='bbox 1575 4712 1643 4757; x_wconf 93' lang='lat' dir='ltr'>non</span> 
     </span>
    </p>
   </div>
   <div class='ocr_carea' id='block_1_7' title="bbox 319 4924 535 4975">
    <p class='ocr_par' dir='ltr' id='par_1_8' title="bbox 319 4924 535 4975">
     <span class='ocr_line' id='line_1_41' title="bbox 319 4924 535 4975; baseline 0.009 -3"><span class='ocrx_word' id='word_1_418' title='bbox 319 4927 341 4972; x_wconf 94' lang='lat' dir='ltr'>l.</span> <span class='ocrx_word' id='word_1_419' title='bbox 360 4924 421 4973; x_wconf 80' lang='lat' dir='ltr'>l&#39;oir</span> <span class='ocrx_word' id='word_1_420' title='bbox 438 4939 462 4973; x_wconf 91' lang='lat' dir='ltr'>n.</span> <span class='ocrx_word' id='word_1_421' title='bbox 483 4927 535 4975; x_wconf 72' lang='lat'>124.</span> 
     </span>
    </p>
   </div>
   <div class='ocr_carea' id='block_1_8' title="bbox 0 0 1830 5675">
    <p class='ocr_par' dir='ltr' id='par_1_9' title="bbox 0 0 1830 5675">
     <span class='ocr_line' id='line_1_42' title="bbox 0 0 1830 5675; baseline 0 1"><span class='ocrx_word' id='word_1_422' title='bbox 0 0 1830 5675; x_wconf 95' lang='lat' dir='ltr'> </span> 
     </span>
    </p>
   </div>
  </div>
 </body>
</html>
