3650 5675
677 527 985 631 1111111111
1457 529 1516 620 alr

155 709 374 800 Narmannie,
402 725 494 804 quat.
521 716 582 784 sibi
609 716 643 783 in
671 736 851 805 personam
879 716 993 785 dilecti
1015 717 1063 784 sui
1088 716 1198 784 fratris
1226 707 1361 786 Nicolal
1377 715 1419 786 de
1435 715 1514 786 Ber·

154 822 245 889 nolio
261 832 280 904 ¹,
307 823 465 888 monachi
496 843 653 909 expresse
676 817 814 908 professi
845 822 1037 889 monasterii
1066 821 1097 888 S.
1123 819 1223 888 Berte
1253 821 1296 890 de
1321 821 1513 912 BlangiacO,

156 925 320 993 Morinen.
336 927 432 1008 dioc,
448 925 491 993 O.
507 927 538 993 S.
553 926 601 1008 B.‚
619 927 855 1012 consanguinei
871 931 950 996 bon.
962 947 1062 994 rnem.
1085 925 1176 994 dom.
1194 926 1349 1012 Hugonis
1366 926 1514 1010 Kuereti,

155 1031 323 1116 quondam
346 1031 463 1098 militis
488 1032 548 1114 sui,
563 1053 626 1118 pro
641 1053 709 1118 quo
733 1031 816 1099 alias
831 1033 892 1120 ipsi
908 1053 967 1099 rex
982 1042 1018 1098 ot
1044 1030 1111 1098 dux
1127 1029 1159 1097 S.
1176 1029 1215 1098 V.
1232 1033 1513 1120 supplicaverunt,

154 1135 331 1220 specialem
340 1135 490 1220 graciam
500 1135 661 1202 facientes
670 1135 714 1203 de
725 1137 874 1224 pn'oratu
883 1136 926 1205 de
937 1137 1071 1224 Alteya,
1079 1135 1160 1202 dicti
1171 1135 1513 1219 ordinisAmbianen.

153 1238 249 1320 dioc,
265 1260 286 1305 a
308 1238 752 1322 monasterioMolismensi,
769 1241 918 1327 ejusdem
935 1240 1067 1322 ordinis,
1082 1239 1268 1327 Lingonen.
1281 1240 1378 1321 dioc,
1389 1241 1513 1330 depen-

152 1343 264 1425 dente,
294 1364 369 1411 vac.
399 1364 460 1430 per
489 1347 543 1410 ob.
571 1345 679 1410 ultimi
705 1343 823 1431 prioris
849 1345 1009 1431 ejusdem,
1035 1344 1092 1430 qui
1127 1343 1253 1412 dudum
1289 1356 1383 1416 extra
1413 1346 1513 1416 Rom.

152 1449 277 1516 curiam
292 1448 382 1516 diem
399 1451 518 1517 clausit
534 1457 733 1534 extremum,
740 1451 849 1518 eidem
859 1451 953 1518 fratri
971 1450 1115 1518 Nicolao
1130 1451 1311 1538 dignemini
1327 1449 1514 1538 providere.

152 1591 189 1608 -
211 1551 287 1620 Fiat
304 1553 345 1620 R.
361 1574 438 1620 curn
454 1555 682 1622 translatione.

197 1658 276 1726 Dat.
291 1659 391 1727 Avin.
406 1658 474 1727 kal.
486 1660 559 1746 julii
576 1667 609 1726 a⁰
626 1665 667 1730 6⁰.
681 1656 751 1746 (13,
770 1660 853 1746 761).

209 1797 342 1882 1222.
403 1898 405 1902 ¹
1180 1831 1275 1901 1347,
1289 1815 1331 1878 1⁰r
1347 1807 1432 1896 jurll
1448 1813 1469 1878 t.

198 1915 309 2003 Sign...
325 1915 498 1994 Johannes
515 1915 631 1983 Karoli
654 1919 693 1982 de
709 1916 892 1984 Cameraco
907 1928 927 2000 ²,
941 1917 972 1984 S.
990 1915 1139 1986 Ursmari
1156 1915 1339 1999 Lobiensis,
1356 1915 1513 1984 Camera-

153 2042 228 2088 cen.
238 2021 335 2104 dioc,
352 2030 387 2087 et
402 2022 512 2088 Adam
527 2021 569 2087 de
585 2022 734 2089 Vitriaco
743 2033 763 2105 ³,
777 2023 808 2090 S.
826 2023 941 2090 Crucis
957 2023 1174 2092 Cameracen.
1188 2023 1402 2090 ecclesiarum
1412 2021 1513 2088 colle-

152 2127 317 2212 giatarum
333 2127 487 2193 canonici
503 2127 699 2213 prebendati
716 2128 806 2210 olim,
820 2127 911 2214 quod
923 2128 984 2215 ipsi
998 2127 1107 2195 dictos
1119 2149 1192 2196 can.
1209 2137 1243 2194 et
1259 2129 1361 2215 preb,
1379 2147 1462 2211 quos
1478 2126 1510 2190 in

151 2229 278 2298 eisdem
294 2232 443 2299 ecclesiis
459 2233 669 2316 obtinebant,
682 2255 723 2299 ex
740 2234 838 2300 certis
854 2234 961 2300 causis
973 2235 1070 2319 justis
1094 2242 1129 2300 et
1144 2233 1300 2319 legitimis
1315 2241 1351 2299 et
1365 2231 1512 2298 rationa-

149 2336 272 2403 bilibus
292 2337 326 2402 in
341 2338 497 2405 manibus
515 2337 555 2404 R.
572 2337 609 2404 P.
626 2339 798 2426 Stephani,
815 2339 917 2427 episc.
934 2338 964 2406 S.
982 2339 1098 2407 Poncii
1121 2336 1385 2419 Thomeriarum,
1403 2357 1512 2404 came-

150 2440 230 2508 rarii
254 2442 366 2525 vestri,
383 2461 485 2510 causa
512 2442 773 2528 pennutacionis
788 2444 896 2510 solum
911 2443 955 2510 ad
970 2443 1115 2511 invicem
1132 2440 1284 2508 faciende
1300 2442 1390 2528 apud
1398 2440 1512 2508 sedem

152 2555 263 2633 apost.
279 2547 542 2632 resignaverunt,
559 2557 594 2613 et
619 2545 707 2613 idern
732 2546 909 2634 episcopus
933 2547 1040 2614 dictas
1067 2546 1312 2632 resignaciones
1327 2545 1455 2631 recepit
1470 2545 1512 2610 de

152 2650 318 2718 mandato
333 2651 365 2718 S.
381 2651 422 2719 V.
438 2652 516 2717 vive
531 2653 624 2718 vocis
648 2653 783 2718 oraculo
799 2652 860 2718 sibi
876 2652 976 2718 facto.
998 2651 1110 2735 Quare
1134 2671 1229 2738 supp.
1244 2649 1326 2716 dicti
1342 2647 1514 2726 Johannes

153 2764 189 2821 et
205 2755 316 2821 Adam
332 2763 423 2842 quat.
448 2755 558 2824 eidem
582 2755 728 2834 Johanni
752 2755 865 2822 Karoli
895 2757 938 2822 de
965 2775 1039 2822 can.
1067 2763 1101 2821 et
1127 2755 1219 2843 preb.
1243 2753 1325 2822 eccl.
1353 2753 1384 2819 S.
1401 2751 1515 2820 Crucis

153 2860 372 2928 Cameracen.
400 2870 434 2927 et
464 2862 557 2929 dicto
583 2861 695 2927 Adam
721 2861 863 2929 decan.
888 2870 923 2927 et
954 2863 1046 2948 preb.
1070 2860 1102 2925 S.
1130 2858 1281 2927 Ursmari
1309 2854 1514 2929 Lobiensis...

151 2965 337 3051 dignemini
364 2965 581 3052 providere...
612 2986 680 3031 non
710 2968 796 3031 obst.
827 2966 918 3050 quod
942 2964 1031 3031 idem
1055 2964 1228 3043 Johannes
1257 2962 1409 3051 parrocb.
1432 2963 1514 3035 eccl.

150 3070 185 3134 S.
200 3067 338 3135 Martini
354 3070 397 3135 de
411 3068 643 3137 Hanniecourt
655 3078 690 3137 et
699 3078 915 3156 personatum
929 3069 1179 3156 deVygnehieS,
1193 3068 1403 3137 Cameracen.
1416 3068 1513 3153 dioc,

150 3193 195 3239 ac
207 3180 405 3259 perpetuam
422 3174 643 3260 capellaniam
667 3174 701 3238 in
717 3174 800 3240 eccl.
816 3173 1041 3257 Cameracen,
1061 3183 1095 3240 et
1121 3176 1230 3243 dictus
1245 3176 1357 3241 Adam
1373 3174 1407 3241 in
1431 3176 1513 3242 eccl.

150 3275 185 3343 S.
198 3274 377 3362 Gaugerici
393 3277 611 3346 Cameracen.
628 3298 700 3345 can.
717 3286 751 3345 et
778 3281 870 3364 preb.
887 3279 1038 3345 obtinere
1060 3289 1252 3347 noscuntur.
1279 3318 1323 3335 —-
1350 3278 1428 3347 Fiat
1453 3301 1514 3366 pro

150 3388 307 3467 utroque.
326 3380 366 3449 R.

148 3485 151 3491 “
199 3482 277 3551 Dat.
294 3486 391 3551 Avin.
407 3484 476 3552 kal.
488 3487 560 3570 julii
574 3494 608 3552 a⁰
626 3492 667 3554 6⁰.
682 3481 758 3573 (13,
769 3490 852 3574 80‘').

209 3622 343 3705 1223·
1204 3660 1298 3729 1347,
1313 3664 1334 3731 3
1346 3638 1470 3725 juillet.

198 3740 322 3829 Supp...
338 3739 512 3824 Johannes
528 3741 742 3831 Voghelare⁴,
758 3744 866 3831 presb.
885 3740 1053 3812 Morinen.
1069 3743 1246 3827 dioc.,cler.
1264 3744 1304 3811 R.
1320 3744 1357 3811 P.
1377 3742 1514 3837 [Petri],

150 3846 257 3936 episc.
273 3846 473 3930 Sabinensis,
501 3846 688 3930 cardinalis
714 3856 805 3934 quat.
830 3847 924 3917 sibi...
940 3846 982 3913 de
998 3848 1179 3915 medietate
1205 3848 1357 3935 parrocb.
1375 3848 1514 3917 ecclesie

151 3954 186 4020 S.
205 3951 350 4018 Bavonis
365 3952 674 4038 Ardemburgensis,
692 3951 880 4021 Tomacen.
907 3950 1005 4034 dioc,
1033 3973 1092 4041 per
1118 3954 1201 4020 duos
1229 3952 1325 4021 solite
1340 3952 1514 4039 gubernari

153 4065 316 4139 rectores,
332 4076 405 4123 vac.
422 4057 511 4143 apud
527 4057 642 4123 sedem
663 4065 769 4144 apost.
790 4077 850 4143 per
866 4059 919 4123 ob.
937 4056 1051 4141 Sigerii
1069 4056 1228 4141 Coeman,
1245 4056 1300 4143 qui
1317 4057 1350 4123 in
1367 4056 1515 4145 partibus

152 4160 221 4227 illis
238 4160 328 4226 diem
344 4159 463 4231 clausit
478 4169 666 4226 extremum
669 4212 720 4243 .....
736 4159 920 4246 dignemini
936 4160 1132 4246 providere3
1150 4183 1217 4228 non
1239 4164 1325 4229 obst.
1343 4160 1434 4248 quod
1456 4182 1515 4249 per

153 4266 259 4332 alium
283 4274 449 4352 occupata
475 4264 666 4332 detineatur
694 4265 737 4331 de
763 4264 863 4346 facto,
890 4284 949 4331 seu
974 4264 1064 4350 quod
1088 4265 1197 4333 dictus
1224 4265 1396 4344 Johannes
1422 4286 1514 4353 perp.

153 4370 321 4455 capellan.
334 4367 372 4436 B.
391 4366 440 4436 M.
451 4369 485 4437 ln
497 4371 579 4440 eccl.
591 4370 623 4435 S.
634 4368 798 4448 Johannis
809 4370 851 4437 de
861 4368 1120 4454 Pauperingues,
1136 4370 1226 4439 dicte
1237 4370 1405 4440 Morinen.
1417 4372 1513 4453 dioc,

151 4473 305 4542 noscitur
318 4474 480 4542 obtinere.
493 4474 623 4541 -Fiat
640 4473 680 4539 R.

201 4577 280 4645 Dat.
296 4577 397 4643 Avin.
415 4596 432 4662 5
449 4599 528 4644 non.
541 4578 613 4663 julii
644 4586 677 4644 a⁰
695 4582 736 4645 6⁰.
753 4581 822 4661 (13,
839 4579 905 4663 82).

191 4800 212 4847 l.
225 4798 259 4847 Oe
270 4800 355 4847 moine
366 4797 457 4847 dcviut
468 4796 535 4847 abbe
546 4798 579 4847 de
591 4796 692 4859 Blangy
709 4814 740 4846 eu
755 4800 817 4846 1333
830 4794 961 4860 (Berlibre,
981 4794 1078 4843 1111111.
1090 4792 1168 4854 ariol,
1181 4802 1217 4841 n⁰¹
1228 4796 1282 4853 aab,
1296 4792 1356 4857 285)
1369 4810 1374 4853 ;
1387 4797 1442 4843 voir
1458 4795 1516 4857 plus

153 4875 222 4922 baut
231 4885 256 4921 n.
270 4874 381 4921 lotia-.-
393 4874 415 4921 2.
425 4873 448 4920 ll
460 4872 541 4935 figure
561 4874 584 4922 le
603 4873 632 4922 13
653 4872 791 4923 novembro
808 4872 870 4921 1313
885 4886 984 4921 comme
1003 4882 1141 4935 procureur·
1159 4867 1192 4917 dc
1212 4866 1326 4931 l'dquue
1344 4868 1376 4917 de
1396 4869 1516 4920 cambrai

153 4944 289 5010 (Berlibre,
302 4946 407 5004 aaron..
420 4960 444 4996 n.
457 4948 526 5010 140).
537 4976 570 4983 η
582 4949 604 4995 3.
617 4947 641 4995 ll
653 4947 743 4997 ‹lavlut
754 4962 785 4996 en
799 4948 861 4997 1349
872 4946 998 4995 cbanoine
1009 4942 1162 5011 prdbcnrlier
1172 4941 1205 4991 do
1217 4942 1241 4997 S.
1256 4942 1382 4995 Donatien
1394 4944 1409 4994 1
1421 4943 1517 5005 Bruges

153 5021 254 5084 ((1111)).
263 5019 379 5078 chronol,
392 5022 518 5084 lta-lua).
526 5048 558 5058 -
566 5023 589 5071 4.
601 5021 663 5070 Voil'
673 5036 698 5071 n.
711 5023 780 5080 1022,
794 5022 864 5075 1215.

212 5109 274 5151 anat
290 5108 337 5151 Vna
356 5109 415 5159 llelg.
