3650 5675
691 518 779 591 1844,
802 518 889 582 15-17
910 518 1027 584 livrier
1483 523 1545 588 itu

172 679 210 737 et
226 670 344 737 Petrus
359 670 402 737 de
420 668 619 750 Montanea,
636 670 737 755 quod,
754 690 831 736 cum
855 692 962 757 nuper
986 672 1104 738 Petrus
1129 672 1295 751 Johannis
1309 696 1370 761 per
1383 674 1545 760 seipsum,

172 783 210 839 et
235 773 354 839 Petrus
377 774 419 839 de
448 773 635 841 Montanea
651 794 712 859 per
727 782 855 839 certum
882 784 1135 860 procuratorem
1162 798 1268 857 suum,
1295 798 1370 844 can.
1386 788 1422 845 et
1437 782 1543 865 preb,

173 898 260 963 quos
283 878 401 943 Petrus
425 877 591 955 Jolrannis
617 878 651 942 in
680 877 848 959 Calvensi,
872 888 907 945 et
931 879 1048 945 Petrus
1063 881 1106 946 de
1123 880 1311 947 Montanea
1326 883 1360 947 in
1375 883 1409 947 S.
1422 884 1538 949 Amati

174 982 371 1063 DuacensiS,
402 984 615 1049 Attrebaten.
651 984 737 1048 dioc.
764 984 923 1064 ecclesiis
960 985 1168 1066 obtinebant,
1193 1008 1235 1051 ex
1270 1006 1372 1052 causa
1407 1008 1544 1072 permu-

173 1084 324 1164 tationis,
340 1085 374 1149 in
390 1086 545 1151 manibus
562 1086 601 1151 R.
620 1086 655 1151 P.
672 1086 762 1152 dom.
775 1086 990 1172 l'alayrandi,
1004 1087 1261 1173 Petragoricen,
1275 1090 1306 1155 S.
1324 1089 1364 1155 R.
1382 1090 1421 1155 E.
1438 1091 1538 1170 card,

172 1190 394 1274 resignarunt,
420 1190 594 1275 dictusque
620 1191 710 1256 dom.
736 1192 823 1257 card.
849 1192 1091 1277 resignationes
1112 1192 1303 1277 hujusmodi
1320 1195 1410 1281 apud
1425 1195 1539 1260 sedern

173 1303 284 1379 apost.
300 1294 463 1380 receperit
479 1294 522 1359 de
537 1294 702 1360 mandato
716 1304 830 1361 vestro
844 1296 905 1361 sibi
922 1286 1014 1362 facto
1030 1297 1167 1362 oraculo
1178 1298 1256 1362 vive
1267 1298 1381 1379 vocis,
1399 1299 1543 1365 Calven..
1582 1356 1588 1366 .

174 1396 277 1463 Petro
300 1398 343 1462 de
369 1396 568 1479 Montanea,
586 1408 620 1463 et
644 1398 675 1463 S.
692 1400 804 1463 Amati
822 1420 896 1466 can.
912 1408 948 1465 et
963 1404 1055 1487 preb.
1072 1400 1241 1486 predictos
1257 1401 1359 1468 Petro
1373 1401 1393 1479 J
1396 1402 1538 1468 ohannis

170 1502 311 1586 prefatis
335 1502 487 1567 conferre
510 1503 692 1588 dignemini
709 1511 744 1567 et
759 1503 935 1589 providere
950 1504 993 1569 de
1010 1505 1094 1584 illis,
1116 1526 1186 1570 non
1202 1506 1287 1571 obst.
1314 1504 1406 1591 quod
1421 1505 1545 1571 Petrus.

170 1605 216 1669 de
234 1604 424 1671 lllontanea
447 1607 651 1673 decanatum
673 1607 814 1672 ecclesie
841 1607 1029 1689 Patracen,
1046 1618 1080 1673 et
1097 1609 1214 1674 Petrus
1229 1608 1395 1687 Johannis
1410 1608 1543 1695 predic-

170 1720 227 1774 tus
250 1709 404 1795 parroch.
432 1712 513 1777 eccl.
541 1710 580 1776 B.
609 1710 657 1776 M.
684 1710 873 1777 Tomacen.
891 1722 909 1793 ¹,
932 1714 1084 1777 obtinere
1110 1721 1279 1779 noscatur.
1306 1752 1348 1763 -
1376 1712 1453 1778 Fiat
1477 1734 1545 1799 pro

173 1821 328 1897 utroque.
346 1812 386 1879 R.

163 1928 168 1934 '
218 1917 298 1982 Dat.
315 1918 368 2003 ap.
385 1916 634 1985 villamnovam
655 1926 691 1983 16
707 1919 775 1985 kal.
792 1928 890 1985 mart.
907 1928 942 1985 a⁰
958 1928 1000 1986 2⁰.
1018 1922 1070 2004 (4,
1089 1922 1179 2005 201).

228 2055 346 2143 663.
770 2148 773 2155 ,
1175 2092 1270 2156 1344,
1294 2093 1336 2154 15
1351 2073 1492 2160 [ἐνῆεν.

217 2174 319 2261 Supp.
346 2174 578 2260 Raymundus,
594 2175 696 2261 episc.
727 2173 906 2255 Morinen,
933 2182 1026 2258 quat.
1056 2173 1234 2261 [Johanni,
1258 2184 1343 2242 nato
1366 2177 1538 2261 quondam

170 2275 339 2355 lobannis
355 2276 634 2357 Parmentarii,de
650 2277 787 2359 Ghines,
800 2280 909 2364 presb.
924 2276 1094 2344 Morinen.
1109 2279 1209 2358 dioc,
1216 2281 1397 2346 secretario
1412 2288 1447 2347 et
1463 2302 1537 2366 cap.

171 2400 233 2449 suo
249 2379 436 2447 domestico
458 2388 494 2445 et
518 2380 729 2466 cornmens.,]
756 2402 829 2447 can.
855 2391 889 2446 et
912 2384 1015 2467 preb,
1041 2404 1125 2466 quos
1146 2382 1313 2449 Gerardus
1333 2383 1376 2449 de
1401 2383 1538 2449 Curtilis

170 2484 325 2549 obtinere
355 2486 487 2551 solebat
518 2485 551 2549 in
582 2485 663 2551 eccl.
685 2485 803 2570 colleg.
831 2483 869 2549 B.
897 2482 946 2548 M.
969 2482 1197 2565 Messinensis,
1225 2485 1316 2551 dicte
1339 2487 1437 2567 dioc,
1463 2507 1537 2553 vac.

169 2586 216 2654 ad
235 2610 373 2675 presens
396 2590 486 2675 apud
512 2590 626 2655 sedem
649 2598 757 2676 apost.
780 2608 839 2673 per
865 2588 1083 2673 adeptionem
1101 2596 1137 2652 et
1151 2588 1376 2653 retentionem
1396 2589 1537 2675 pacifice

171 2694 391 2779 possessionis
414 2714 491 2759 can.
513 2702 548 2759 et
564 2696 656 2779 preb.
678 2695 759 2759 eccl.
784 2691 946 2757 Parisien.
967 2692 1077 2757 factas
1091 2713 1151 2777 per
1165 2692 1293 2758 dictum
1315 2691 1511 2773 Gerardum,
1527 2704 1542 2729 ²

171 2804 263 2862 auct.
284 2796 391 2883 gratie
414 2795 540 2864 dudum
563 2798 623 2865 sibi
648 2797 737 2864 facte
767 2816 827 2884 per
852 2796 944 2863 dom.
971 2794 1195 2862 Benedictum
1217 2816 1341 2883 papam
1368 2794 1449 2878 XII,
1480 2797 1536 2882 qui

171 2903 280 2968 roluit
306 2912 341 2967 et
371 2901 531 2984 decrevit,
556 2903 646 2988 quod
678 2923 755 2968 cum
781 2901 1026 2988 possessionem
1056 2901 1235 2987 pacificam
1267 2900 1434 2968 dictorum
1461 2922 1537 2968 can.

170 3015 208 3072 et
228 3009 321 3093 preb.
347 3006 507 3072 Parisien.
526 3007 625 3072 fuerit
640 3014 822 3087 assecutus,
836 3026 911 3072 can.
923 3014 959 3070 et
978 3007 1072 3092 preb.
1090 3006 1172 3070 eccl.
1188 3003 1227 3069 Β.
1248 3002 1298 3070 Μ.
1319 3003 1537 3072 Messinensis

170 3110 342 3196 predictos
372 3111 543 3176 dimittere
575 3118 745 3176 teneretur
775 3133 784 3190 ς
818 3109 951 3195 prefato
985 3107 1135 3186 Johanni
1164 3108 1315 3174 conferre
1352 3109 1536 3194 dignemini

170 3222 206 3280 et
216 3214 394 3300 providere
409 3215 452 3280 de
467 3214 593 3280 eisdem
608 3237 616 3294 ;
633 3235 702 3280 non
719 3216 805 3280 obst.
816 3212 907 3298 quod
917 3211 936 3290 J
939 3212 1090 3278 ohannes
1098 3212 1141 3278 de
1158 3211 1356 3298 MoyrontO,
1372 3215 1536 3300 presbiter

170 3315 337 3384 Bisuntin.
353 3318 451 3400 dioc,
467 3317 576 3384 dictos
591 3337 667 3384 can.
683 3326 718 3383 et
734 3318 825 3403 preb.
842 3316 925 3382 eccl.
942 3313 1160 3382 Messinensis
1174 3317 1218 3382 de
1233 3318 1336 3398 facto,
1353 3327 1390 3383 ut
1404 3318 1535 3398 dicitur,

172 3420 324 3487 detineat
340 3429 545 3508 occupatos;
562 3441 630 3486 non
648 3423 734 3486 obst.
750 3420 853 3486 etiam
868 3419 934 3485 des.
950 3420 1116 3486 natalium
1131 3441 1231 3505 quem
1256 3423 1383 3507 patitur
1398 3421 1441 3490 de
1456 3443 1536 3489 con-

168 3523 288 3608 jugato
313 3524 446 3610 genitus
471 3532 507 3591 et
533 3526 643 3590 soluta
659 3547 666 3605 ;
685 3544 783 3610 super
809 3532 976 3608 qu0,ta1n
1002 3545 1063 3610 per
1089 3525 1121 3590 S.
1148 3524 1199 3607 V,
1214 3547 1316 3612 quam
1339 3536 1429 3594 auct.
1455 3528 1535 3593 dieti

171 3625 263 3693 dom.
279 3627 522 3713 predecessoris
539 3628 649 3708 vestri,
667 3648 743 3694 cum
759 3648 802 3694 eo
817 3627 930 3694 extitit
945 3627 1177 3714 dispensatum
1187 3638 1224 3696 ut
1236 3640 1350 3716 posset
1365 3631 1410 3697 ad
1425 3652 1539 3698 sacros

173 3731 307 3797 ordines
321 3733 523 3818 promoveri,
540 3741 576 3797 et
590 3733 657 3798 duo
672 3735 750 3797 ben.
767 3734 859 3812 eccl,
876 3732 938 3797 sibi
955 3733 998 3798 ad
1014 3734 1160 3798 invicem
1182 3733 1434 3819 compatientia,
1451 3734 1540 3798 obti-

171 3855 252 3900 nere
267 3859 276 3916 ;
293 3843 328 3900 et
344 3835 435 3921 quod
449 3838 532 3902 eccl.
547 3836 701 3922 parroch.
717 3836 799 3901 dicti
825 3835 890 3901 loci
917 3836 960 3902 de
976 3835 1115 3919 Ghines,
1141 3858 1218 3902 cum
1240 3837 1312 3921 ejus
1327 3835 1537 3921 pertinentiis

172 3947 208 4003 et
235 3939 386 4021 annexis,
411 3941 504 4026 cujus
535 3940 691 4006 fructus...
720 3961 760 4004 20
791 3939 846 4004 lib.
873 3939 987 4021 Paris,
1019 3963 1085 4006 sec.
1115 3949 1184 4005 tax.
1215 3939 1355 4019 decime,
1385 3940 1537 4004 valorem

171 4063 321 4108 annuum
337 4063 407 4110 non
422 4043 601 4124 excedunt,
617 4044 765 4110 noscitur
782 4041 945 4107 obtinere.
957 4081 1000 4092 -
1016 4041 1094 4108 Fiat
1112 4042 1151 4108 R.

217 4147 293 4213 Dat.
309 4169 363 4234 ap.
380 4147 628 4214 Villamnovam
649 4167 683 4232 15
700 4146 767 4212 kal.
783 4153 881 4211 mart.
897 4155 931 4211 a⁰
948 4154 990 4212 2⁰.
1008 4148 1060 4232 (4,
1078 4148 1166 4231 215).

224 4285 342 4368 664.
1188 4315 1284 4380 1544,
1302 4314 1343 4378 17
1350 4296 1491 4383 se'vrier.

217 4403 318 4490 Supp.
333 4405 413 4470 nob.
433 4401 453 4479 J
456 4402 609 4468 ohannes
624 4400 763 4479 Jordani
779 4399 822 4466 de
850 4399 973 4480 Insula,
989 4398 1079 4464 doru.
1096 4397 1138 4462 de
1161 4395 1375 4479 Aucinivilla,
1395 4395 1537 4484 [Tholo-

170 4528 243 4574 san.
259 4505 374 4594 dioc.,]
393 4514 485 4591 quat.
501 4505 601 4572 irater
616 4527 693 4572 suus
708 4503 856 4572 Ysamus
868 4504 901 4568 in
919 4503 1032 4588 aliquo
1040 4500 1186 4588 generali
1204 4500 1315 4568 studio
1329 4501 1435 4588 possit
1451 4499 1541 4568 sruc-

170 4623 226 4678 tus
245 4631 377 4698 grossos
402 4610 573 4696 prebende
603 4629 660 4674 sue
682 4609 763 4675 eccl.
781 4607 999 4674 Cameracen.
1026 4606 1218 4694 percipere;
1247 4627 1315 4673 non
1344 4608 1430 4672 obst.
1447 4605 1537 4691 quod

206 4822 227 4868 l.
240 4819 324 4868 Picnc
335 4819 402 4868 deun
419 4816 452 4866 de
473 4817 595 4867 Flnreuce
616 4818 658 4867 fut
679 4815 782 4867 nomme
801 4816 863 4868 cure
879 4817 911 4868 de
929 4819 1006 4868 N.·D.
1023 4817 1055 4867 de
1073 4818 1191 4877 Toumui,
1205 4816 1229 4866 le
1242 4819 1271 4866 14
1283 4815 1370 4878 juillet
1382 4817 1444 4865 1339
1463 4815 1539 4877 (Vos,

171 4891 305 4952 Panum,
320 4892 339 4952 l,
355 4891 398 4953 13)
411 4907 417 4949 ;
429 4891 447 4939 11
459 4906 490 4938 cn
500 4893 571 4939 avait
580 4891 622 4940 ete
632 4906 731 4956 pourvu
743 4906 791 4956 par
805 4891 896 4943 Benolt¹
909 4893 966 4942 xrl
978 4893 1001 4943 lc
1013 4895 1044 4941 22
1056 4891 1143 4956 juillet
1155 4889 1295 4956 prcctdent
1307 4889 1405 4955 (Vidnl,
1415 4904 1440 4939 u.
1452 4889 1515 4937 5495
1529 4904 1537 4946 ;

170 4965 206 5015 cl.
217 4981 242 5015 u.
254 4967 339 5028 6572).
351 4993 384 5001 —
395 4967 418 5016 2.
431 4965 558 5026 Molinicr,
575 4965 648 5028 obri,
663 4967 682 5027 1,
695 4967 748 5026 220,
762 4967 819 5020 22³.
847 4995 857 5017 2
