3650 5675
682 510 769 583 1350,
793 510 812 573 9
834 509 1008 587 septembre.
1433 572 1437 579 ,
1461 511 1523 574 530

204 661 314 724 2070.
332 658 420 724 Item
436 660 535 725 simili
550 658 654 724 modo
670 656 889 724 collationem
903 655 923 733 J
926 654 1053 721 ohanni
1069 655 1111 721 de
1124 656 1258 739 Quercu
1272 669 1280 694 ¹
1296 656 1339 721 de
1354 656 1473 741 majori
1488 666 1524 723 et

159 761 180 839 J
183 762 309 833 ohanni
336 761 379 827 de
405 760 547 827 Marka²
563 762 604 827 de
620 762 652 827 S.
669 761 763 827 Pauli
780 770 814 827 et
830 760 869 827 Β.
887 760 937 827 Μ.
955 760 1127 846 Hoyensis
1139 761 1390 828 canonicatibus
1400 771 1435 828 et
1450 782 1523 847 pre-

161 865 278 931 bendis
295 886 335 931 ac
349 864 501 931 Evrardo
518 866 560 931 de
578 864 725 931 Marka³
750 866 792 932 de
807 886 900 951 perp.
917 866 1104 951 capellania
1120 866 1152 932 S.
1169 865 1347 933 Michaelis
1362 866 1522 932 Leodien.

161 970 309 1036 civitatis
325 976 360 1035 et
375 970 528 1053 diocesis,
555 990 629 1036 vac.
644 990 704 1057 per
720 968 981 1054 resignationem
1004 989 1065 1054 per
1088 970 1176 1055 ipsos
1192 969 1317 1035 iactam
1334 990 1436 1035 causa
1450 991 1523 1056 per-

161 1073 357 1139 mutationis
372 1074 407 1139 in
424 1074 579 1139 manibus
594 1072 761 1140 ordinarii.

206 1176 293 1242 Item
309 1178 407 1243 simili
423 1177 527 1244 modo
542 1178 758 1243 collationem
769 1176 893 1242 iactam
906 1175 1138 1261 Raynaldode
1150 1175 1313 1242 Barnawe
1325 1195 1347 1258 ⁴,
1358 1179 1524 1245 canonico

161 1282 301 1347 ecclesie
332 1282 364 1347 S.
396 1281 488 1347 Pauli
522 1280 692 1362 Leodien.,
709 1281 751 1347 de
775 1280 948 1346 scolastria
971 1280 1074 1366 ipsius
1104 1281 1245 1347 ecclesie
1274 1302 1350 1347 vac.
1380 1303 1439 1368 per
1469 1285 1524 1348 ob.

164 1385 314 1467 Henrici,
330 1386 438 1451 ultimi
455 1386 556 1472 ipsius
572 1385 712 1451 ecclesie
728 1384 907 1451 scolastici.
923 1420 967 1429 —-
983 1383 1059 1449 Fiat
1076 1382 1116 1449 R.

206 1489 282 1555 Dat.
299 1489 399 1554 Avin.
419 1511 435 1575 5
453 1489 497 1556 id.
514 1497 599 1575 sept.
615 1497 648 1555 a⁰
665 1496 707 1570 9⁰.
725 1490 802 1573 (20,
823 1490 910 1573 135).

213 1625 354 1707 2071.
1140 1659 1237 1723 1550,
1253 1660 1273 1723 9
1289 1642 1479 1727 septembre.

203 1743 350 1808 Rotulus
366 1746 627 1829 resignationem
646 1743 696 1830 [in
713 1746 868 1809 inertibus
887 1743 1062 1809 Guillelmz'
1075 1747 1116 1809 rie
1130 1742 1284 1829 Boedas}

206 1847 306 1912 Pater
322 1846 386 1912 8¹⁰⁹.
403 1847 569 1932 Dignctur
585 1848 616 1913 S.
633 1847 672 1914 V.
689 1846 895 1934 providere...

206 1949 294 2015 Item
311 1950 484 2017 Everardo
500 1951 542 2016 de
556 1951 715 2032 Askania,
732 1952 853 2017 clerico
870 1950 1029 2017 Leodien.
1045 1951 1142 2030 dioc..
1158 1950 1201 2016 de
1215 1950 1352 2037 paroch.
1368 1951 1449 2016 eccl.
1465 1970 1523 2014 seu

160 2055 310 2141 prioratu
325 2056 356 2121 S.
369 2054 540 2121 Cristofori
550 2056 593 2122 de
605 2053 990 2141 Valleyrauica,Uticen.
1003 2053 1162 2141 dioc.,per
1176 2053 1316 2119 liberam
1330 2053 1523 2138 resignatio-

161 2178 240 2223 nem
262 2179 323 2244 per
335 2167 588 2245 procuratorem
604 2178 691 2244 mag.
708 2157 727 2236 J
730 2157 873 2225 ohannis
887 2157 930 2223 de
947 2158 978 2224 S.
995 2158 1160 2241 Quintino
1175 2158 1311 2224 saetam.
1333 2194 1364 2205 -
1387 2156 1464 2222 Fiat
1482 2155 1522 2222 R.

206 2261 286 2327 Dat.
301 2260 401 2326 Avin.
420 2282 436 2346 5
455 2262 498 2327 id.
514 2270 600 2349 sept.
617 2269 651 2327 a⁰
668 2270 710 2342 9⁰.
728 2262 805 2345 (20,
826 2262 913 2346 139).
951 2272 955 2277 ’

212 2400 356 2484 2072.
1142 2432 1237 2496 1550,
1254 2432 1273 2496 9
1289 2414 1479 2498 septembre.

200 2518 346 2583 Rotulus
362 2520 651 2605 corpermaubnum
667 2520 863 2583 auctoritate
878 2520 1068 2605 apostolica.

204 2622 258 2686 S¹¹s¹e
276 2622 312 2688 Ρ.
329 2622 522 2707 Dignemini
548 2622 746 2687 confirmare
761 2622 1031 2707 acceptationem
1057 2640 1116 2705 per
1131 2618 1318 2683 Amaldum
1333 2618 1465 2684 Tuillen
1481 2619 1524 2683 de

161 2725 195 2791 S.
211 2725 368 2791 Trudone
383 2725 426 2791 de
442 2746 517 2791 can.
534 2732 569 2790 et
584 2729 676 2811 preb.
693 2725 834 2791 ecclesie
850 2726 882 2791 S.
893 2723 1125 2791 Bartholomei
1141 2721 1291 2787 Leodien
1303 2742 1378 2787 vac.
1394 2742 1454 2808 per
1469 2724 1512 2787 ob

161 2828 300 2894 Gerardi
327 2828 369 2894 de
397 2828 494 2895 Sarto
518 2839 540 2895 ⁵.

202 2933 486 3018 Acceptationem
512 2954 572 3019 per
597 2932 789 3010 Johannem
821 2932 949 2998 dictum
988 2930 1089 3016 Ohay
1124 2930 1166 2996 de
1204 2932 1341 3017 paroch.
1371 2931 1453 2997 eccl.
1484 2929 1523 2994 B.

161 3036 303 3122 Remigii
330 3037 364 3101 in
389 3037 513 3124 oppido
530 3036 697 3122 Hoyensi,
720 3036 880 3102 Leodien.
903 3036 1001 3117 dioc,
1018 3056 1090 3102 vac.
1107 3055 1166 3121 per
1181 3039 1235 3101 ob.
1252 3035 1359 3100 ultimi
1374 3034 1522 3101 rectoris.

205 3140 283 3205 Dat.
298 3138 399 3205 Avin.
418 3159 435 3224 5
453 3139 497 3206 id.
514 3149 598 3227 sept.
615 3149 648 3206 a⁰
665 3149 707 3221 9⁰.
725 3142 801 3226 (20,
822 3141 925 3226 1461).

211 3276 357 3363 2073.
1141 3308 1236 3373 1550,
1253 3310 1273 3376 9
1288 3292 1478 3377 septembre.

201 3394 257 3459 S¹¹¹⁰
288 3395 397 3462 Pater.
425 3395 512 3460 Cum
539 3395 737 3461 Guillelmus
763 3395 806 3460 de
839 3392 1063 3460 Marchiant6
1089 3413 1163 3460 can.
1195 3402 1230 3458 et
1259 3398 1351 3479 preb.
1382 3394 1523 3460 ecclesie

157 3499 386 3581 cameracen,
403 3508 438 3564 et
453 3499 472 3577 J
476 3501 625 3565 ohannes
641 3499 682 3565 de
699 3497 787 3564 Brali
798 3511 819 3578 ⁷,
830 3497 999 3564 familiaris
1011 3505 1132 3578 vester,
1143 3518 1216 3563 can.
1229 3506 1264 3562 et
1280 3501 1372 3583 preb.
1382 3497 1522 3563 ecclesie

158 3603 336 3682 Seuonen.,
364 3624 448 3688 quos
472 3611 555 3669 tunc
582 3603 790 3682 obtinebant,
814 3622 897 3687 pure
913 3610 949 3667 et
964 3601 1076 3681 libere,
1092 3602 1127 3666 in
1150 3602 1304 3668 manibus
1320 3601 1360 3666 R.
1377 3602 1414 3666 P.
1429 3600 1520 3666 dom.

160 3703 180 3782 J
183 3705 333 3786 ohannis,
347 3706 493 3792 episcopi
511 3705 648 3790 Regem,
659 3726 701 3769 ex
717 3725 817 3770 causa
833 3706 1089 3790 permutationis
1103 3705 1255 3771 faciende
1270 3705 1313 3770 de
1329 3705 1408 3790 ipsis
1420 3725 1521 3770 cano-

159 3809 329 3874 nicatibus
345 3818 380 3874 et
394 3809 582 3896 prebendis,
599 3817 634 3874 et
649 3829 718 3874 non
734 3809 825 3889 alias,
842 3809 1092 3894 resignaverint,
1108 3830 1209 3893 quam
1225 3809 1359 3893 quidem
1374 3809 1519 3893 resigna-

160 3911 289 3978 tionem
313 3912 402 3978 idem
428 3912 583 3978 dominus
608 3913 793 3999 episcopus,
819 3935 861 3977 ex
886 3913 1049 3979 mandato
1073 3913 1222 3998 ejusdem
1238 3913 1269 3978 S.
1286 3912 1326 3977 V.
1349 3914 1409 3978 sibi
1432 3913 1522 3978 sacto

156 4017 297 4082 oraculo
312 4016 390 4081 vive
406 4016 509 4097 vocis,
526 4017 653 4102 recepit
669 4024 704 4082 et
720 4016 854 4082 admisit
873 4041 880 4096 ;
907 4038 1003 4103 supp.
1027 4017 1208 4103 supradicti
1233 4024 1325 4102 quat.
1342 4016 1523 4081 Guillelmo

156 4139 235 4186 can.
252 4127 287 4185 et
301 4123 393 4205 preb.
410 4121 550 4185 ecclesie
575 4120 742 4186 Seuonen.
770 4120 930 4207 predicte,
946 4127 980 4185 et
997 4119 1016 4198 J
1020 4121 1142 4186 ohanni
1167 4121 1275 4187 dictos
1291 4141 1364 4187 can.
1381 4128 1415 4185 et
1431 4102 1522 4206 preb.

155 4223 301 4288 ecclesie
318 4222 546 4304 Cameracen,
563 4223 611 4289 sic
627 4232 796 4306 vacantes,
814 4224 964 4290 conferre
988 4223 1170 4308 dignemini
1198 4225 1371 4309 gratiose5
1388 4224 1522 4308 quibus·

196 4442 216 4487 l.
228 4441 295 4489 deun
306 4441 341 4488 du
355 4440 441 4489 Chene
456 4439 538 4500 (delle
554 4439 662 4502 Fluprre,
675 4439 706 4487 ele
722 4441 737 4488 ί
739 4440 831 4501 beetur)
845 4447 884 4488 est
896 4439 948 4488 cite
959 4453 1056 4488 comme
1068 4439 1194 4486 chanoine
1205 4439 1237 4486 de
1250 4439 1355 4487 sr-Paur
1366 4441 1382 4487 0
1400 4438 1477 4499 Liege
1496 4445 1523 4488 ot

158 4513 193 4561 lle
206 4514 350 4562 St-Aubain
361 4516 377 4562 b
389 4514 490 4562 Nemur
501 4514 526 4561 le
539 4516 570 4561 20
582 4515 634 4561 mai
650 4515 710 4562 1347
725 4514 850 4575 (Barbier,
858 4513 927 4564 Hiar.
936 4513 967 4562 de
975 4512 1093 4574 Flet-effe.
1105 4513 1138 4571 ll,
1149 4513 1217 4573 213),
1224 4513 1352 4561 chauoine
1363 4512 1395 4561 de
1405 4514 1523 4561 b't-Lom-

159 4587 219 4634 bert
231 4587 255 4635 le
267 4589 297 4635 23
308 4586 409 4649 janvier
423 4589 485 4634 1350
497 4585 612 4648 (Captet.
625 4587 794 4646 ,st-Lambere,
802 4587 846 4646 lV,
860 4588 927 4648 121),
940 4587 964 4636 10
977 4590 1088 4636 lomere
1106 4587 1167 4634 1355
1180 4586 1230 4646 lib,
1243 4588 1291 4634 202
1306 4588 1357 4643 ;01.
1369 4585 1443 4635 Bell.
1455 4586 1486 4635 de
1497 4586 1523 4634 la

161 4661 215 4707 hle.
227 4658 312 4710 d'ltiel.
324 4660 355 4708 de
369 4659 450 4723 Liepe,
463 4660 493 4718 V,
506 4661 557 4721 33).
571 4675 603 4708 en
618 4663 679 4708 1358
692 4660 779 4722 (Bell.
796 4659 828 4708 de
845 4660 927 4708 l’Irest.
938 4660 1011 4708 ανιἸι.
1023 4657 1086 4722 lie'p,
1105 4659 1138 4718 X,
1157 4660 1226 4721 491).
1239 4660 1262 4706 11
1275 4667 1380 4708 mourut
1392 4660 1416 4708 le
1429 4663 1455 4708 11
1467 4659 1524 4721 jou·

162 4735 216 4782 vier
234 4736 298 4784 1370
318 4735 363 4797 (de
383 4735 479 4792 Tbeux,
493 4735 526 4794 ll,
540 4737 570 4781 31
586 4751 592 4793 ;
614 4735 714 4795 Kirsoh,
733 4735 808 4794 Keil,
830 4735 899 4796 313).
916 4762 949 4771 -
968 4737 991 4783 2.
1005 4735 1066 4783 Voir
1083 4749 1108 4782 11.
1120 4736 1191 4782 2063.
1204 4761 1236 4769 -
1256 4736 1279 4784 3.
1297 4735 1359 4783 Voir
1370 4750 1395 4784 n.
1408 4737 1479 4783 1916.
1491 4763 1524 4770 —

160 4809 186 4856 4.
198 4807 221 4856 ll
232 4809 275 4856 tut
284 4809 343 4871 plus
355 4809 414 4857 terd
425 4809 510 4870 <loyen
522 4813 548 4858 et
556 4813 661 4858 mourut
672 4824 705 4858 en
718 4811 780 4857 1312
792 4808 877 4869 (Bull.
891 4809 955 4857 Iasi.
966 4809 1038 4857 ereb.
1057 4806 1121 4872 liep,
1139 4808 1184 4868 Vl,
1197 4811 1244 4857 303
1255 4824 1261 4866 ;
1279 4809 1421 4869 Thimister,
1441 4809 1521 4857 31011,

159 4883 300 4944 48-19).-
318 4885 341 4931 5.
357 4883 416 4930 Voir
427 4897 453 4930 n.
467 4883 536 4932 1703.
548 4910 580 4918 -
598 4885 619 4932 u.
638 4884 661 4930 A
673 4883 818 4944 distinguer
836 4883 872 4931 du
893 4883 1041 4933 Guillaume
1051 4884 1085 4932 de
1095 4883 1224 4944 Marhnut,
1237 4881 1288 4932 cite
1300 4883 1323 4932 le
1337 4886 1366 4932 15
1383 4884 1446 4932 aoht
1460 4884 1522 4932 1319

161 4957 202 5018 (n.
217 4958 340 5017 1174).-
353 4959 375 5005 7.
387 4956 449 5004 Voir
462 4957 570 5005 111131.
