3650 5675
723 506 811 578 1350.
835 506 923 571 12-13
945 507 1014 572 mai.
1198 455 1200 458 Ι
1497 512 1558 577 509

198 654 384 735 reservatis,
397 674 471 719 vac.
482 676 541 740 per
557 658 611 721 ob.
624 656 756 721 Renerii
772 657 815 721 de
832 656 1004 739 Ricasulis,
1018 659 1074 743 qui
1088 679 1197 745 nuper
1212 668 1307 725 extra
1324 660 1422 728 Rom.
1434 662 1559 727 curiam

199 759 288 825 diem
304 760 422 824 clausit
438 768 635 841 extremum,
651 760 833 847 dignemini
857 762 1053 847 providere3
1081 784 1151 828 non
1177 766 1264 829 obst.
1289 764 1378 849 quod
1394 764 1429 829 in
1446 764 1560 831 Claro·

199 871 350 928 monten.
375 866 435 928 sub
452 884 527 949 exp.
543 868 635 950 preb.
652 873 686 930 et
702 866 735 931 in
752 866 871 931 eadem
896 866 1085 932 chorariam
1111 888 1153 932 ac
1175 866 1211 931 in
1238 866 1384 933 Biliomo
1410 869 1559 934 ecclesiis

200 989 277 1033 curn
289 970 380 1054 preb.
393 968 624 1049 canonicatus
634 976 669 1033 et
684 967 833 1033 officium
849 968 999 1033 cantorie
1015 968 1149 1035 Biliomi
1165 991 1191 1035 s.
1203 991 1232 1036 c.
1249 991 1290 1037 ac
1305 971 1559 1057 archipresbite-

200 1080 308 1137 ratum
324 1069 561 1136 Bibracensem
584 1078 736 1136 curatum
761 1078 795 1135 et
820 1072 981 1157 capellan.
996 1072 1032 1137 in
1056 1073 1138 1138 eccl.
1153 1074 1324 1139 Alostensi
1352 1083 1388 1139 et
1406 1074 1441 1139 in
1469 1095 1561 1140 com-

199 1174 357 1239 mendam
373 1174 557 1259 prioratum
569 1172 730 1254 Volobrii,
746 1172 787 1239 Ο.
804 1174 836 1239 8.
853 1172 902 1255 B.,
920 1174 1170 1242 Claromonten.
1186 1185 1222 1242 et
1237 1176 1451 1244 Cameracen.
1474 1177 1561 1244 dioc.

199 1278 347 1343 noscitur
371 1278 533 1344 obtinere.
556 1313 598 1324 -
624 1276 699 1343 Fiat
724 1277 764 1343 R.

245 1380 323 1446 Dat.
340 1401 394 1466 ap.
411 1380 661 1447 Villamnovam
677 1406 697 1462 4
718 1381 761 1447 id.
778 1381 858 1445 maii
874 1388 906 1446 a⁰
924 1384 967 1447 8⁰.
984 1383 1055 1466 (18,
1072 1382 1109 1448 P.
1125 1382 1172 1464 II,
1190 1385 1259 1467 81).

254 1518 394 1602 1957.
1249 1549 1252 1555 ·
1269 1553 1308 1617 13
1311 1553 1364 1616 50,
1381 1555 1422 1599 12
1439 1538 1517 1599 moi.

245 1638 346 1724 Supp.
373 1637 501 1722 Symon
526 1636 764 1717 Restaurarius,
788 1636 932 1701 sicarius
955 1636 986 1701 S.
1011 1636 1147 1702 Andree
1171 1639 1440 1723 castellanosque
1463 1637 1562 1704 turris

201 1741 321 1826 capitis
344 1742 456 1827 pontis
472 1760 576 1826 prope
591 1741 806 1821 Avinionem,
823 1748 913 1825 quat.
930 1739 950 1819 J
953 1740 1080 1806 ohanni
1095 1739 1209 1825 [Neve
1222 1752 1241 1822 ¹,
1255 1742 1457 1829 presbitero]
1475 1742 1562 1807 Leo-

200 1844 288 1910 dien.
304 1844 401 1925 dioc,
417 1864 478 1929 pro
501 1865 568 1929 quo
584 1845 667 1910 alias
682 1844 786 1909 etiarn
802 1844 1013 1930 supplicavit,
1029 1844 1072 1910 de
1088 1845 1333 1930 parochialibus
1355 1846 1504 1912 ecclesiis
1519 1845 1561 1912 de

200 1947 356 2013 Waderle
372 1954 406 2012 et
429 1947 471 2013 de
487 1947 617 2013 Werert
633 1947 677 2014 ad
700 1947 844 2013 invicem
868 1947 1137 2033 dependentibus
1152 1960 1188 2013 et
1203 1949 1352 2033 ejusdem
1377 1950 1475 2031 dioc,
1489 1971 1562 2015 vac.

200 2072 260 2137 per
286 2055 340 2117 ob.
366 2051 505 2117 Henrici
527 2052 570 2117 de
599 2051 807 2133 Hellemont,
835 2052 890 2136 qui
919 2060 1012 2117 extra
1037 2051 1136 2119 Rom.
1164 2052 1290 2117 curiam
1323 2052 1413 2118 diem
1443 2054 1563 2120 clausit

202 2164 400 2235 extremum,
423 2154 605 2240 dignemini
622 2155 808 2241 providere.
837 2192 869 2205 -
899 2155 976 2221 Fiat
1000 2155 1041 2222 R.

246 2258 323 2325 Dat.
339 2280 392 2345 ap.
409 2258 659 2324 Villamnovam
676 2283 695 2344 4
712 2259 754 2325 id.
771 2259 851 2324 maii
867 2266 900 2323 a⁰
917 2262 959 2324 8⁰.
977 2259 1048 2343 (18,
1066 2259 1103 2323 P.
1121 2258 1166 2340 ΙΙ,
1185 2262 1267 2344 84').

254 2395 557 2480 Ι958-Ι959.
1270 2428 1366 2492 1350,
1384 2430 1423 2473 12
1441 2411 1518 2475 anai.

243 2514 388 2579 Rolulus
399 2519 584 2601 pauperum
601 2515 807 2578 slerr'corum.

244 2616 331 2683 Item
358 2617 499 2682 Olberto
523 2615 653 2682 Olberti
684 2616 777 2682 dicto
802 2614 931 2697 Olbret,
955 2614 1144 2695 Leodiensi,
1160 2614 1203 2681 ad
1224 2616 1300 2680 coll.
1323 2616 1460 2701 capituli
1484 2615 1562 2681 Lin-

199 2742 319 2806 gonen.

245 2824 332 2891 Item
350 2824 548 2892 Hermanno
563 2824 605 2892 de
621 2825 790 2906 Cennaco,
808 2824 969 2891 Leodien.
985 2823 1083 2904 dioc,
1100 2824 1131 2890 S.
1148 2822 1187 2889 V.
1203 2824 1377 2911 panatarie
1393 2824 1559 2904 servienti,

201 2929 244 2994 ad
259 2930 334 2995 coll.
351 2929 488 3014 capituli
505 2927 665 2996 Leodien.
682 2931 752 3013 (18,
778 2929 814 2995 P.
839 2927 884 3008 ΙΙ,
909 2932 976 3011 91).

247 3037 348 3098 1959.
364 3031 454 3097 Item
480 3029 641 3114 Henrico,
667 3034 736 3098 filio
763 3032 935 3116 quondam
959 3030 1092 3097 Geraldi
1109 3031 1265 3098 Winandi
1277 3032 1324 3097 de
1340 3031 1443 3118 Reys,
1460 3033 1560 3098 Colo—

200 3135 289 3201 nien.
305 3135 402 3216 dioc,
418 3135 460 3202 de
483 3136 618 3222 paroch.
635 3137 716 3202 eccl.
732 3137 775 3202 de
791 3135 898 3220 Berga
914 3155 1012 3220 super
1027 3135 1163 3201 Soniam
1186 3157 1226 3201 ac
1248 3136 1291 3200 de
1315 3157 1387 3202 can.
1410 3145 1446 3202 et
1468 3138 1559 3222 preb.

201 3239 340 3305 ecclesie
357 3239 388 3304 8.
405 3239 547 3304 Dionisii
564 3239 724 3305 Leodien.
740 3239 838 3319 dioc,
855 3260 907 3324 ap.
927 3238 1024 3304 Rom.
1041 3241 1166 3304 curiam
1181 3260 1241 3326 per
1256 3239 1503 3306 obFranconis
1518 3240 1560 3305 de

200 3341 365 3408 Geldonia
382 3354 402 3422 ²,
419 3343 474 3427 qui
491 3351 585 3408 extra
608 3343 732 3408 curiam
744 3343 888 3408 decessit
904 3363 987 3422 vac,
1004 3343 1096 3426 cujus
1111 3343 1276 3408 beneficia
1292 3352 1373 3409 ante
1388 3343 1491 3430 ipsius
1506 3348 1560 3411 ob.

199 3454 295 3511 erant
309 3455 498 3526 reservata;
527 3467 595 3512 non
620 3448 705 3511 obst.
722 3445 813 3530 quod
829 3446 918 3512 idern
942 3445 1111 3512 Henricus
1134 3446 1270 3533 paroch.
1298 3449 1380 3513 eccl.
1402 3447 1445 3514 de
1461 3446 1560 3528 Gore,

199 3547 373 3614 Colonien.
389 3549 487 3631 dioc,
504 3550 665 3615 obtineat.

243 3651 330 3717 Item
346 3651 365 3730 J
368 3653 494 3718 ohanni
511 3653 683 3720 Laurentii
699 3653 741 3718 de
757 3652 896 3732 Gonnis,
910 3652 1070 3718 Leodien.
1094 3654 1192 3734 dioc,
1209 3655 1251 3720 ad
1267 3655 1365 3720 coll...
1381 3655 1511 3720 abbatis
1526 3664 1561 3719 et

200 3757 394 3822 monasterii
411 3757 443 3822 S.
461 3756 606 3822 Huberti
631 3757 664 3821 in
686 3757 854 3836 Ardenna,
871 3756 912 3821 Ο.
931 3756 962 3822 S.
979 3756 1028 3836 B,
1052 3757 1142 3822 dicte
1170 3758 1257 3823 dioc.
1273 3799 1316 3807 —
1334 3757 1410 3822 Fiat
1434 3757 1474 3823 R.

245 3859 323 3925 Dat.
340 3881 394 3946 ap.
410 3859 657 3926 Villamnovam
675 3883 694 3943 4
710 3859 754 3924 id.
771 3861 850 3924 maii
867 3867 900 3925 a⁰
917 3863 959 3925 8⁰.
977 3861 1048 3944 (18,
1068 3859 1104 3926 P.
1122 3859 1166 3940 ΙΙ,
1185 3861 1268 3944 911).

254 3996 556 4080 1960-1961.
1269 4032 1421 4096 1350,13
1440 4015 1518 4078 mai.

244 4113 344 4200 Supp.
363 4112 475 4200 Hugo‚
499 4114 550 4179 tit.
568 4115 599 4178 8.
616 4113 786 4179 Laurentii
803 4115 837 4179 in
856 4115 1003 4180 Damaso
1027 4114 1189 4200 presbiter
1205 4115 1305 4196 card,
1332 4122 1422 4200 quat.
1449 4114 1561 4201 [fami-

199 4218 270 4283 liari
286 4238 346 4284 suo
362 4226 396 4283 et
413 4219 631 4284 commensali
656 4219 818 4284 continuo
846 4217 991 4284 Nicolao
1017 4218 1136 4283 Bulete
1149 4232 1170 4298 ³,
1187 4221 1363 4304 capellano
1377 4221 1558 4306 perpetuo]

199 4322 328 4407 capelle
355 4322 386 4387 S.
414 4323 554 4408 Spiritus
581 4321 614 4386 in
643 4324 723 4388 eccl.
749 4320 928 4402 Morinen,
955 4322 998 4386 de
1023 4343 1096 4386 can.
1113 4330 1147 4385 et
1170 4323 1261 4406 preb.
1286 4323 1426 4387 ecclesie
1447 4321 1486 4388 B.
1511 4322 1560 4388 M.

199 4423 408 4506 Casletensis,
427 4425 595 4490 Morinen.
612 4425 707 4506 dioc,
724 4445 798 4490 vac.
815 4425 857 4490 ad
872 4445 1009 4510 presens
1026 4445 1085 4510 per
1100 4427 1154 4489 ob.
1171 4424 1332 4511 Stephani
1347 4424 1423 4490 Rufi
1434 4438 1455 4508 ⁴,
1471 4447 1560 4512 pres-

198 4528 306 4609 biteri,
323 4529 492 4595 familiaris
507 4529 741 4594 commensalis
757 4527 837 4593 dicti
853 4527 944 4594 dom.
968 4527 1153 4608 cardinalis,
1170 4527 1225 4611 qui
1242 4529 1284 4594 de
1307 4529 1397 4594 curia
1423 4531 1560 4595 recessit

200 4642 351 4718 ternpore
367 4632 532 4718 epidemie
547 4642 582 4697 et
597 4639 689 4697 extra
714 4629 812 4696 Rom.
839 4631 964 4696 curiam
990 4630 1081 4696 diem
1108 4633 1225 4697 clausit
1251 4641 1438 4698 extremum
1454 4643 1488 4698 et
1504 4635 1559 4719 qui

199 4733 308 4800 dictos
324 4755 393 4800 can.
410 4743 444 4800 et
459 4737 551 4820 preb.
568 4735 751 4815 obtinebat,
776 4733 958 4818 dignemini
974 4734 1148 4821 providere
1164 4759 1173 4815 3
1189 4757 1258 4801 non
1281 4740 1368 4806 obst.
1385 4738 1476 4824 quod
1490 4739 1559 4806 dic-

234 4941 254 4988 1.
266 4939 328 4988 Voir
339 4953 364 4987 n.
379 4941 447 4988 1932.
459 4967 492 4976 —
504 4943 526 4988 2.
538 4939 602 4989 l'oir
613 4956 638 4990 n.
652 4943 720 5000 1931,
736 4943 805 4990 1913.
818 4969 849 4978 -
862 4943 883 4990 3.
896 4941 959 4990 Voir
969 4955 994 4990 n.
1008 4942 1078 4991 1425.
1090 4968 1122 4977 -
1134 4944 1156 4990 1.
1168 4941 1232 4991 Voir
1243 4957 1268 4992 n.
1282 4945 1335 4994 756.
