3650 5675
642 477 728 550 1347,
751 476 791 540 28
813 479 979 544 octobre-16
1002 479 1165 544 novembre.
1516 481 1578 546 348

221 620 387 692 Morinen.
402 622 479 689 dioc
482 674 532 705 .....
545 625 606 690 sibi
622 626 730 693 facere
740 628 912 694 annullare
928 628 1091 710 intendat,
1104 629 1257 714 dignetur
1273 629 1312 696 E.
1329 630 1361 695 S.
1377 631 1420 696 de
1434 631 1578 698 uberiori

218 727 328 810 gracia
342 727 468 793 dictam
484 728 738 797 collaciouem...
764 731 874 797 eidem
900 733 1086 819 presbitero
1109 754 1278 800 reservare
1294 743 1331 800 ut
1352 735 1385 799 in
1403 735 1517 806 forma.
1533 777 1577 786 -

222 829 297 897 Fiat
319 830 361 899 R.

263 935 342 1003 Dat.
356 935 457 1002 Aviu.
475 940 493 1001 6
509 936 575 1003 kal.
591 958 670 1005 nor.
686 946 719 1005 a⁰
735 943 778 1006 6⁰.
794 940 869 1025 (14,
891 941 967 1024 107)
980 947 1002 1007 ⁰.

273 1072 410 1156 1297.
1228 1092 1378 1174 1347,28
1393 1083 1531 1156 octobre.

264 1192 385 1279 Supp...
417 1192 612 1278 Baldoynus
636 1191 806 1277 Riquardi,
833 1193 994 1280 presbiter
1018 1195 1186 1261 Morinen.
1202 1195 1299 1277 dioc.,
1316 1203 1406 1280 quat.
1423 1195 1517 1262 sibi...
1532 1193 1576 1260 de

220 1297 405 1385 capellania
430 1319 523 1384 perp.
550 1319 575 1363 S.
599 1317 639 1379 c.,
667 1318 766 1382 quam
783 1297 966 1384 Pasquinus
988 1295 1036 1362 Le
1054 1295 1123 1363 Vos
1138 1297 1172 1362 in
1188 1298 1270 1364 eccl.
1297 1298 1329 1364 S.
1356 1295 1503 1384 Sepulcri
1532 1297 1575 1364 de

220 1401 251 1466 S.
273 1403 476 1484 Audomaro,
502 1401 593 1467 dicte
617 1401 715 1483 dioc.,
741 1400 820 1467 dum
847 1402 985 1483 viveret,
1013 1401 1198 1483 obtinebat,
1224 1401 1280 1486 qui
1306 1422 1412 1488 nuper
1436 1401 1472 1466 in
1497 1402 1576 1468 loco

220 1505 251 1571 S.
277 1504 454 1572 Michaelis
480 1505 522 1572 de
556 1503 736 1591 Frigoleto‚
773 1506 974 1571 Avinionen.
1001 1505 1097 1586 dioc.,
1118 1505 1207 1570 diem
1232 1504 1351 1572 clausit
1377 1513 1574 1588 extremum,

219 1609 431 1694 dignemini...
455 1611 687 1697 providere...;
715 1630 782 1675 non
810 1613 895 1676 obst.
921 1609 1012 1694 quod
1038 1609 1191 1694 parroch.
1218 1609 1300 1676 eccl.
1323 1608 1366 1675 de
1380 1607 1575 1691 Wormoud,

220 1712 309 1779 dicte
324 1713 421 1795 dioc.,
433 1714 475 1780 de
488 1735 553 1799 qua
564 1715 701 1798 quidem
713 1715 794 1779 eccl.
810 1722 948 1800 propter
958 1733 1094 1798 guerras
1105 1711 1229 1778 ibidem
1240 1712 1422 1778 existentes
1437 1712 1576 1777 minime

220 1816 373 1900 gaudeat,
383 1818 532 1884 noscitur
547 1818 729 1884 obtinere...
747 1817 880 1883 -Fiat
897 1817 937 1883 R.
1024 1831 1027 1840 ’

265 1920 458 1988 Datilum.
476 1943 492 2007 5
510 1922 575 1989 kal.
592 1943 671 1988 nou
688 1931 720 1988 a⁰
738 1927 779 1989 6⁰.
797 1923 870 2007 (14,
891 1922 978 2007 167).

274 2056 415 2141 1298.
1205 2091 1300 2155 1347,
1317 2094 1336 2136 a
1350 2077 1532 2139 novembre.

224 2185 228 2189 ’
264 2177 386 2263 Supp...
403 2175 540 2261 Egidius
565 2176 716 2262 Waguel,
744 2177 915 2242 familiaris
942 2184 1052 2241 vester
1069 2189 1088 2257 ¹,
1116 2183 1208 2260 quat.
1235 2176 1328 2242 sibi...
1345 2179 1420 2242 ben.
1438 2176 1518 2241 eccl.
1535 2175 1578 2241 ad

222 2280 318 2346 coll...
334 2280 618 2367 episcopi‚decani
635 2289 669 2346 et
685 2281 854 2367 capituli...
870 2281 953 2345 eccl.
964 2279 1144 2344 Parisien...
1161 2279 1342 2362 dignemini
1359 2299 1575 2360 reservare...;

220 2403 288 2449 nou
304 2387 389 2450 obst.
406 2384 496 2470 quod
506 2384 595 2449 idem
606 2383 743 2469 Egidius
755 2404 828 2449 can.
841 2392 876 2450 et
886 2387 978 2470 preb.
991 2384 1025 2448 in
1038 2385 1179 2449 ecclesia
1192 2382 1359 2449 Morinen.
1370 2404 1410 2449 ac
1421 2383 1576 2471 parroch.

222 2489 303 2552 eccl.
319 2487 361 2553 de
376 2488 657 2573 Anqueciervilla,
674 2508 775 2571 quam
785 2495 922 2573 paratus
938 2495 989 2553 est
1004 2486 1216 2568 dimittere...
1233 2495 1267 2550 et
1283 2487 1451 2570 quandam
1468 2489 1578 2571 capel-

222 2588 343 2653 laniam
370 2589 404 2654 in
438 2592 519 2656 eccl.
544 2591 576 2656 S.
601 2588 740 2656 Martini
767 2589 952 2673 BergensiS,
975 2588 1221 2672 Rothomagen.
1237 2597 1272 2654 et
1290 2588 1457 2655 Morinen.
1481 2589 1578 2670 dioc.,

222 2693 369 2758 noscitur
384 2694 545 2759 obtinere.
561 2735 605 2744 -
622 2693 699 2759 Fiat
716 2692 756 2758 R.

266 2796 345 2863 Dat.
361 2798 460 2865 Avin.
477 2821 496 2884 4
513 2819 591 2865 non.
608 2819 685 2863 nou.
702 2805 735 2864 a⁰
753 2802 793 2863 6⁰.
811 2798 826 2883 (
831 2799 885 2879 14,
906 2796 993 2881 17¹)-

262 2932 1302 3031 1299.1347,
1317 2966 1339 3028 5
1355 2948 1538 3013 novembre.

266 3050 389 3138 Supp...
406 3051 514 3118 Maria
528 3052 583 3117 del
610 3050 720 3117 Conte
746 3060 836 3136 quat.
863 3049 1026 3136 [Johanni
1051 3048 1218 3131 Guilelmi‚
1241 3048 1442 3138 presbitero]
1461 3049 1582 3118 Lemo-

222 3154 329 3220 vicen.
345 3155 421 3222 dioc
424 3206 475 3237 .....
491 3155 624 3221 decan.
642 3163 677 3220 et
691 3157 783 3241 preb.
799 3155 881 3220 eccl.
902 3154 945 3220 de
962 3152 1108 3235 Nivella,
1132 3152 1292 3219 Leodien.
1308 3153 1406 3235 dioc.,
1427 3174 1500 3222 vac.
1523 3175 1583 3241 per

222 3265 366 3323 mortem
393 3258 520 3325 Galteri
546 3258 679 3340 Lecras,
707 3258 787 3324 olim
812 3258 914 3343 ipsius
940 3257 1080 3323 ecclesie
1108 3256 1237 3338 decani,
1265 3258 1321 3341 qui
1345 3266 1439 3324 extra
1455 3260 1582 3324 curiam

223 3361 313 3427 diem
328 3363 446 3429 clausit
461 3372 694 3445 extremum...
709 3362 891 3448 dignemini
908 3362 1092 3448 providere.
1107 3402 1151 3412 -
1167 3361 1243 3427 Fiat
1260 3361 1299 3428 R.

268 3465 345 3531 Dat.
361 3468 460 3533 Avin.
476 3489 557 3534 nou.
574 3489 652 3534 nov.
669 3474 703 3533 a⁰
721 3471 761 3532 6⁰.
779 3467 853 3551 (14,
873 3468 960 3551 179).

280 3601 423 3686 1300.
1185 3634 1279 3700 1347,
1297 3616 1339 3682 16
1355 3618 1536 3682 novembre.
1566 3624 1569 3631 ⁴

268 3718 390 3806 Supp...
417 3719 591 3798 Johannes
615 3721 657 3787 de
680 3718 855 3800 Carenchi,
880 3720 1019 3785 clericus
1044 3719 1255 3785 Attrebaten.
1278 3719 1374 3800 dioc.,
1403 3725 1492 3803 quat.
1519 3718 1581 3785 sibi

225 3843 356 3889 necnon
368 3824 456 3902 patri
473 3833 508 3889 et
522 3826 620 3890 matri
636 3824 753 3890 suiset
778 3822 948 3889 Richardo
963 3822 1005 3887 de
1021 3821 1156 3904 Baskio,
1173 3821 1338 3888 canonico
1354 3820 1581 3906 cameracen„

224 3926 393 4011 indulgere
408 3926 590 4012 dignemini
606 3929 697 4013 quod
712 3948 827 3993 eorum
844 3928 983 4012 quilibet
1010 3926 1114 4012 possit
1129 3927 1300 4013 ydoneum
1316 3925 1437 4010 eligere
1453 3926 1581 3991 confes-

225 4048 367 4096 sorem...
383 4031 417 4096 in
432 4031 548 4097 mortis
562 4031 713 4097 articulo.
730 4070 772 4080 —
795 4031 872 4096 Fiat
889 4030 929 4096 R.

269 4131 349 4198 Dat.
364 4134 465 4199 Avin.
485 4138 522 4198 16
535 4134 601 4199 kal.
617 4133 690 4200 dec.
707 4140 741 4199 a⁰
758 4137 799 4198 6⁰.
816 4133 885 4217 (13,
905 4134 987 4217 38⁰).

281 4272 413 4357 1301·
942 4298 946 4305 '
987 4298 989 4306 ⁴
1184 4289 1536 4373 1347‚16novembre.

269 4388 380 4475 Sign...
407 4388 589 4455 Balduinus
600 4389 643 4455 de
660 4389 788 4471 Media,
803 4398 913 4456 rector
939 4390 1091 4477 parroch.
1113 4392 1195 4459 eccl.
1212 4392 1244 4459 S.
1259 4392 1372 4457 Albini
1384 4390 1481 4478 juxta
1504 4390 1581 4460 Flo-

226 4492 323 4574 rines,
340 4490 499 4559 Leodien.
509 4494 606 4575 dioc.,
623 4494 713 4578 quod
728 4494 799 4579 ipse
814 4493 941 4560 dudum
956 4514 1029 4560 can.
1042 4502 1076 4559 et
1088 4498 1180 4581 preb.
1192 4495 1274 4562 eccl.
1287 4494 1410 4563 S.Petri
1423 4492 1582 4561 Leodien.

258 4678 287 4741 a)
300 4679 340 4727 En
351 4694 459 4741 merge:
475 4678 593 4730 &necto
603 4680 665 4729 datu
678 4679 1015 4745 (premieremontoctobrts)
1033 4683 1060 4731 ta
1077 4683 1140 4746 orig.
1155 4698 1204 4747 per
1219 4680 1322 4732 abelem
1339 4683 1584 4745 (baara-reportarem

225 4751 258 4801 de
272 4750 393 4803 mnam
403 4752 497 4802 burton·
508 4755 588 4803 mori
599 4759 623 4803 et
633 4754 676 4802 liic
683 4769 732 4818 per
742 4770 782 4803 me
792 4756 824 4804 P.
839 4756 968 4805 Hannoni.

262 4921 283 4969 1.
295 4919 359 4968 Voir
368 4934 393 4967 n.
405 4922 428 4978 6,
441 4921 496 4968 378.
