3650 5675
298 501 339 569 bo
843 499 931 574 1848,
956 499 990 566 21
1009 498 1120 580 juillet

339 659 427 721 432.
444 651 534 717 Item
550 671 645 737 supp.
661 650 752 716 dom.
769 649 990 715 cancellarius
1004 657 1096 734 quat.
1112 648 1295 736 [Philippa
1309 651 1379 736 filio
1390 649 1482 718 Luce
1496 651 1541 716 de
1552 653 1663 719 Abba·

297 758 387 824 tibus
403 756 446 822 de
461 755 642 833 Florentia,
659 753 782 840 famil]
800 753 882 820 dicti
897 753 989 820 dom.
1014 753 1193 821 cardinalis
1206 765 1225 836 ¹,
1241 755 1284 820 de
1301 775 1376 822 can.
1400 759 1459 822 sub
1477 777 1553 843 exp.
1570 761 1662 843 preb.

298 863 380 928 eccl.
396 861 428 926 S.
446 859 495 925 M.
512 859 575 924 civ.
591 858 736 939 Austrie,
752 858 951 942 Aquilegen.
967 857 1065 938 dioc,
1082 858 1265 944 dignemini
1280 859 1466 945 providere.
1485 897 1517 910 -
1534 859 1609 927 Fiat
1622 861 1662 928 R.

341 965 422 1030 Dat.
438 984 493 1048 ap.
509 962 760 1029 Villamnovam
781 983 817 1027 12
833 961 903 1028 kal.
921 982 995 1047 aug.
1012 969 1046 1028 a⁰
1063 969 1105 1028 2⁰.
1123 963 1173 1047 (5,
1194 964 1280 1047 104).

347 1101 595 1187 433-441.
1322 1136 1418 1200 1343,
1441 1137 1481 1181 21
1493 1116 1616 1198 juillet.

341 1220 443 1286 Pater
466 1219 531 1285 S¹'¹¹'.
558 1218 762 1305 infrascripti
786 1218 966 1284 familiares
982 1237 1023 1283 ac
1039 1217 1225 1298 servitores,
1250 1218 1425 1286 domestici
1453 1229 1487 1286 et
1512 1221 1660 1288 continui

297 1324 542 1391 commensales
566 1326 646 1389 bon.
671 1343 772 1387 mem.
795 1321 886 1388 dom.
907 1321 1051 1401 Andree,
1067 1322 1119 1387 tit.
1137 1319 1168 1388 S.
1185 1321 1335 1388 Susanne
1350 1327 1458 1409 presb.
1475 1325 1660 1406 cardinalis,

297 1436 434 1514 propter
457 1427 559 1512 ipsius
586 1426 716 1493 obitum
741 1425 971 1511 multipliciter
986 1424 1136 1504 desolati,
1165 1424 1196 1489 S.
1212 1423 1253 1490 V.
1269 1427 1459 1511 supplicant
1478 1436 1578 1512 quat,
1596 1427 1661 1492 Dei

296 1533 420 1598 intuitu
446 1541 480 1599 et
513 1533 631 1619 prefati
655 1533 746 1598 dom.
771 1529 948 1597 cardinalis
975 1529 1252 1610 consideratione,
1279 1532 1541 1617 supplicationes
1563 1533 1660 1598 infra-

297 1638 436 1722 scriptas
451 1635 634 1721 dignemini
649 1637 797 1722 recipere
813 1642 848 1699 et
857 1634 955 1720 ipsas,
971 1641 1009 1698 ut
1024 1634 1156 1700 brevius
1167 1633 1239 1721 ipsa
1249 1635 1417 1701 Sanctitas
1432 1637 1567 1722 poterit,
1584 1656 1660 1702 cum

297 1741 392 1807 multi
409 1743 557 1827 ipsorum
572 1742 638 1807 sint
653 1762 673 1807 a
689 1741 779 1806 curia
796 1742 965 1822 recessuri,
981 1741 1024 1807 de
1040 1741 1199 1807 uberioris
1214 1741 1304 1807 dono
1319 1741 1423 1825 gratie
1435 1740 1660 1806 favorabiliter

298 1844 465 1930 expedire.

343 1949 511 2036 Imprimis
526 1970 621 2036 supp.
638 1949 749 2034 Guigo
763 1948 807 2013 de
823 1948 854 2014 S.
872 1949 1177 2028 Marce110,bac.in
1190 1949 1262 2034 jure
1274 1969 1359 2030 can,
1370 1949 1450 2014 olim
1463 1948 1659 2013 camerarius

298 2054 380 2119 dicti
395 2053 486 2119 dom.
503 2053 690 2133 cardinalia,
706 2062 797 2137 quat.
810 2053 871 2118 sibi
883 2052 927 2117 de
939 2053 1091 2138 parroch.
1108 2054 1189 2119 eccl.
1205 2053 1248 2118 de
1264 2051 1392 2137 Cuquo,
1405 2051 1547 2118 Vauren.
1562 2052 1658 2132 dioc,

297 2177 369 2223 vac.
397 2178 456 2243 per
483 2160 536 2230 ob.
552 2157 633 2223 dicti
658 2156 749 2223 dom.
776 2157 962 2238 cardinalis,
983 2155 1165 2242 dignemini
1181 2157 1366 2245 providere,
1383 2177 1451 2222 non
1468 2159 1553 2222 obst.
1568 2155 1659 2240 quod

298 2280 372 2326 can.
399 2269 434 2326 et
460 2263 552 2346 preb.
576 2282 618 2326 ac
642 2261 824 2327 sacristiam
845 2262 927 2327 0001.
945 2261 1139 2348 Vapincen,
1156 2283 1297 2347 quorum
1312 2263 1479 2328 fructus...
1495 2282 1659 2327 summam

298 2385 338 2449 50
354 2365 426 2430 libr.
442 2365 519 2431 Tur.
541 2386 645 2452 parv,
661 2387 726 2432 sec.
752 2374 816 2432 tax.
841 2366 983 2447 decime,
998 2387 1067 2432 non
1083 2367 1261 2447 excedunt,
1277 2366 1424 2432 noscitur
1440 2367 1602 2432 obtinere.
1617 2405 1659 2416 -

298 2468 373 2534 Fiat
388 2468 431 2534 (10
447 2491 520 2535 can.
537 2473 596 2535 sub
613 2491 689 2556 exp.
706 2474 797 2557 preb.
812 2471 847 2536 in
863 2472 1007 2538 ecclesia
1022 2474 1154 2556 Aquen.
1169 2473 1204 2536 in
1221 2471 1406 2538 Provincia.
1424 2470 1464 2537 R.

338 2614 427 2674 434.
445 2608 533 2674 ltem
548 2629 644 2695 supp.
662 2609 783 2695 Dynus
800 2608 967 2676 Francisci
984 2609 1003 2688 J
1007 2609 1113 2676 udicis
1128 2611 1170 2676 (10
1188 2610 1329 2690 Urbino,
1346 2610 1556 2676 decretorum
1579 2609 1657 2676 doc·

294 2722 357 2792 tor,
374 2713 544 2796 quondam
556 2713 688 2779 auditor
700 2713 791 2780 dom.
805 2714 982 2780 cardinalis
992 2714 1182 2800 supradicti,
1199 2725 1290 2800 quat.
1302 2715 1363 2780 sibi
1376 2715 1418 2780 de
1432 2736 1503 2780 can.
1520 2722 1555 2780 et
1563 2717 1656 2800 preb.

295 2818 378 2885 eccl.
404 2818 524 2886 Pisane
540 2841 580 2885 ac
595 2819 638 2886 de
653 2819 968 2906 archipresbiteratu
989 2821 1138 2907 ejusdem
1160 2821 1241 2887 eccl.
1257 2829 1293 2886 et
1308 2823 1400 2906 preb.
1424 2819 1533 2887 eidem
1549 2817 1654 2884 archi-

294 2925 538 3009 presbyteratui
556 2945 698 3003 annexa,
715 2945 776 3010 per
791 2928 845 2991 ob.
861 2925 942 2991 dicti
959 2926 1050 2992 dom.
1067 2926 1252 3007 cardinalia,
1263 2925 1320 3010 qui
1335 2924 1462 2991 dictum
1475 2923 1654 3009 archipres-

293 3029 486 3111 byteratum
516 3036 752 3113 acceptaverat
782 3029 837 3093 vel
867 3029 935 3094 alio
950 3029 1173 3113 quovismodo
1195 3036 1380 3109 vacante...,
1412 3026 1522 3092 eidem
1553 3026 1656 3111 Dyno

293 3129 474 3214 dignemini
502 3132 688 3217 providere,
713 3154 782 3198 non
802 3136 898 3213 obst.
926 3134 1016 3218 quod
1042 3154 1116 3200 can.
1143 3142 1178 3199 et
1204 3136 1295 3220 preb.
1318 3131 1398 3196 eccl.
1424 3129 1655 3209 Urbinatiset

293 3235 469 3301 rectoriam
491 3236 607 3301 ruralis
629 3236 711 3302 eccl.
746 3238 775 3302 S.
810 3237 1006 3305 Christosori
1044 3248 1079 3305 et
1115 3240 1333 3326 plebanatum
1356 3235 1387 3300 S.
1418 3232 1582 3311 Johannis
1612 3232 1655 3297 de

295 3336 464 3423 Finigac0,
493 3340 668 3407 L'rbinatis
698 3340 796 3423 (1100,
823 3344 973 3409 noscitur
1007 3344 1169 3425 obtinere,
1196 3362 1335 3427 quorum
1367 3339 1522 3404 fructus...
1552 3337 1655 3405 annui

292 3462 457 3507 summam
473 3464 515 3527 40
530 3444 563 3509 fl.
580 3444 649 3511 auri
670 3447 895 3512 communiter
909 3467 979 3513 non
996 3447 1174 3527 excedunt,
1191 3455 1226 3513 et
1248 3466 1318 3510 non
1346 3446 1431 3511 obst.
1455 3462 1503 3527 gr.
1519 3442 1580 3508 sibi
1595 3462 1655 3527 per

293 3544 324 3610 S.
338 3544 378 3611 V.
390 3546 478 3613 facta
492 3547 535 3613 de
551 3569 625 3614 can.
647 3551 726 3615 eccl.
751 3549 955 3618 Nucerinen.
983 3555 1043 3618 sub
1067 3573 1142 3638 exp.
1169 3553 1262 3637 preb.
1283 3588 1326 3601 -
1343 3548 1388 3613 Et
1403 3546 1569 3634 prefatum
1585 3547 1654 3632 ple-

292 3650 451 3715 banatum
467 3660 544 3737 post
559 3644 802 3719 assecutionem
816 3656 965 3741 predicte
975 3657 1081 3742 gratie
1095 3656 1265 3722 dimittere
1280 3654 1444 3719 teneatur.
1460 3691 1503 3703 -
1520 3650 1596 3716 Fiat
1614 3648 1653 3715 R.

333 3796 418 3857 435.
444 3789 531 3855 Item
553 3812 648 3878 supp.
673 3792 790 3857 Petrus
806 3791 848 3857 de
864 3792 959 3859 Siciis
974 3802 995 3875 ¹,
1011 3814 1084 3859 can.
1106 3794 1188 3859 eccl.
1205 3792 1236 3858 S.
1254 3792 1438 3859 Donatiani
1465 3788 1651 3875 Brugensis,

290 3894 476 3961 Tomacen.
489 3896 587 3977 dioc,
600 3897 701 3963 famil.
715 3919 898 3963 commens.
911 3918 985 3985 cap.
1001 3920 1041 3965 ac
1057 3898 1251 3965 secretarius
1266 3898 1346 3964 dicti
1362 3896 1450 3963 dom.
1468 3894 1652 3974 cardinalis,

290 3998 344 4081 qui
372 3999 483 4064 eidem
509 4001 612 4085 longo
638 4009 791 4087 tempore
815 4010 997 4087 antequam
1021 4003 1136 4068 fuisset
1158 4011 1332 4089 promotus
1348 4001 1391 4067 ad
1406 4000 1555 4086 regimen
1570 3998 1651 4064 eccl.

290 4104 501 4169 Attrebaten.
517 4115 610 4169 etex
626 4115 703 4191 post
719 4128 822 4190 usque
838 4107 880 4172 ad
892 4106 983 4172 diem
999 4108 1048 4173 sui
1065 4110 1118 4173 ob.
1136 4107 1277 4173 fideliter
1299 4106 1446 4187 servivit,
1462 4104 1554 4189 quod
1576 4123 1653 4169 cum

290 4208 360 4293 ipse
371 4209 519 4292 ejusdem
533 4210 712 4277 cardinalis
724 4212 890 4296 obsequiis
902 4210 1086 4277 insistendo
1099 4212 1254 4279 fructus...
1266 4210 1505 4277 beneficiorum
1518 4228 1651 4275 suorum

291 4313 373 4377 eccl.
404 4334 469 4397 que
496 4314 638 4396 obtinet,
666 4315 769 4381 etiam
797 4316 830 4379 in
857 4315 983 4381 eisdem
1014 4318 1090 4382 ben.
1114 4337 1182 4383 non
1206 4315 1392 4397 residendo,
1416 4335 1477 4401 pro
1499 4321 1651 4399 tempore

289 4415 459 4501 percipere
475 4427 599 4502 posset,
616 4420 740 4484 virtute
756 4420 918 4505 privilegii
935 4420 1065 4505 prefato
1077 4421 1236 4487 cardinali
1248 4441 1308 4508 per
1323 4420 1354 4485 S.
1367 4418 1407 4484 V.
1419 4418 1548 4498 indulti,
1562 4416 1653 4501 quod

288 4518 496 4603 privilegium
512 4542 532 4587 a
547 4520 601 4586 die
617 4523 728 4589 obitus
740 4524 965 4609 prenominati
983 4524 1157 4591 cardinalis
1169 4525 1345 4612 expiravit,
1358 4530 1449 4608 quat.
1461 4521 1582 4600 eidem,
1595 4520 1651 4605 qui

289 4622 377 4687 circa
393 4625 628 4690 executionem
643 4648 702 4692 seu
718 4627 964 4695 ordinationem
979 4633 1144 4713 bonorum
1161 4629 1280 4715 prefati
1300 4626 1476 4694 cardinalis
1492 4624 1651 4691 continue

288 4726 451 4791 laboravit
467 4734 501 4792 01
516 4728 626 4794 adhuc
637 4730 779 4812 laborat,
800 4732 983 4817 dignemini
1007 4734 1188 4819 indulgere,
1204 4734 1295 4818 quod
1310 4753 1330 4798 a
1345 4732 1398 4798 die
1414 4730 1532 4796 mortis
1547 4727 1651 4795 cardi-

321 4970 343 5018 1.
361 4968 429 5017 Mau.
447 4968 501 5019 t'at.
514 4969 585 5029 Boia,
600 4970 619 5031 1,
632 4985 658 5021 n.
670 4973 725 5022 901.
737 5000 768 5007 —-
780 4975 803 5021 2.
816 4974 877 5022 l'oir
888 4989 913 5024 n.
928 4976 979 5035 121,
994 4976 1048 5025 302.
