3650 5675
690 488 777 562 1345,
800 487 836 551 19
858 486 954 550 mai-4
971 486 1048 567 juin.
1490 491 1552 555 207

233 646 313 707 831.
330 639 522 705 Christiano
548 640 591 705 de
610 640 693 721 Elst,
709 658 796 723 mag.
821 638 855 702 in
883 645 944 703 art.
962 647 981 718 ¹,
992 636 1035 703 ad
1048 636 1152 722 pedes
1176 636 1208 702 S.
1225 636 1265 703 V.
1282 638 1326 703 ad
1349 659 1496 724 presens
1513 661 1553 708 ac

188 744 271 809 alias
287 744 330 809 ad
345 744 399 809 sel.
415 764 481 810 rec.
497 744 587 810 dom.
604 742 825 807 Benedictum
850 760 984 827 papam,
1001 762 1092 805 anno
1117 740 1228 826 primo
1251 743 1300 805 sui
1325 743 1552 828 pontificatus,

187 858 342 934 exparte
367 848 458 915 dicte
485 847 711 913 universitatis
735 844 894 910 Parisien.
920 844 1111 924 destinato;
1138 844 1193 927 qui
1210 846 1312 909 etiam
1339 866 1398 931 per
1424 847 1553 931 aliquos

188 972 296 1017 annos
313 952 347 1015 in
362 952 554 1037 theologica
571 950 699 1017 studuit
715 949 885 1027 facultate,
902 947 1054 1013 nondum
1068 956 1184 1012 tamen
1200 947 1242 1012 de
1258 949 1359 1012 vestri
1376 951 1458 1015 sacri
1474 972 1552 1037 pec-

187 1055 270 1119 toris
286 1055 379 1121 fonte
391 1055 538 1140 aliquam
553 1054 694 1139 gratiam
709 1051 819 1117 adhuc
846 1051 1042 1137 reportavit,
1058 1050 1101 1115 de
1117 1071 1192 1117 can.
1214 1059 1248 1116 et
1264 1054 1355 1137 preb.
1372 1054 1453 1119 eccl.
1465 1053 1552 1121 Leo-

189 1158 300 1239 dien.;
318 1179 387 1223 non
403 1161 489 1224 obst.
502 1159 593 1242 quod
609 1177 684 1224 can.
701 1164 735 1221 et
761 1157 853 1242 preb.
871 1156 953 1220 eccl.
977 1154 1009 1219 S.
1026 1154 1166 1220 Servatii
1191 1153 1415 1240 Trajectensis
1430 1168 1450 1238 ²,
1467 1157 1552 1225 Leo-

190 1262 279 1327 dien.
295 1262 394 1343 dioc.‚
410 1263 601 1329 dinoscatur
617 1261 779 1327 obtinere.
795 1299 839 1309 -
855 1257 933 1323 Fiat
949 1258 990 1324 R.

235 1366 314 1433 Dat.
331 1386 383 1452 ap.
400 1365 650 1431 villamnovam
670 1385 707 1449 14
724 1361 790 1429 kal.
818 1363 888 1448 jun.
906 1370 941 1426 a⁰
956 1369 990 1447 4⁰
1004 1368 1027 1428 ⁸.
1044 1364 1091 1446 (9,
1112 1364 1174 1446 10).

185 1558 187 1562 .
242 1502 476 1589 sse-sss.
1260 1457 1509 1599 sunum:

235 1622 312 1688 Hec
342 1629 420 1687 sunt
449 1620 712 1708 supplicationes
742 1624 877 1703 recepte
905 1616 1050 1681 infesto
1076 1616 1292 1712 Ascensionis
1321 1616 1364 1683 de
1393 1620 1554 1686 mandato

189 1726 319 1792 domini
335 1725 450 1805 nostri,
472 1724 689 1811 pontificatus
704 1722 753 1787 sui
770 1742 859 1787 anno
874 1720 986 1786 tertio.
1424 1734 1426 1738 ’

236 1828 289 1893 De
299 1830 610 1917 permutationibus.

235 1934 349 2021 Suppl.
377 1932 560 2000 Baldoinus
575 1932 616 1998 de
638 1931 796 2011 Vallibus,
812 1937 924 1995 rector
947 1929 1099 2015 parroch.
1116 1931 1198 1995 eccl.
1219 1931 1262 1997 de
1286 1930 1495 2017 Rupecurva,
1519 1941 1554 1997 et

191 2035 211 2114 J
215 2038 359 2103 ordanus
377 2036 419 2102 de
442 2036 574 2117 Mans0,
585 2056 659 2102 can.
679 2035 772 2120 preb.
784 2033 866 2098 eccl.
884 2031 1160 2114 Rothnacensis³,
1172 2032 1368 2100 Narbonen.
1385 2042 1420 2099 et
1436 2034 1554 2099 Came-

191 2161 302 2206 racen.
318 2140 416 2222 dioc.‚
433 2141 606 2227 cupientes
621 2138 663 2204 ad
679 2137 824 2202 invicem
848 2157 907 2201 sua
929 2136 1093 2201 beneficia
1116 2145 1317 2222 permutare,
1342 2145 1433 2223 quat.
1455 2139 1554 2205 alicui

190 2245 283 2311 dom.
310 2244 467 2310 cardinali
495 2243 707 2310 committere
731 2240 912 2326 dignemini
937 2240 1028 2325 quod
1049 2241 1310 2326 resignationem
1325 2242 1367 2308 de
1382 2244 1554 2310 beneficiis

190 2348 381 2432 hujusmodi
397 2348 593 2435 recipiant...
608 2387 653 2396 —
669 2345 823 2431 Recipiat
843 2346 1103 2435 resignationem
1119 2348 1221 2411 abbas
1237 2346 1433 2413 Crassensis.

236 2452 316 2517 Dat.
332 2472 385 2537 ap.
401 2450 651 2517 Villamnovam
671 2470 708 2534 14
723 2448 790 2514 kal.
803 2450 873 2534 jun.
891 2456 925 2513 a⁰
940 2456 984 2533 4⁰.
997 2452 1044 2531 (9,
1065 2450 1130 2532 12).
1172 2479 1174 2482 ·

235 2594 317 2654 833.
336 2585 499 2653 Secuntur
520 2587 571 2651 illi
590 2586 648 2671 qni
663 2591 778 2673 petunt
796 2586 861 2650 sibi
877 2589 918 2650 de
937 2585 1293 2673 tabellrbnatnsoffieio
1301 2588 1481 2674 provr’deri,
1498 2592 1557 2671 piu'

191 2714 257 2757 non
278 2698 357 2756 snut
378 2688 549 2777 conjugati
571 2712 628 2756 nec
651 2692 683 2755 in
705 2691 812 2755 sacris
834 2690 1007 2754 ordinibus
1027 2690 1201 2755 constituti.

235 2795 256 2874 J
259 2797 408 2863 ohannes
424 2796 466 2862 de
482 2794 659 2862 Maibodio
673 2794 697 2878 b,
714 2798 791 2862 cler.
808 2794 1024 2859 Cameracen.
1040 2793 1127 2860 dioc.
1153 2863 1158 2868 Α

238 2897 401 2965 Secuntur
424 2901 477 2964 illi
501 2901 561 2984 qni
575 2905 694 2986 petunt
710 2907 808 2988 super
837 2899 969 2986 defectu
1001 2893 1176 2979 natalium,
1196 2920 1292 2984 quern
1316 2902 1494 2988 potiuntur
1515 2905 1556 2968 de

185 3005 381 3092 presbiteris
398 3006 504 3090 geniti
522 3011 554 3069 et
572 3006 700 3085 solutis,
717 3009 806 3090 quod
821 3005 953 3091 defectu
969 3002 1164 3085 hujusmodi
1188 3025 1253 3069 non
1268 3005 1349 3070 obst.
1359 3007 1490 3092 possint
1509 3010 1556 3072 ad

190 3130 306 3174 sacros
329 3109 462 3174 ordines
478 3110 669 3196 promoueri
687 3116 718 3173 et
739 3111 809 3174 ben.
830 3110 906 3174 eccl.
930 3108 1105 3173 obtinere...

235 3213 254 3290 J
258 3215 384 3280 acobus
399 3210 418 3289 J
422 3213 518 3278 acobi
534 3213 576 3278 de
592 3213 763 3298 ZagarolO,
779 3215 857 3279 cler.
875 3211 1044 3279 Morinen.
1060 3213 1147 3278 dioc.

235 3315 254 3394 J
258 3317 408 3382 ohannes
423 3315 443 3393 J
446 3317 543 3382 acobi
559 3317 602 3382 de
618 3315 787 3398 Penestre,
805 3319 882 3382 cler.
901 3314 1068 3382 Morinen.
1084 3316 1172 3382 dioc.
1193 3353 1226 3365 -
1247 3315 1323 3383 Fiat
1340 3316 1380 3382 R.

235 3419 315 3485 Dat.
332 3440 386 3506 ap.
405 3418 657 3485 Villamnovam
676 3440 713 3504 14
729 3419 796 3485 kal.
809 3420 880 3504 jun.
898 3426 932 3485 a⁰
947 3426 991 3503 4⁰.
1008 3421 1057 3505 (9,
1078 3419 1158 3503 12').

243 3554 493 3642 834-836.
1281 3569 1510 3653 1345,4juin.

235 3674 337 3760 Supp.
362 3673 544 3753 Johannes
572 3673 675 3737 abbas
705 3671 898 3738 monasterii
925 3671 956 3737 S.
982 3670 1129 3737 Bavonis
1155 3670 1352 3754 Gandensis,
1377 3672 1420 3739 Ο.
1447 3673 1478 3739 S.
1504 3673 1553 3754 B,

189 3777 377 3844 Tornacen.
392 3778 510 3858 dioc.⁴,
526 3797 626 3861 quem
641 3796 748 3863 nuper
756 3776 799 3842 ad
809 3775 910 3862 ipsius
922 3775 1115 3842 monasterii
1130 3775 1279 3860 regimen
1297 3777 1510 3842 assumereV.
1522 3777 1553 3843 S.

190 3890 243 3948 est
257 3882 406 3967 dignata,
422 3889 512 3966 quat.
529 3881 590 3948 sibi
607 3881 641 3946 in
656 3880 860 3946 monasterio
876 3880 907 3946 S.
926 3879 1072 3946 Bavonis
1094 3879 1247 3966 predicto
1262 3889 1370 3945 certas
1384 3902 1553 3967 personas,

190 3985 218 4052 si
246 3985 327 4051 alias
351 3985 418 4051 sint
441 3985 511 4050 vite
536 3983 710 4049 laudabilis
733 3992 768 4049 et
795 3983 1059 4049 conversationis
1085 3982 1236 4063 honeste,
1253 4003 1331 4048 cum
1353 3983 1395 4049 ad
1417 4004 1554 4069 presens

190 4090 316 4156 ibidem
332 4091 374 4155 sit
389 4109 511 4175 magna
528 4089 675 4154 carentia
690 4108 907 4175 personarum
922 4095 958 4153 et
973 4087 1157 4153 secundum
1179 4087 1340 4174 temporis
1355 4087 1553 4172 qualitatem

191 4201 227 4258 et
251 4201 378 4258 statum
402 4193 509 4279 patrie
534 4193 576 4258 ad
599 4212 745 4277 presens,
768 4201 843 4272 etc,
860 4213 964 4276 usque
980 4191 1214 4256 adnumerum
1234 4211 1269 4255 12
1286 4211 1502 4277 personarum
1519 4192 1552 4255 in

190 4295 312 4362 eodem
342 4297 547 4362 monasterio
576 4295 724 4382 recipere
754 4297 866 4361 valeat
895 4295 930 4359 in
960 4294 1147 4360 monachos
1177 4302 1212 4359 et
1238 4294 1272 4358 in
1296 4283 1552 4379 tratres'eisque

190 4401 376 4484 regularem
407 4401 558 4466 habitum
590 4399 747 4465 exhibere
777 4407 811 4464 et
841 4399 973 4464 sincera
1003 4397 1037 4462 in
1067 4397 1217 4463 Domino
1247 4397 1386 4464 caritate
1408 4404 1553 4462 tractare

224 4587 253 4649 a)
266 4587 314 4636 Ges
325 4587 474 4650 suppliques
484 4593 543 4635 sont
560 4589 653 4636 sulvies
663 4587 695 4635 de
706 4586 732 4634 ln
743 4591 804 4634 note
816 4588 935 4635 suivante
950 4601 955 4634 :
978 4585 1078 4634 &reate
1094 4588 1154 4633 runt
1171 4585 1368 4649 supplicationes
1378 4586 1553 4649 ruprumipte

190 4659 223 4708 de
234 4659 356 4708 rotundato
366 4659 461 4708 denunt
472 4661 559 4720 noun,
572 4675 631 4708 unm
645 4659 706 4722 ipris
716 4658 856 4708 scolaribus
867 4661 895 4707 iu
900 4658 957 4722 fine
968 4658 1031 4706 libri
1044 4660 1115 4707 tertii
1120 4658 1188 4720 seuit
1197 4659 1298 4724 gratier
1308 4658 1504 4722 aequioresPer
1517 4674 1553 4705 rra

192 4733 225 4783 P.
236 4733 348 4782 neum.
360 4761 392 4768 -
403 4733 433 4794 b)
449 4733 507 4782 (lut.
524 4733 655 4782 Mallodio.

226 4919 248 4967 l.
262 4917 368 4978 Denifle,
385 4917 508 4978 Cburtu-l,
518 4919 551 4978 ll,
565 4921 680 4968 561·562.
691 4945 723 4954 —
735 4921 758 4968 2.
769 4919 852 4980 videl,
866 4934 891 4968 n.
904 4921 958 4968 714.
970 4947 1003 4955 —
1014 4921 1039 4972 3.
1050 4918 1131 4979 Vidul,
1143 4931 1169 4967 n.
1181 4919 1253 4966 5432.
1264 4944 1297 4956 -
1308 4919 1331 4967 4.
1343 4917 1405 4966 Voir
1416 4932 1442 4967 n.
1454 4919 1509 4966 576.
