3650 5675
286 469 349 536 880
744 509 747 515 ·
795 473 884 550 1348,
904 474 978 539 1⁶¹4
1000 475 1129 540 octobre.
1226 493 1227 498 ¹

285 620 410 687 laniam
424 621 549 688 modici
563 621 688 688 valoris
703 622 738 687 in
753 620 836 688 eccl.
852 621 990 708 paroch.
1018 622 1060 689 de
1087 623 1235 708 ClastriS,
1252 625 1348 712 dioc.
1376 627 1412 696 N
1413 631 1582 698 oviomen.
1611 624 1650 686 έ-

288 724 366 791 Fiat
382 725 422 792 R.
1633 749 1636 753 '

331 871 432 931 1426.
459 862 548 929 Item
574 862 723 941 Johanni
750 849 894 944 Baillivi,
922 829 1044 934 clerico
1069 863 1295 950 Noviomen.,'
1321 869 1473 936 familiari
1501 893 1571 954 suo,
1609 874 1650 940 de

288 966 473 1054 capellania
486 968 528 1033 de
545 967 779 1052 Huquelieres,
797 966 965 1034 Mon'nen.
982 968 1085 1067 dioc,
1096 975 1225 1056 perob.
1241 972 1363 1058 prefati
1381 974 1489 1062 Egidii
1505 987 1650 1044 vacante

287 1070 424 1137 -Fiat
441 1071 482 1137 R.
895 1089 898 1094 ·
1162 1089 1165 1096 “
1193 1087 1195 1095 ’
1247 1091 1249 1095 ’

331 1216 435 1277 1427.
451 1207 541 1274 Item
558 1208 739 1275 Guillclmo
761 1209 804 1275 de
827 1210 858 1275 S.
885 1208 994 1291 Justo,
1020 1209 1151 1292 clerico,
1179 1211 1296 1302 nepoti
1324 1213 1497 1279 camerarii
1521 1215 1581 1298 sui,
1608 1216 1650 1282 de

286 1335 361 1381 can.
376 1321 412 1379 et
426 1313 588 1399 porcione
603 1314 685 1379 eccl.
702 1313 880 1398 collegiate
896 1313 928 1380 S.
944 1312 1032 1391 Justi
1043 1313 1251 1399 Lugdunen,
1263 1315 1296 1380 in
1307 1336 1373 1400 qua
1389 1317 1467 1384 licet
1482 1317 1524 1384 sit
1541 1327 1651 1385 certus

286 1417 526 1483 canonicorum
555 1437 723 1499 numerus,
753 1436 823 1483 non
851 1427 902 1483 est
932 1425 1047 1482 tamen
1084 1418 1257 1486 distinctio
1291 1421 1547 1506 prebendarum,
1578 1445 1650 1490 vac.

285 1542 346 1608 per
376 1523 431 1586 ob.
455 1521 627 1605 quondam
644 1520 825 1587 Humberti
842 1521 884 1586 de
910 1521 1127 1603 Castellione,
1152 1520 1290 1610 sacriste
1317 1529 1352 1586 et
1376 1525 1530 1590 canonici
1561 1524 1651 1591 dicte

286 1625 438 1705 ecclesie,
454 1632 489 1689 et
505 1632 584 1691 ante
600 1624 703 1710 ipsius
718 1627 773 1691 ob.
798 1625 972 1692 collationi
997 1633 1106 1711 apost.
1128 1633 1307 1706 reservate,
1331 1625 1514 1710 dignemini
1539 1629 1650 1714 provi-

288 1728 407 1795 dere...
425 1768 469 1778 -
485 1727 563 1793 Fiat
580 1727 621 1796 R.
1417 1761 1421 1766 ·

331 1831 410 1897 Dat.
425 1831 527 1897 Avin.
542 1831 610 1898 kal.
626 1838 694 1897 oct.
711 1838 745 1897 a⁰
761 1839 804 1916 7⁰.
821 1833 893 1916 (15,
905 1833 996 1918 247).

340 1967 483 2051 1428.
1298 1984 1394 2066 1348,
1411 1989 1454 2048 rer
1469 1986 1607 2052 octobre.

330 2087 440 2172 Sign...
457 2083 655 2165 GalharduS,
670 2084 703 2150 S.
719 2083 824 2151 Lucie
847 2087 882 2150 in
898 2087 991 2152 silice
1021 2087 1108 2154 diac.
1125 2086 1225 2168 card.,
1253 2089 1344 2173 quod
1366 2090 1537 2174 quondam
1562 2089 1651 2175 mag.

287 2189 485 2256 Guillclmus
500 2187 691 2273 Ayrimerii,
708 2189 903 2274 capellanus
919 2199 953 2255 et
967 2189 988 2268 J
991 2194 1115 2257 acobus
1138 2191 1329 2276 Ayrimerii,
1346 2193 1417 2278 ejus
1432 2193 1541 2275 frater,
1558 2194 1653 2260 cleri-

287 2313 356 2375 cuS,
371 2293 551 2358 familiares
566 2299 601 2355 et
617 2293 863 2358 commensales
878 2292 1057 2359 cardinalis
1069 2294 1228 2379 ejusdem,
1238 2295 1323 2360 citra
1335 2296 1507 2363 modicum
1517 2305 1653 2383 tempus

289 2403 384 2460 extra
401 2394 500 2460 Rom.
516 2393 644 2460 curiam
659 2394 749 2460 diem
765 2395 946 2461 clauserint
962 2406 1182 2463 extremum...
1207 2396 1293 2462 Cum
1309 2406 1457 2466 autem...
1473 2400 1653 2467 canonica·

287 2508 342 2568 tus
358 2508 393 2565 et
407 2499 577 2585 prebende
599 2499 857 2584 collegiatarum
884 2500 916 2568 S.
933 2501 1026 2566 Pauli
1043 2523 1083 2568 ac
1099 2501 1137 2568 B.
1155 2500 1204 2568 M.
1228 2501 1270 2567 de
1299 2502 1416 2589 Hoyo,
1443 2505 1590 2571 civitatis
1617 2513 1653 2571 et

287 2603 375 2670 dioc.
412 2602 584 2685 Leodien,
612 2604 840 2686 ecclesiarum,
870 2612 906 2669 et
939 2606 1078 2691 paroch.
1116 2606 1259 2672 ecclesia
1285 2605 1328 2672 de
1363 2607 1539 2694 Hunreyo,
1567 2608 1655 2674 Leo·

289 2707 379 2774 dien.
395 2706 492 2788 dioc,
509 2727 593 2791 quos
608 2706 808 2773 Guillclmus
822 2708 993 2794 predictus
1011 2709 1257 2796 [obtinebat]...
1279 2729 1403 2777 vacare
1425 2720 1653 2793 noscantur...‚

289 2833 385 2899 supp.
403 2820 496 2897 quat.
512 2811 706 2879 conferendi
720 2813 785 2879 hac
811 2813 887 2879 vice
903 2822 993 2880 auct.
1021 2815 1239 2902 apostolica...
1265 2815 1417 2901 ydoneis
1435 2835 1519 2900 quos
1545 2814 1655 2882 dictus

289 2916 465 2983 cardinalis
480 2915 602 2982 adhoc
617 2916 750 2982 duxerit
765 2916 979 3002 eligendos...
995 2919 1181 2985 concedere
1196 2918 1379 3004 dignemini
1392 2919 1599 2986 facultatem.
1610 2960 1655 2969 --

291 3018 370 3085 Fiat
386 3019 448 3085 R...

335 3122 414 3189 Dat.
430 3124 531 3189 Avin.
547 3123 615 3190 kal.
631 3132 699 3191 oct.
714 3132 748 3190 a⁰
764 3132 806 3208 7⁰.
824 3126 895 3210 (15,
914 3125 1004 3211 ²5²)-

345 3261 488 3344 1429.
1304 3280 1399 3362 1348,
1417 3283 1458 3341 1⁰r
1473 3277 1611 3341 octobre.

336 3378 437 3445 Pater
451 3379 517 3444 8⁰¹⁰.
531 3378 587 3445 Ad
602 3380 732 3466 suppl...
747 3379 990 3446 Aldebrandini
1011 3380 1054 3445 de
1080 3378 1205 3446 Baskio
1222 3389 1239 3458 ¹,
1266 3380 1421 3446 canonici
1445 3382 1655 3458 Atrebatem,

292 3483 334 3549 de
349 3504 443 3569 perp.
459 3483 649 3569 capellania
664 3483 698 3547 in
715 3486 797 3549 eccl.
814 3484 846 3549 S.
861 3484 978 3548 Amati
995 3482 1191 3564 Duacensis,
1201 3483 1400 3549 Atrebaten.
1411 3483 1508 3567 dioc,
1524 3503 1585 3569 per
1599 3485 1654 3548 ob.

290 3586 457 3665 Johannis
487 3586 530 3652 de
557 3585 731 3666 Carenchi,
756 3586 926 3651 familiaris
952 3586 1012 3668 sui,
1040 3594 1196 3667 vacante,
1224 3584 1432 3652 Lamberto²
1458 3586 1654 3672 presbiter0,

290 3692 466 3778 capellano
482 3711 552 3772 suo,
568 3690 771 3776 providistis,
787 3689 843 3775 qui
858 3676 996 3776 propter
1012 3690 1102 3755 dicte
1119 3689 1307 3776 capellanie
1329 3690 1530 3755 tenuitatem
1545 3689 1654 3755 reddi·

289 3804 384 3860 tuum
400 3794 544 3879 gratiam
554 3793 663 3879 ipsam
674 3802 850 3880 acceptare
861 3814 931 3859 non
948 3813 1076 3875 corano,
1099 3791 1236 3859 tandem
1254 3791 1344 3879 apud
1359 3792 1514 3857 eamdem
1538 3792 1654 3857 sedem

289 3918 396 3984 nuper
411 3897 565 3977 decessit,
581 3916 683 3981 quare
698 3917 794 3982 supp.
811 3904 935 3981 quat...
951 3895 970 3974 J
974 3896 1099 3962 ohanni
1122 3896 1164 3962 de
1188 3896 1333 3975 Sauzoit,
1358 3897 1480 3961 clerico
1495 3895 1654 3962 Camera-

290 4024 375 4084 cen,
392 4001 545 4067 familiari
561 4021 632 4082 suo,
648 4000 798 4066 dedicta
814 4000 1001 4085 capellania
1015 4000 1198 4086 dignemini
1213 4000 1399 4087 providere.
1415 4039 1459 4049 -
1476 3998 1551 4065 Fiat
1568 3998 1608 4065 R.

296 4154 300 4163 .
335 4105 416 4171 Dat.
431 4104 531 4169 Avin.
547 4102 615 4169 kal.
632 4112 699 4170 oct.
716 4111 750 4169 a⁰
769 4111 811 4188 7⁰.
829 4105 900 4188 (15,
918 4106 1008 4189 253).

342 4264 634 4352 1430·1431.
1322 4282 1417 4363 1348,
1435 4302 1454 4363 4
1471 4280 1609 4346 octobre.

334 4384 391 4450 De
398 4383 710 4471 permutationibue

335 4538 418 4554 ........
436 4486 522 4551 Cum
548 4505 687 4571 nuper...
718 4483 910 4551 Ludovicus
934 4484 1049 4567 Isardi,
1076 4486 1110 4551 in
1135 4484 1180 4552 U.
1196 4484 1228 4563 J.
1243 4485 1308 4568 lic,
1326 4484 1429 4551 Rev¹¹¹¹
1456 4486 1491 4550 in
1518 4485 1654 4553 Christo

289 4593 395 4680 patris
410 4601 445 4657 ct
460 4590 589 4658 domini
605 4590 783 4656 cardinalis
806 4589 1018 4657 Boloniensis
1032 4600 1044 4635 ³
1059 4590 1271 4672 camerarius,
1295 4610 1370 4657 can.
1387 4596 1421 4655 et
1436 4592 1528 4675 preb.
1545 4590 1653 4655 eccle-

290 4832 419 4955 06Llllolr
429 4847 456 4883 11.
469 4834 538 4891 1296,
552 4834 625 4881 1327.
635 4858 669 4867 -
687 4834 710 4881 2.
723 4831 847 4881 Lambert
859 4832 957 4882 Viserio
976 4830 1054 4894 (ib).
1066 4858 1098 4867 -
1117 4832 1140 4880 3.
1152 4832 1211 4895 (luy
1224 4832 1256 4881 do
1269 4830 1407 4893 Boulogue,
1426 4831 1496 4881 card.
1507 4830 1540 4881 de
1553 4830 1653 4881 Sainte-

327 4922 349 4956 cr
361 4921 383 4956 a
