3650 5675
703 507 788 583 1847,
812 507 853 572 25
872 507 1047 588 septembre.
1493 508 1555 572 337

195 660 307 727 videre
321 681 331 744 3
347 680 415 726 non
431 661 517 726 obst.
534 657 625 743 quod
639 658 835 744 porcionem
849 658 1004 744 parroch.
1014 657 1097 724 eccl.
1113 657 1144 724 S.
1161 657 1346 724 Salvatoris
1367 657 1554 752 Brugensis,

194 764 284 831 dicte
297 763 386 830 dioc.
400 761 598 844 Tornacen,
616 762 706 828 idem
722 760 833 828 Guido
848 761 997 828 noscitur
1020 760 1204 828 obtinere...
1228 799 1260 810 -
1282 760 1359 828 Fiat
1372 762 1412 830 R.

238 867 317 935 Dat.
332 867 431 934 Avin.
449 886 467 952 7
483 866 550 934 kal.
566 874 634 934 oct.
650 875 685 932 a⁰
701 871 743 932 6⁰.
759 869 831 950 (14,
852 868 935 951 107).

189 1021 194 1028 ’
248 1005 382 1088 1272.
641 1001 645 1009 ⁴
1147 1035 1242 1101 1347,
1260 1036 1301 1098 ²5
1317 1017 1508 1104 septembre.

239 1123 534 1211 Supp...Firminus
545 1121 588 1188 de
604 1121 816 1207 Coquerello,
832 1123 979 1188 decanus
995 1121 1076 1188 eccl.
1094 1119 1253 1186 Parisien.
1264 1118 1377 1204 ¹,quod
1392 1118 1553 1204 cumipse

189 1227 268 1294 can.
295 1236 330 1294 et
352 1231 444 1316 preb.
460 1249 544 1314 quos
567 1228 601 1293 in
625 1226 811 1294 Tornacen.
828 1235 863 1293 et
879 1227 909 1292 S.
933 1223 1068 1293 Nicolai
1083 1224 1285 1291 Ambianen.
1302 1222 1450 1290 ecclesiis
1466 1221 1551 1288 obti-

194 1334 452 1418 net...resignare
463 1332 815 1417 intendatquatmag.
826 1330 846 1409 J
849 1333 957 1397 acobo
968 1328 1076 1412 Parvi,
1086 1327 1251 1396 canonico
1261 1336 1296 1393 et
1310 1324 1551 1414 penitenciario

194 1439 276 1503 eccl.
291 1437 494 1504 Ambianen.
507 1447 528 1520 ²,
546 1435 759 1502 committere
773 1434 957 1519 dignemini
973 1440 1008 1499 et
1023 1432 1212 1499 mandare...
1225 1440 1263 1498 ut
1278 1431 1349 1518 ipse
1365 1431 1406 1496 ab
1431 1427 1550 1494 eodem

196 1539 417 1607 Firmin0.seu
432 1541 503 1626 ejus
528 1547 777 1626 procuratore...
804 1538 847 1604 de
868 1537 966 1605 dictis
991 1557 1066 1604 can.
1088 1544 1123 1602 ct
1137 1538 1230 1622 preb.
1247 1535 1386 1602 liberam
1409 1531 1552 1616 resigna-

195 1644 328 1710 cionem
342 1645 514 1731 recipiat...
530 1683 574 1694 —
590 1643 668 1709 Fiat
683 1642 894 1730 presentibus
908 1649 986 1727 post
1002 1661 1130 1707 annum
1145 1640 1285 1706 minime
1300 1634 1451 1704 valituris
1468 1634 1508 1702 R.

238 1748 316 1815 Dat.
331 1748 430 1816 Avin.
448 1767 466 1833 7
481 1747 550 1814 kal.
566 1755 634 1815 oct.
650 1755 685 1812 a⁰
702 1750 743 1812 6⁰.
760 1747 833 1831 (14,
854 1746 956 1831 107').

250 1885 383 1970 1273.
437 1890 439 1894 ’
1149 1915 1244 1983 1377,
1262 1919 1302 1980 25
1318 1899 1508 1988 septembre.

238 2002 435 2070 Beatissime
450 2001 561 2068 Pater.
578 2000 696 2089 Nuper
711 2001 754 2067 ad
769 2001 1051 2088 supplicationem
1066 2002 1266 2068 devotorum
1289 1989 1393 2069 vestri
1415 1999 1552 2090 capituli

194 2105 360 2174 Morinen.
375 2106 567 2195 providistis
582 2106 708 2173 devoto
723 2106 792 2172 filio
810 2113 923 2173 vestro
936 2105 1082 2173 Guidoni
1103 2106 1145 2173 de
1173 2105 1395 2190 Collemedio,
1418 2111 1491 2176 bac.
1518 2109 1551 2174 in
1601 2173 1605 2182 ,

192 2210 304 2292 decr.,³
317 2210 360 2277 de
375 2210 542 2276 decanatu
557 2209 706 2295 ejusdem
722 2211 814 2292 eccl,
830 2231 900 2276 non
916 2213 1002 2276 obst.
1018 2210 1109 2295 quod
1130 2210 1282 2298 parrocb.
1299 2212 1381 2279 eccl.
1396 2211 1437 2278 de
1454 2211 1552 2278 Calo-

193 2312 413 2398 nariquoardi,
436 2312 522 2379 dioc.
548 2311 728 2394 Morinen.,
744 2313 896 2381 obtinere
911 2313 1104 2380 dinoscitur.
1120 2309 1245 2380 Verum
1269 2315 1346 2399 quia
1369 2313 1402 2380 in
1429 2316 1552 2402 suppli-

193 2418 326 2483 catione
341 2438 444 2483 manu
458 2417 490 2484 S.
506 2416 546 2483 V.
563 2417 694 2503 signata
709 2437 778 2483 non
794 2417 856 2483 fuit
871 2417 960 2483 facta
975 2418 1119 2498 meuci0‚
1132 2417 1222 2502 quod
1238 2417 1309 2503 ipse
1326 2427 1445 2485 canet
1460 2421 1553 2506 preb.

194 2520 227 2583 in
240 2521 321 2587 eccl.
337 2521 410 2608 ipsa
425 2521 555 2586 obtinet
571 2521 727 2606 quodque
743 2521 785 2586 de
811 2519 892 2586 dicti
920 2520 1104 2586 decanatus
1127 2523 1345 2607 proventibus
1369 2521 1551 2592 secundum

193 2622 357 2689 honorem
372 2623 522 2710 ejusdem
536 2645 605 2690 non
621 2632 735 2710 posset
750 2631 865 2689 tenere
880 2629 1005 2688 statum
1021 2622 1209 2704 decentem,
1229 2625 1403 2709 presertim
1421 2633 1557 2709 tempo

193 2729 282 2793 ribus
296 2727 465 2794 hodiernis
481 2738 618 2814 propter
632 2748 766 2813 guerras
781 2727 814 2792 in
830 2727 894 2791 illis
920 2727 1068 2813 partibus
1092 2746 1154 2813 pro
1177 2725 1274 2793 dolor
1290 2727 1491 2813 ingruentes,
1518 2737 1556 2793 et

193 2833 304 2899 littere
319 2854 417 2920 super
431 2833 621 2919 hujusmodi
636 2833 748 2917 gracia
763 2853 831 2899 non
847 2831 913 2897 sint
929 2831 1104 2915 confecte;
1122 2852 1217 2919 supp.
1227 2829 1316 2899 idern
1333 2829 1444 2898 Guido
1460 2840 1553 2917 quat.

192 2937 254 3003 sibi
269 2939 455 3005 uberiorem
470 2938 616 3023 graciam
632 2937 794 3003 facientes
809 2956 923 3003 secum
938 2935 1120 3021 dignemini
1147 2935 1339 3021 dispensare
1365 2942 1403 3001 ut
1426 2934 1552 3003 dictam

130 3038 136 3045 ’
189 3041 342 3126 parroch.
358 3043 441 3108 eccl.
456 3062 615 3107 unacum
637 3040 730 3107 dicto
755 3040 924 3106 decanatu
950 3040 1061 3105 valeat
1087 3039 1252 3121 retinere;
1275 3060 1345 3105 non
1360 3042 1445 3105 obst.
1462 3039 1552 3125 quod

191 3143 281 3210 idern
295 3144 534 3226 decanatus,ad
545 3164 645 3230 quem
661 3163 720 3230 per
731 3144 938 3209 eleccionem
954 3142 1130 3209 consuevit
1140 3143 1288 3210 decanus
1303 3142 1551 3226 assumi,curam

189 3249 315 3315 habeat
329 3250 516 3316 animarum
532 3268 596 3313 nec
610 3248 655 3314 ad
671 3246 884 3313 residendum
900 3246 1119 3333 personaliter
1146 3244 1179 3311 in
1204 3246 1276 3333 ipsa
1299 3247 1454 3332 parroch.
1469 3248 1551 3314 eccl.

190 3373 212 3417 a
225 3352 406 3420 diocesano
420 3353 476 3418 vel
490 3371 511 3418 a
525 3372 659 3437 quoque
686 3352 753 3417 alio
769 3350 843 3435 cogi
858 3334 984 3436 'possit
1010 3369 1087 3415 cum
1113 3349 1248 3416 racione
1263 3351 1343 3417 dicti
1371 3350 1553 3418 decanatus

190 3462 345 3523 teneatur
367 3455 401 3521 in
425 3455 608 3523 cathedrali
625 3456 706 3522 eccl.
722 3454 942 3542 personaliter
958 3454 1111 3537 residere,
1127 3454 1283 3521 faciendo
1307 3476 1366 3543 per
1392 3456 1551 3522 vicarium

190 3559 362 3643 ydoneum
377 3560 487 3627 eidem
501 3559 654 3646 parroch.
670 3556 810 3625 ecclesie
826 3558 984 3625 deserviri
1001 3567 1036 3624 et
1051 3556 1142 3644 quod
1156 3558 1239 3624 alias
1254 3557 1375 3623 debitis
1385 3559 1552 3643 obsequiis

189 3682 259 3728 non
272 3662 453 3745 fraudetur,
469 3662 769 3730 constitucionibus
784 3660 1001 3747 synodalibus
1024 3668 1058 3728 et
1074 3662 1334 3747 provincialibus
1357 3663 1412 3727 vel
1434 3662 1547 3727 aliis...

188 3786 259 3832 non
275 3766 524 3832 obstantibus...
538 3807 581 3816 -
599 3764 676 3832 Fiat
691 3775 726 3833 et
741 3766 971 3853 dispensamus
989 3765 1029 3830 R.

234 3867 312 3936 Dat.
327 3870 427 3936 Avin.
445 3887 463 3954 7
479 3869 546 3935 kal.
562 3878 629 3937 oct.
645 3880 678 3936 a⁰
695 3876 734 3937 6⁰.
752 3870 824 3953 (14,
846 3870 930 3944 110).

242 4006 537 4092 1274-1275.
970 4032 973 4038 '
1144 4036 1239 4103 1377,
1257 4037 1299 4099 25
1314 4019 1504 4103 septembre.

233 4124 356 4213 Supp...
371 4123 392 4203 J
394 4125 554 4207 ohannes,
568 4124 838 4211 archiepiscopus
851 4123 992 4189 Remen.
1005 4133 1025 4205 ⁴,
1039 4129 1131 4208 quat.
1146 4121 1263 4209 nepoti
1279 4142 1339 4187 suo
1354 4119 1374 4199 J
1377 4121 1500 4187 olranni
1517 4122 1549 4186 le

190 4226 339 4295 Masuier
354 4228 396 4296 de
412 4249 485 4295 can.
501 4238 536 4295 et
550 4230 643 4315 preb.
658 4228 741 4295 eccl.
758 4225 927 4293 Morinen.
943 4247 1046 4293 vac...
1063 4245 1123 4312 per
1138 4227 1193 4291 ob.
1209 4224 1381 4310 quondam
1405 4223 1544 4290 Roberti

189 4328 334 4413 Liebert,
350 4330 406 4416 qui
422 4331 511 4419 apud
525 4330 639 4397 sedem
655 4337 762 4417 apost.
777 4330 868 4398 diem
884 4330 1002 4396 clausit
1018 4336 1215 4411 extremum,
1231 4328 1413 4413 dignemini
1438 4329 1548 4414 provi-

188 4434 267 4500 dere
281 4458 291 4516 3
306 4456 376 4502 non
392 4437 477 4503 obst.
493 4435 583 4523 quod
598 4436 632 4501 in
648 4435 831 4502 Lexovien.
847 4454 921 4499 can.
938 4441 973 4498 et
988 4436 1091 4520 preb,
1107 4432 1141 4497 in
1159 4432 1299 4499 Remen.
1315 4440 1350 4498 et
1372 4432 1404 4498 S.
1421 4432 1547 4500 Nicasii

188 4539 400 4605 Attrebaten.
416 4538 564 4605 ecclesiis
579 4560 653 4607 can.
669 4541 729 4605 sub
745 4558 820 4624 exp.
836 4536 1120 4623 prebendarum...
1140 4535 1331 4603 obtinere...
1346 4544 1545 4601 noscatur...

188 4639 321 4708 -Fiat
334 4640 375 4707 R.

222 4876 245 4925 l.
255 4874 318 4923 Voir
333 4888 360 4926 n.
377 4878 536 4927 6141111-
551 4880 575 4926 2.
587 4876 650 4925 Voir
661 4891 687 4926 n.
700 4877 770 4924 1040.
782 4902 814 4911 -
832 4876 854 4926 3.
866 4875 930 4924 Volr
941 4889 966 4923 n.
979 4876 1049 4923 12⁴7.
1061 4900 1093 4908 ——
1110 4873 1132 4923 4.
1149 4872 1214 4923 Jenn
1226 4872 1258 4923 de
1269 4872 1376 4931 Vienna,
1387 4876 1549 4937 aupuravent

188 4946 286 5009 evaque
295 4947 328 4997 de
339 4946 514 4999 Theronanne.

239 5036 301 5079 Auel.
315 5036 363 5079 Vnt.
380 5037 442 5089 eelz.
