3650 5675
710 491 797 566 1848,
819 490 856 556 12
878 490 948 556 tuni.
1471 497 1511 562 tt

143 662 284 734 omnem
313 640 572 720 inhabilitatem,
597 661 699 725 quam
726 640 898 726 predictus
927 640 1090 727 presbiter
1120 663 1162 706 ex
1177 643 1347 728 premissis
1363 643 1510 726 incurrit,

143 749 331 828 abolentes,
347 767 426 812 eum
441 746 583 832 pristino
598 745 699 811 statui
716 746 900 827 restituere,
917 766 956 811 ac
983 746 1086 811 etiam
1110 746 1152 811 de
1168 747 1260 812 dicto
1284 750 1360 814 ben.
1377 750 1406 814 ei
1434 737 1511 816 curn

145 851 304 916 omnibus
315 851 445 935 juribus
471 858 506 916 et
526 850 739 936 pertinentiis
759 849 827 915 suis
844 851 886 915 de
906 870 1001 915 novo
1020 850 1203 935 dignemini
1225 852 1410 936 providere,
1427 853 1512 920 buc-

90 1013 94 1017 ,
145 964 277 1039 tusque,
293 975 379 1039 quos
393 977 437 1019 ex
452 955 525 1042 ipso
539 955 701 1041 percepit,
717 954 779 1019 srbi
793 954 975 1034 remittere,
1002 974 1042 1019 ac
1063 953 1255 1039 dispensare
1271 976 1348 1021 cum
1365 959 1511 1042 eoquod

64 1057 72 1070 '
146 1059 253 1146 possit
279 1058 314 1122 in
336 1059 502 1145 susceptis
525 1060 573 1124 sIc
597 1058 768 1124 ordinibus
789 1057 979 1124 ministrare
998 1080 1006 1138 ;
1035 1065 1162 1123 etcum
1180 1059 1368 1144 hujusmodi
1385 1061 1511 1127 lactum

147 1162 287 1226 omnino
302 1162 347 1228 sit
361 1165 544 1242 occultum,
559 1171 598 1228 ut
621 1162 656 1226 in
672 1161 789 1228 forma.
812 1202 856 1211 -
883 1160 968 1242 Fiat,
985 1161 1046 1228 sibi
1073 1163 1115 1227 de
1142 1183 1233 1228 novo
1252 1164 1453 1231 conferimus
1477 1174 1512 1230 et

148 1264 273 1330 fructus
288 1273 470 1351 perceptos
483 1268 573 1331 bona
588 1266 655 1331 fide
669 1266 881 1332 remittimus.
898 1265 940 1332 R.

173 1409 277 1486 362.
293 1403 382 1468 Item
404 1426 500 1491 supp.
517 1404 605 1470 idem
630 1405 736 1485 miles,
753 1413 844 1488 quat.
864 1401 1047 1490 [Marcili0,
1063 1412 1145 1469 nato
1171 1402 1314 1470 Marcilii
1330 1406 1373 1471 dc
1399 1406 1512 1472 Endo·
1606 1487 1609 1493 Ι

148 1527 225 1587 ren,
241 1509 320 1574 cler.
336 1507 498 1574 Leodien.
524 1508 621 1588 dioc,
637 1511 767 1573 nullum
783 1510 861 1575 ben.
877 1508 960 1573 eccl.
975 1505 1156 1593 assecuto]
1174 1509 1251 1574 ben.
1268 1513 1350 1575 eccl.
1366 1531 1396 1576 c.
1412 1531 1441 1577 c.
1456 1513 1511 1576 vel

148 1634 174 1678 s.
190 1633 231 1692 c.,
246 1613 290 1678 ad
305 1615 382 1679 coll.
398 1613 499 1700 episc.
516 1613 687 1694 Leodien.,
706 1613 796 1700 [vac.
811 1615 867 1678 vel
882 1612 1011 1698 vacat]
1031 1613 1063 1677 in
1080 1613 1144 1680 civ.
1160 1615 1215 1678 vel
1230 1614 1327 1693 dioc,
1352 1614 1455 1679 etiam
1476 1614 1509 1679 in

148 1719 231 1784 eccl.
251 1716 424 1797 Leodien,
448 1718 623 1785 donationi
647 1725 755 1802 apost.
781 1716 965 1801 dignemini
985 1735 1165 1783 reservare.
1186 1716 1326 1781 -Fiat
1347 1738 1450 1801 usque
1469 1718 1511 1783 ad

149 1841 315 1885 summam
332 1826 373 1886 60
389 1822 447 1887 lib.
462 1842 491 1887 c.
507 1842 547 1900 c.,
563 1842 605 1906 40
621 1843 647 1887 s.
663 1842 693 1886 c.
710 1821 750 1886 R.

192 1965 275 2024 363.
304 1957 393 2024 Item
421 1981 517 2044 supp.
540 1958 629 2024 idem
654 1959 760 2038 miles,
786 1966 876 2044 qua-t.
896 1957 1094 2044 [Rodolpho
1118 1958 1287 2042 quondam
1315 1957 1454 2024 Henrici
1470 1959 1511 2025 de

151 2061 328 2142 Endoren,
355 2061 516 2128 Leodien.
532 2063 629 2142 dioc,
646 2061 753 2148 cler.],
769 2062 811 2128 de
832 2083 906 2127 can.
923 2064 1004 2128 eccl.
1017 2061 1054 2128 B.
1069 2061 1117 2128 M.
1128 2063 1304 2148 Aquensis,
1315 2063 1404 2128 dicte
1414 2063 1511 2144 dioc,

149 2165 333 2249 dignemini
349 2167 534 2252 providere,
544 2170 636 2252 preb.
651 2186 743 2246 vero,
763 2163 853 2252 [rac.
866 2167 920 2230 vel
933 2165 1073 2252 racat.],
1086 2167 1195 2232 eidem
1206 2167 1328 2233 clerico
1338 2167 1512 2233 conferen-

149 2267 239 2348 dam,
254 2269 429 2335 donationi
444 2278 552 2354 apost.
568 2269 750 2355 dignemini
766 2290 944 2336 reservare.
960 2311 1002 2319 -
1018 2268 1096 2336 Fiat
1112 2269 1153 2338 R.

194 2371 273 2436 Dat.
288 2372 390 2437 Avin.
408 2377 426 2436 6
442 2373 486 2439 id.
502 2374 580 2440 maii
597 2381 630 2439 a⁰
649 2384 688 2439 1⁰.
707 2376 756 2460 (2,
777 2379 880 2459 r9ol').

201 2508 319 2594 364.
1219 2548 1280 2611 133
1282 2549 1314 2611 3,
1333 2549 1372 2592 12
1391 2531 1467 2594 rnar'.

193 2627 296 2713 Supp.
312 2627 344 2693 S.
360 2627 400 2693 V.
417 2627 601 2709 Johannes,
618 2631 817 2694 castellanus
833 2631 875 2694 de
886 2629 1035 2714 Berghis,
1051 2630 1157 2709 miles,
1174 2631 1264 2695 dom.
1281 2632 1322 2695 de
1339 2630 1478 2716 Cupella
1488 2639 1510 2712 ⁸,

150 2729 320 2798 Morinen.
336 2733 434 2815 dioc,
452 2742 542 2818 quat.
562 2731 744 2819 [Balduino
770 2731 927 2818 Bommy,
946 2731 1053 2819 cler.],
1081 2733 1180 2817 dyoc.
1209 2733 1251 2798 de
1275 2731 1448 2818 Famagot,
1469 2733 1511 2799 de

148 2856 225 2901 can.
250 2845 284 2901 et
309 2841 402 2923 preb.
426 2836 469 2903 de
495 2835 659 2923 Famagot
683 2838 865 2923 dignemini
892 2838 1077 2924 providere,
1105 2840 1197 2924 preb.
1228 2858 1309 2903 vero
1343 2838 1430 2925 [vac.
1457 2840 1510 2903 uel

147 2940 277 3026 vacat]
294 2940 478 3025 dignemini
494 2961 671 3007 reservare.
687 2983 730 2990 —
747 2941 822 3007 Fiat
839 2942 880 3007 R.

194 3042 273 3109 Dat.
286 3045 388 3110 Avin.
405 3068 424 3128 4
441 3045 484 3110 id.
496 3046 574 3110 maii
590 3054 623 3110 a⁰
642 3054 681 3111 1⁰.
699 3047 749 3131 (2,
771 3049 874 3132 167⁸).

201 3182 316 3267 365.
1211 3218 1305 3282 1333,
1331 3218 1371 3263 12
1389 3221 1465 3264 near.

194 3300 295 3386 Supp.
312 3298 495 3381 Johannes,
512 3302 712 3366 castellanus
727 3300 769 3366 de
785 3299 933 3384 Berghes
949 3309 983 3364 et
1003 3300 1093 3366 dom.
1110 3300 1199 3366 dela
1227 3299 1398 3387 Coupelle,
1413 3301 1510 3367 miles

149 3426 227 3471 curn
243 3407 376 3486 vexillo,
393 3404 494 3470 famil.
511 3404 645 3470 illustris
657 3405 742 3489 regis
753 3403 912 3485 Navarre,
933 3402 1010 3489 [pro
1020 3404 1087 3469 ind.
1105 3404 1137 3467 in
1155 3412 1215 3470 art.
1232 3404 1347 3492 mort]
1367 3446 1409 3454 -
1433 3404 1511 3471 Fiat

151 3510 185 3573 iu
204 3509 310 3574 forma
326 3510 366 3575 R.
660 3593 664 3598 ᾖ

194 3613 272 3678 Dat.
288 3613 388 3678 Avin.
406 3635 425 3697 4
443 3613 486 3679 id.
503 3614 581 3679 maii
598 3622 630 3679 a⁰
650 3622 679 3679 1⁰
696 3614 746 3698 (2,
768 3612 864 3697 178.).

200 3752 445 3837 366-371.
1220 3784 1315 3846 1343,
1333 3784 1373 3827 12
1392 3763 1467 3828 mat.

194 3871 295 3955 Supp.
320 3868 496 3947 Johannes
521 3870 563 3935 de
591 3869 885 3949 Lussanboureh1,
911 3868 1018 3950 miles,
1040 3869 1243 3934 castellanus
1264 3863 1455 3947 Insulensis,
1478 3873 1512 3929 et

147 3975 240 4040 dom.
255 3974 298 4039 de
315 3972 457 4057 Roussy,
474 3973 535 4039 sibi
552 3981 587 4038 et
602 3974 712 4040 Aelidi
739 3974 781 4039 de
797 3971 965 4053 Flandria,
982 3973 1052 4057 ejus
1077 3971 1170 4036 uxori
1198 3969 1275 4055 [pro
1291 3969 1359 4034 ind.
1387 3968 1421 4032 in
1450 3978 1512 4035 art.

147 4078 266 4165 mort]
283 4118 327 4129 —-
342 4076 420 4142 Fiat
436 4077 467 4141 in
485 4077 603 4143 forma.
621 4077 661 4144 R.

192 4223 273 4285 367.
289 4216 378 4283 Item
394 4236 490 4301 supp.
506 4214 595 4280 idem
609 4216 715 4294 miles,
731 4223 824 4299 quat.
840 4215 901 4279 sibi
930 4222 964 4279 et
987 4212 1081 4278 uxori
1105 4232 1163 4277 sue
1189 4210 1348 4297 predicte,
1365 4230 1424 4294 per
1439 4229 1512 4273 ves·

148 4330 218 4387 tras
233 4321 363 4386 litteras
378 4319 563 4386 concedere
578 4319 772 4403 dignemini,
788 4328 825 4383 ut
841 4340 958 4385 eorum
985 4317 1124 4402 quilibet
1140 4317 1264 4381 habere
1279 4315 1385 4400 possit
1407 4314 1512 4379 altare

147 4424 318 4510 portatile,
347 4424 454 4489 etiam
484 4431 667 4506 antequam
693 4421 774 4500 dies,
804 4422 831 4485 si
864 4420 976 4486 forsan
1005 4419 1193 4503 contigerit,
1222 4418 1404 4499 illucescat,
1441 4418 1512 4484 sine

148 4538 265 4593 tamen
282 4527 466 4613 prejudicio
477 4526 559 4612 juris
574 4525 750 4611 cujuslibet
765 4525 916 4591 alieni-
935 4522 1011 4589 Fiat
1028 4523 1060 4587 in
1078 4522 1186 4588 forma
1203 4523 1246 4589 ad
1262 4524 1453 4589 triennium.
1471 4520 1511 4589 R.

180 4734 209 4795 a)
230 4734 265 4781 le
277 4737 349 4782 texte
359 4733 445 4781 donne
460 4732 592 4781 :daturum
602 4732 633 4780 de
645 4731 830 4795 Illleaeupellu.
842 4732 904 4779 Vult
917 4746 942 4781 rr.
954 4732 1000 4779 355
1013 4736 1038 4780 et
1052 4734 1106 4779 3155.

182 4951 206 4998 1.
218 4948 281 4997 Voir
293 4948 445 5009 Ilautcoeur,
462 4949 567 5010 Cariati,
581 4952 627 4998 tor
639 4966 645 5002 ι
658 4950 769 5009 Dorum,
782 4951 837 4998 utu.
