3650 5675
684 553 829 632 1847,19
847 555 959 638 Juillet
1442 545 1510 624 323³

146 707 317 773 nationem
335 705 414 774 Ursi
440 706 483 774 de
510 708 585 774 filiis
601 705 690 789 Ursi,
714 707 824 774 fratris
849 708 999 793 ejusdem
1025 707 1205 795 Raynaldi,
1226 729 1286 796 per
1309 713 1503 796 procurato-

144 813 272 879 remed
290 811 357 900 [id]
376 811 566 899 specialiter
589 813 812 880 constitutum
838 812 961 880 laetam
978 813 1016 878 in
1027 814 1180 881 manibus
1196 813 1286 881 dom.
1310 813 1503 881 Portuensis

149 915 284 1004 [episc.]
308 917 398 1003 apud
412 926 520 1004 apost.
545 917 660 985 sedem
675 927 867 1002 vacantem,
895 918 1065 1006 quondam
1082 917 1226 986 Matheo
1243 917 1412 1006 Raynaldi
1428 918 1501 986 Cal-

147 1021 216 1086 villi
238 1021 281 1087 de
307 1019 488 1088 Vicovario
514 1043 573 1109 per
596 1023 726 1090 litteras
750 1031 880 1090 vestras
897 1022 1047 1107 ,conferri
1062 1033 1080 1106 ¹,
1097 1031 1132 1090 et
1146 1023 1267 1090 deinde
1293 1044 1369 1091 curn
1393 1023 1503 1090 dictus

149 1123 316 1208 Matheus,
331 1133 410 1192 ante
426 1129 711 1212 presentationem
727 1136 762 1194 et
778 1128 1013 1196 executionem
1029 1127 1193 1195 dictarum
1209 1129 1406 1210 litterarum,
1425 1127 1502 1206 iuis·

145 1238 197 1297 set
211 1230 282 1296 vita
296 1229 439 1312 functus,
456 1229 601 1309 Nicolao
618 1232 738 1299 Nontii
756 1232 926 1300 Francisci
942 1234 984 1301 de
1000 1231 1199 1315 Taliacotio,
1215 1232 1257 1300 de
1273 1233 1329 1300 illa
1346 1252 1407 1320 per
1421 1233 1502 1298 alias

145 1343 273 1401 vestras
287 1334 415 1400 litteras
429 1335 596 1422 provideri
611 1337 806 1420 mandastis,
816 1338 896 1404 licet
911 1338 946 1405 in
957 1339 1084 1406 eisdem
1096 1338 1251 1406 secundis
1265 1338 1395 1420 litteris,
1412 1337 1503 1423 quod

147 1440 255 1505 eidem
272 1437 416 1505 Matheo
430 1438 473 1505 de
488 1440 579 1506 dicta
594 1443 802 1529 prepositura
817 1444 1047 1530 provideretis
1057 1444 1205 1530 positum
1228 1443 1326 1510 luerit
1340 1463 1400 1531 per
1415 1462 1504 1508 erro·

147 1564 228 1610 rem.
243 1544 329 1609 Cum
344 1551 458 1610 autem
473 1545 622 1632 prefatus
638 1545 802 1613 Nicolaus
826 1548 868 1613 de
895 1548 987 1616 dicta
1014 1549 1224 1636 prepositura
1250 1549 1312 1615 sibi
1337 1547 1503 1636 provideri

149 1648 258 1716 facere
280 1669 350 1716 non
374 1650 540 1716 curaverit
564 1671 674 1735 neque
703 1658 808 1732 curet,
831 1673 895 1719 nec
923 1653 1025 1720 etiam
1052 1655 1178 1721 dictam
1202 1653 1343 1740 gratiam
1358 1653 1400 1720 de
1415 1652 1506 1719 dicta

149 1753 357 1840 prepositura
371 1755 526 1840 prosequi
542 1753 705 1836 intendat,
722 1754 790 1822 imo
816 1777 917 1823 omne
930 1758 993 1843 jus,
1020 1758 1046 1824 si
1074 1758 1164 1843 quod
1179 1777 1239 1844 per
1253 1756 1362 1824 dictas
1377 1757 1506 1823 litteras

149 1859 184 1923 in
200 1858 319 1925 eadem
335 1859 542 1945 prepositura
556 1858 617 1925 sibi
634 1860 808 1948 competit,
819 1862 862 1928 sit
870 1863 1062 1929 renuntiare
1076 1862 1395 1950 paratushumiliter
1410 1881 1506 1948 supp.

151 1962 259 2029 dictus
272 1962 466 2049 Raynaldus
480 1971 494 1998 ⁸
509 1972 600 2051 quat.
616 1964 677 2030 sibi
694 1965 728 2030 in
744 1986 924 2053 personam
948 1967 1067 2053 Angeli
1085 1967 1104 2046 J
1107 1967 1204 2034 acobi
1221 1966 1450 2054 Neapoleonis
1465 1965 1508 2031 de

152 2067 227 2132 liliis
243 2065 331 2150 Ursi,
357 2069 507 2154 germani
532 2069 592 2152 sui,
613 2069 793 2156 specialem
808 2072 949 2156 gratiam
960 2072 1130 2154 facientes,
1147 2071 1257 2139 eidem
1272 2073 1314 2138 de
1330 2071 1421 2139 dicta
1434 2091 1511 2158 pre·

151 2171 311 2258 positura,
339 2172 470 2239 etiamsi
502 2194 617 2239 curam
642 2175 765 2242 habeat
789 2175 985 2258 animarum,
1002 2175 1185 2262 dignemini
1215 2176 1413 2264 providere;
1440 2195 1510 2242 non

154 2279 239 2342 obst.
255 2277 346 2361 quod
369 2276 458 2343 idem
482 2279 632 2363 Angelus
657 2279 903 2366 preposituram
929 2287 1078 2347 curatam
1103 2280 1244 2348 ecclesie
1270 2279 1474 2366 Tongrensis
1489 2290 1509 2362 ¹,

155 2379 315 2447 Leodien.
330 2381 428 2464 dioc,
444 2390 479 2449 et
500 2382 534 2448 in
549 2382 727 2463 Tholctan.
744 2405 821 2450 cum
846 2385 1083 2472 prestimoniiS,
1100 2386 1184 2452 etin
1206 2384 1387 2452 Belvacen.
1404 2384 1514 2451 eccle·

155 2485 211 2552 siis
226 2487 444 2553 canonicatus
462 2486 529 2573 [et]
548 2476 640 2574 preb.
656 2489 806 2555 noscitur
821 2488 984 2571 obtinere,
1000 2511 1059 2556 seu
1081 2489 1323 2574 quodquidam
1340 2488 1513 2567 Johannes

156 2589 198 2656 de
214 2590 329 2657 Penna
344 2592 472 2658 dictam
487 2591 730 2680 preposituram
753 2592 795 2660 de
820 2592 913 2660 iacto
938 2594 1069 2660 detinet
1097 2601 1309 2681 occupatam,
1326 2613 1402 2659 cum
1419 2612 1460 2658 eo
1476 2598 1513 2656 ut

155 2696 282 2761 dictam
297 2696 543 2783 preposituram
560 2696 599 2763 B.
616 2696 665 2764 Μ.
682 2698 784 2765 libere
796 2697 955 2785 recipere,
972 2706 1007 2766 et
1023 2719 1091 2764 una
1106 2718 1183 2764 cum
1198 2696 1290 2763 dicta
1304 2695 1514 2783 prepositura

155 2801 238 2866 eccl.
253 2797 456 2887 Tongrensis
471 2801 562 2869 licite
578 2801 690 2869 valeat
705 2802 859 2884 retinere,
876 2803 1040 2889 generalis
1055 2802 1188 2870 concilii
1214 2808 1249 2867 et
1276 2800 1426 2887 qualibet
1450 2798 1515 2867 alia

155 2904 399 2971 constitutione
414 2906 580 2973 contraria
595 2927 664 2973 non
680 2910 776 2989 obst,
787 2906 829 2973 de
845 2908 1010 2975 ulterioris
1025 2907 1116 2975 dono
1131 2906 1237 2993 gratie
1252 2905 1514 2995 dispensantes...

161 3046 194 3059 -
222 3007 298 3076 Fiat
313 3017 348 3075 et
362 3010 605 3098 dispensamus.
622 3011 663 3078 R.

201 3114 278 3180 Dat.
295 3114 393 3181 Avin.
410 3137 430 3201 4
446 3135 525 3182 non.
537 3116 610 3203 julii
626 3124 660 3181 a⁰
678 3120 720 3183 6⁰.
737 3115 807 3201 (13,
825 3118 906 3202 881).

210 3270 347 3354 1227.
1186 3305 1280 3372 1347,
1298 3306 1339 3373 19
1348 3287 1471 3370 juillet.

201 3390 302 3478 Supp.
319 3389 572 3477 Ray(mundus)
588 3390 630 3456 de
647 3390 784 3456 Poioliis
798 3397 889 3476 quat.
911 3390 972 3457 sibi
989 3389 1170 3478 specialem
1186 3392 1329 3477 gratiam
1344 3392 1514 3475 facientes

154 3495 198 3562 de
223 3516 297 3562 can.
320 3496 402 3562 eccl.
427 3496 601 3581 Agennen.
628 3494 739 3561 eidem
760 3495 997 3581 Ray(mun)do
1017 3494 1198 3582 dignemini
1221 3494 1405 3585 providere,
1422 3500 1514 3585 preb.

153 3620 247 3680 vero,
270 3599 361 3687 [vac.
386 3599 428 3666 ad
452 3620 597 3686 presens,
613 3601 668 3664 vel
694 3620 796 3684 quam
822 3601 966 3686 primum
994 3600 1131 3687 vacat.,]
1159 3601 1394 3669 conferendam
1421 3601 1513 3667 dicto

154 3702 404 3789 Ray(mun)d0,
427 3724 504 3769 cum
527 3705 681 3769 omnibus
700 3704 826 3789 juribus
841 3712 875 3770 et
891 3705 1100 3790 pertinentiis
1123 3705 1198 3787 suis,
1215 3701 1396 3791 dignemini
1412 3724 1513 3769 reser-

153 3827 235 3873 vare
248 3831 297 3889 ς...
313 3808 491 3875 cumidem
508 3808 759 3895 Ray(mun)dus
771 3811 814 3874 ab
826 3809 946 3874 eadem
963 3807 993 3874 S.
1007 3808 1046 3876 V.
1059 3810 1197 3891 nullum,
1214 3810 1316 3874 etiam
1331 3808 1511 3889 modicum,

151 3914 354 3980 beneficium
379 3913 477 3979 fuerit
500 3919 692 3993 assecutus;
719 3933 787 3977 non
814 3916 900 3978 obst.
917 3913 1008 3997 quod
1029 3912 1117 3978 idem
1134 3911 1389 3997 Ray(mun)dus
1406 3913 1512 3978 archi-

153 4017 372 4085 diaconatum
398 4018 561 4103 Urgelleti
589 4025 624 4083 et
641 4016 744 4083 Vallis
760 4018 911 4085 Andorre
928 4017 961 4082 in
979 4016 1160 4103 Urgellen,
1177 4038 1216 4083 ac
1231 4016 1265 4081 iu
1282 4017 1411 4099 eadem,
1428 4017 1511 4082 etin

154 4124 354 4205 'lomacen.,
370 4134 381 4168 ³
396 4132 431 4189 et
453 4124 485 4189 S.
502 4122 693 4204 Gaudentii,
717 4122 952 4188 Convenanun
975 4121 1073 4203 dioc,
1090 4142 1165 4188 can.
1186 4130 1221 4187 et
1236 4123 1338 4207 preb,
1360 4130 1394 4187 et
1415 4122 1448 4186 in
1470 4122 1512 4187 de

156 4229 352 4311 Lumberiis,
377 4227 509 4295 Albien.
535 4228 632 4310 dioc,
660 4228 861 4315 portionem,
885 4246 926 4293 ac
948 4226 983 4292 in
1007 4224 1261 4311 Petragoricen,
1278 4226 1435 4309 ecclesiis,
1452 4226 1512 4293 sub

156 4356 234 4423 exp.
248 4336 341 4423 preb.
355 4334 505 4402 noscitur
520 4334 682 4402 obtinere.
699 4370 732 4383 -
753 4331 830 4398 Fiat
846 4330 886 4399 R.

201 4440 280 4506 Dat.
294 4438 395 4505 Avin.
416 4460 453 4524 14
468 4437 537 4505 kal.
552 4457 626 4525 aug.
642 4446 675 4505 a⁰
693 4442 735 4505 6⁰.
752 4436 827 4522 (29,
848 4436 937 4522 157).

189 4596 218 4659 a)
231 4594 288 4646 (lul.
300 4593 476 4658 Raymunrlus.

192 4746 216 4791 l.
227 4743 290 4791 l'oir
306 4756 332 4791 n.
350 4744 406 4792 591,
424 4770 456 4777 -
477 4745 499 4791 2.
518 4742 541 4789 11
559 4746 598 4791 ost
617 4738 669 4791 cin<
684 4755 783 4789 commo
794 4737 886 4803 prdrdt
896 4754 929 4789 on
945 4740 1006 4789 1334
1017 4739 1105 4803 (Tliys,
1120 4739 1153 4797 ll,
1167 4740 1211 4801 31)
1223 4743 1249 4788 el
1259 4740 1283 4789 lo
1296 4741 1325 4788 13
1336 4741 1440 4789 octobre
1453 4742 1515 4791 1959

158 4818 222 4881 (rb.
234 4816 287 4879 32).
296 4846 328 4852 --
345 4818 367 4866 3.
381 4816 405 4866 ll
416 4818 459 4865 rut
471 4814 573 4866 nomme
590 4816 663 4865 chan.
675 4831 738 4865 avec
749 4814 909 4878 expectative
921 4812 952 4864 de
964 4812 1093 4877 prebendo
1105 4814 1128 4863 lo
1142 4816 1171 4861 li
1183 4815 1320 4863 rroverrrbre
1332 4814 1394 4862 1316
1406 4815 1515 4877 (Mollat.

158 4909 185 4942 n.
199 4894 278 4953 1911).
292 4892 321 4940 ll.
333 4892 366 4940 (le
378 4892 458 4954 Pupol
482 4897 524 4962 ,er
542 4891 592 4939 rit(-
609 4906 707 4940 conrme
718 4891 843 4939 chanoine
854 4890 877 4939 le
889 4890 919 4938 al
933 4904 1000 4938 mars
1011 4891 1036 4937 et
1048 4886 1072 4938 le
1085 4888 1114 4937 11
1127 4889 1178 4937 mai
1192 4888 1253 4937 1318
1265 4886 1402 4951 (Bethana,
1419 4888 1518 4938 eamear.

159 4967 196 5014 da
210 4962 362 5030 Blpaiuapc
373 4964 405 5015 de
415 4968 456 5016 ga
465 4966 596 5015 Elisabeth
608 4966 624 5014 ὰ
638 4965 721 5021 (r'rrrrd.
732 4966 834 5027 Bruges.
847 4966 915 5022 1883,
927 4978 970 5031 pp.
981 4964 1065 5022 ill-ll)
1078 4966 1104 5011 et
1115 4977 1147 5013 en
1158 4964 1220 5012 1399
1228 4963 1335 5021 (Iareal.
1345 4960 1387 5012 dee
1396 4963 1519 5012 Arabicae

158 5042 192 5090 de
203 5036 312 5104 Bruges,
329 5041 441 5097 (liarler,
456 5041 476 5094 Ι,
491 5042 549 5097 los)
565 5057 570 5097 ;
583 5040 600 5088 il
612 5042 699 5089 obtint
711 5039 736 5087 la
747 5039 877 5102 prebende
886 5039 911 5088 le
923 5041 954 5087 ’28
966 5040 1069 5087 octobre
1082 5038 1143 5086 13311
1156 5034 1248 5100 (l'irlal,
1262 5052 1286 5085 rr.
1299 5038 1361 5083 27112
1374 5050 1380 5095 ;
1392 5036 1426 5085 cf.
1438 5036 1520 5093 83931.
