3650 5675
628 520 717 596 1350,
738 519 778 584 29
796 518 914 599 jun-13
932 519 1041 600 juillet.
1450 522 1511 587 525

150 671 404 758 impetrantium
419 670 528 756 ipsum
543 670 797 756 precedentium
812 669 846 734 in
862 669 950 752 data,
961 679 996 736 et
1007 671 1290 738 reservationibus
1302 671 1512 738 obstantibus

151 776 279 841 nullum
294 774 438 840 fructum
464 794 522 839 seu
549 773 764 839 commodum
790 774 985 859 reportavit,
1009 775 1089 842 licet
1111 776 1244 841 labores
1259 775 1381 841 exinde
1396 796 1511 861 quam·

152 880 262 965 plures
272 878 408 943 subierit
424 886 459 943 et
474 896 646 963 expensas.
660 876 784 941 Verum
805 897 881 943 cum
898 897 971 943 can.
984 885 1018 941 et
1033 880 1137 963 preb,
1147 898 1231 962 quos
1243 878 1278 942 in
1288 878 1360 963 ipsa
1368 879 1512 945 ecclesia

151 983 302 1049 obtinere
329 983 460 1047 solebat
487 980 718 1067 lnguerranrus
742 980 784 1046 de
811 979 1012 1062 Malvineto,
1033 1002 1094 1067 per
1119 984 1174 1047 ob.
1198 982 1310 1067 ipsiuS,
1338 982 1394 1066 qui
1417 991 1511 1049 extra

152 1086 277 1153 curiam
292 1086 446 1166 decessit,
462 1085 532 1152 sedi
548 1094 655 1172 apost.
670 1085 829 1151 reservati
845 1093 968 1151 vacent
983 1085 1026 1151 ad
1041 1105 1195 1171 presens3
1227 1107 1322 1172 supp.
1338 1087 1428 1153 idem
1443 1088 1512 1173 epi·

151 1210 282 1276 scopus,
293 1196 385 1273 quat.
398 1189 491 1256 dicto
506 1190 683 1275 capellano
698 1209 758 1254 suo
770 1188 812 1253 de
824 1188 923 1254 dictis
945 1210 1019 1255 can.
1032 1197 1067 1253 et
1076 1192 1169 1275 preb.
1182 1190 1230 1255 sic
1245 1209 1320 1255 vac.
1329 1190 1512 1275 dignemini

150 1293 354 1379 providere3
378 1313 447 1358 non
475 1295 560 1359 obst.
587 1292 759 1357 beneficiis
785 1312 849 1375 que
872 1292 1004 1358 obtinet
1020 1301 1055 1359 et
1070 1300 1228 1379 expectat
1256 1294 1289 1357 in
1314 1294 1513 1359 cancellaria

151 1395 376 1482 exprimendis
395 1419 403 1477 ;
422 1418 498 1462 curn
514 1396 633 1465 ceteris
648 1416 717 1461 non
733 1398 848 1461 obst...
866 1395 999 1462 —Fiat
1015 1396 1056 1462 R.

196 1500 278 1564 Dat.
295 1500 396 1564 Avin.
417 1520 434 1583 5
450 1498 520 1565 kal.
532 1502 604 1585 julii
621 1506 654 1567 a⁰
672 1507 715 1580 9⁰.
734 1502 812 1584 (20,
831 1502 901 1584 94).

203 1620 347 1702 2019.
1219 1654 1313 1717 1550,
1330 1656 1371 1718 29
1381 1634 1469 1716 juin.

196 1737 297 1823 Supp.
322 1735 494 1814 Johannes
522 1735 631 1820 Egidii
658 1736 739 1802 dicti
766 1736 885 1816 Surles,
915 1736 1054 1801 clericus
1078 1736 1249 1817 Leodien.,
1274 1746 1366 1822 quat.
1383 1739 1444 1804 sibi
1471 1739 1513 1805 de

151 1860 228 1905 can.
245 1847 279 1905 et
294 1842 387 1925 preb.
404 1840 486 1905 eccl.
504 1838 705 1924 Maguntin,
721 1860 794 1905 vae.
821 1839 910 1924 apud
926 1839 1040 1904 sedem
1055 1848 1163 1925 apost.
1180 1860 1239 1925 per
1254 1844 1307 1907 ob.
1325 1840 1513 1908 Hermanni

150 1946 195 2010 de
210 1944 467 2024 Sauwelnheim,
480 1944 535 2027 qui
553 1944 586 2008 in
602 1944 750 2030 partibus
766 1943 830 2009 illis
845 1942 934 2009 diem
947 1944 1065 2009 clausit
1076 1952 1273 2025 extremum,
1286 1954 1322 2011 et
1333 1945 1423 2031 ipsos
1434 1946 1514 2011 dum

152 2048 237 2114 vixit
251 2049 286 2112 in
302 2047 393 2113 dicta
420 2048 562 2113 ecclesia
588 2049 773 2129 obtinebat,
789 2055 823 2113 et
854 2067 938 2132 quos
961 2047 992 2112 S.
1010 2047 1049 2113 E.
1065 2056 1146 2114 ante
1168 2048 1381 2114 vacationem
1404 2049 1514 2135 hujus·

152 2151 244 2217 modi
269 2151 443 2217 donationi
459 2172 516 2216 sue
533 2159 567 2216 et
583 2152 670 2217 sedis
694 2160 801 2238 apost.
824 2150 1013 2237 specialiter
1027 2151 1218 2232 reservavit,
1236 2152 1346 2217 eidem
1368 2152 1387 2231 J
1391 2153 1513 2219 ohanni

151 2255 335 2341 dignemini
350 2255 526 2341 providere
546 2278 554 2336 ;
582 2277 651 2322 non
676 2259 761 2321 obst.
791 2254 880 2340 quod
907 2275 1005 2340 super
1020 2256 1212 2341 provisione
1227 2258 1288 2321 sibi
1304 2257 1458 2323 facienda
1472 2257 1514 2323 de

153 2360 264 2443 aliquo
281 2360 363 2425 eccl.
378 2362 455 2425 ben.
472 2380 497 2425 s.
510 2381 538 2425 c.
556 2360 599 2425 ad
615 2361 872 2426 collationem...
889 2359 1057 2426 abbatisse
1073 2361 1230 2426 secularis
1245 2363 1385 2427 ecclesie
1398 2361 1513 2428 Nivel-

151 2463 260 2543 lensis,
277 2462 438 2529 Leodien.
454 2462 552 2543 dioc,
569 2464 602 2527 in
619 2464 725 2529 forma
752 2484 936 2550 pauperum
951 2464 994 2527 sit
1009 2473 1194 2549 expectans
1212 2488 1220 2545 ;
1238 2485 1341 2548 quam
1357 2471 1513 2548 expecta-

150 2568 279 2632 tionem
295 2588 372 2632 cum
387 2567 596 2653 processibus
621 2567 699 2633 inde
723 2567 845 2633 secutis
861 2568 894 2631 in
910 2566 1009 2631 totali
1026 2567 1095 2651 ejus
1111 2567 1217 2633 forma
1241 2566 1422 2651 dignemini
1450 2567 1511 2631 sibi

149 2690 327 2751 reservare,
340 2690 551 2755 quacumque
568 2671 808 2737 constitutione
824 2670 992 2736 contraria
1007 2688 1076 2735 non
1093 2672 1189 2752 obst,
1207 2690 1283 2735 cum
1300 2669 1419 2735 ceteris
1439 2690 1508 2733 non

150 2776 239 2840 obst.
250 2808 293 2819 -
310 2772 388 2839 Fiat
406 2772 445 2839 R.

196 2879 276 2946 Dat.
292 2879 392 2945 Avin.
410 2899 427 2962 3
445 2878 511 2945 kal.
524 2879 596 2964 julii
614 2888 647 2946 a⁰
665 2887 706 2961 9⁰.
724 2881 801 2966 (20,
820 2883 886 2964 71).

203 2999 351 3081 2020·
1203 3033 1298 3096 1350,
1315 3033 1334 3096 9
1345 3010 1469 3094 juillet.

195 3117 297 3204 Supp.
311 3115 505 3202 Reynaldus
516 3116 558 3182 de
569 3115 687 3198 Ponte,
698 3116 852 3184 dominus
863 3117 992 3184 Montis
1008 3117 1218 3198 fortis,miles,
1235 3125 1327 3200 quat.
1341 3115 1514 3202 [Conrado

151 3220 244 3286 dicto
269 3219 468 3300 Venderare,
493 3219 631 3306 clerico]
662 3220 864 3302 Coloniensi,
880 3221 923 3286 de
939 3241 1012 3287 can.
1028 3242 1068 3286 ac
1090 3223 1182 3307 preb.
1193 3241 1266 3286 vac.
1282 3221 1337 3285 vel
1351 3227 1463 3284 vacat.
1479 3217 1513 3282 in

152 3323 234 3389 eccl.
251 3323 282 3389 S.
299 3321 529 3388 Bartholomei
546 3321 705 3388 Leodien.
721 3324 904 3408 dignemini
920 3323 1095 3410 providere
1111 3347 1120 3403 ;
1134 3344 1203 3390 non
1220 3326 1306 3389 obst.
1322 3321 1413 3406 quod
1430 3321 1468 3386 E.
1481 3320 1513 3385 S.

151 3427 260 3493 eidem
286 3427 408 3494 clerico
432 3427 575 3512 gratiam
599 3427 714 3493 iecerit
731 3428 861 3495 decan.
878 3431 938 3494 sub
955 3449 1030 3515 exp.
1057 3431 1149 3515 preb.
1173 3428 1206 3493 in
1231 3429 1312 3493 eccl.
1336 3425 1514 3493 duodecim

149 3531 378 3617 apostolorum
395 3528 569 3596 Colonien.
585 3571 628 3580 —
645 3529 720 3597 Fiat
737 3531 777 3598 R.

194 3635 274 3700 Dat.
290 3635 389 3700 Avin.
406 3652 425 3715 7
442 3633 486 3700 id.
499 3634 570 3718 julii
587 3642 621 3700 a⁰
638 3643 680 3716 9⁰.
697 3635 774 3718 (20,
794 3638 862 3720 74).

205 3753 513 3835 2021-2022.
1176 3788 1272 3852 1550,
1292 3787 1331 3850 13
1346 3765 1471 3847 jum.

198 3872 298 3960 Supp.
326 3871 530 3953 Bochardus,
556 3894 669 3939 comes
693 3871 959 3956 Vindocinensis,
975 3882 1067 3958 quat.
1090 3871 1279 3939 consiliario
1293 3891 1354 3936 suo
1369 3868 1388 3947 J
1392 3870 1516 3935 ohanni

153 3976 325 4058 Conversi,
352 3977 406 4042 lic.
431 3977 465 4041 in
492 3977 566 4061 leg,
594 3998 667 4043 can.
693 3984 727 4042 et
753 3981 844 4063 preb.
868 3980 949 4044 eccl.
966 3977 997 4042 S.
1013 3976 1196 4042 Andomari
1211 3977 1246 4040 in
1262 3975 1294 4039 S.
1310 3975 1514 4054 Andomaro,

152 4079 241 4146 dioc.
259 4078 437 4160 Morinen.,
452 4099 524 4144 vac.
540 4099 601 4165 per
616 4082 670 4144 ob.
688 4079 777 4144 Petri
804 4080 885 4146 dicti
913 4079 1075 4160 Paresis1,
1092 4080 1148 4164 qui
1161 4087 1256 4144 extra
1279 4077 1405 4143 curiam
1421 4077 1514 4158 obiit,

152 4190 187 4248 et
202 4204 262 4270 per
276 4184 540 4249 reservationem
555 4190 655 4248 antea
670 4183 805 4265 factam,
822 4184 971 4250 conferre
987 4182 1170 4268 dignemini
1184 4181 1338 4266 gratiose,
1355 4201 1432 4246 cum
1446 4200 1516 4246 non

151 4290 239 4353 obst.
255 4286 297 4352 de
312 4287 431 4371 quibus
445 4287 479 4351 in
492 4287 689 4353 cancellaria
704 4286 825 4353 docere
841 4294 1036 4353 teneatur...
1053 4325 1098 4336 -
1114 4285 1191 4352 Fiat
1206 4284 1247 4350 R.

197 4390 242 4456 Et
252 4390 337 4456 sibi⁸
352 4397 394 4456 de
406 4390 470 4456 ista
486 4391 528 4456 sit
550 4391 733 4476 provisum.
749 4431 792 4442 -
808 4390 885 4456 Fiat
901 4391 944 4456 de
959 4390 1112 4474 sequenti
1127 4389 1170 4456 R.

199 4492 275 4559 Fiat
298 4492 363 4559 Rb.

198 4597 280 4664 Dat.
295 4597 395 4662 Avin.
410 4617 427 4682 3
443 4597 488 4663 id.
496 4597 569 4683 julii
585 4605 617 4665 a⁰
635 4607 676 4680 9⁰.
693 4601 768 4684 (20,
786 4601 851 4684 97).

187 4743 217 4805 a)
229 4743 427 4793 Probablement
438 4757 468 4795 :u
478 4745 500 4792 st
511 4745 547 4793 ibi
557 4757 579 4795 r).
587 4774 619 4782 -
627 4747 659 4808 b)
669 4747 708 4794 liu
716 4759 803 4808 margo
813 4761 818 4794 :
833 4744 902 4794 l'aele
913 4743 1025 4800 triferius
1035 4741 1070 4790 ud
1081 4743 1188 4805 cipriane,
1197 4753 1226 4790 eo
1235 4743 1279 4802 qui
1290 4755 1318 4791 ee
1328 4745 1451 4805 rapporto
1462 4741 1476 4788 i
1490 4740 1515 4788 la

154 4815 293 4879 supplique
304 4817 431 4866 suivantc.
1270 4835 1274 4844 ¹

190 4961 211 5009 l.
226 4959 285 5008 Volr
302 4974 327 5009 n.
342 4962 394 5009 123.
