3650 5675
732 424 827 499 1343,
850 424 890 490 25
909 423 1020 504 juillet.
1508 433 1561 499 101

195 573 316 640 scolari
333 574 476 641 Parisios
486 578 522 642 in
537 586 610 658 art,
626 578 703 643 cler.
716 576 905 643 Tornacen.
921 547 1229 666 droc,decanS
1256 529 1560 668 Mssr'si'rnaeensis,

196 677 383 744 Tomacen.
399 679 497 761 dioc,
514 680 696 766 dignemini
713 680 899 766 providere.
916 679 1057 780 -,‚·Eiqr
1071 680 1110 780 R.
1140 722 1250 788 ::··:·2
1261 714 1299 778 ;·3
1317 712 1364 781 22⁸·
1380 715 1390 789 Ξ

240 782 319 848 Dat.
334 803 390 869 ap.
407 782 657 851 villamnovam
674 805 691 866 9
708 782 776 850 kal.
793 805 867 869 aug.
884 791 918 850 a⁰
935 777 1185 870 2⁶2.(5,·¹118*''3.2‘
1319 781 1328 830 ἶ
1341 777 1365 825 '²
1382 811 1409 825 ··
1439 805 1448 819 ·

246 920 367 1003 450.
1229 957 1324 1021 1543,
1341 957 1383 1020 25
1392 939 1516 1020 juillet.

241 1037 328 1123 Sign.
345 1039 377 1104 S.
394 1038 434 1104 V.
450 1039 602 1105 Andreas
617 1040 659 1117 de
676 1039 837 1126 Maupilis
851 1039 894 1105 de
911 1038 1082 1105 Florentia
1100 1053 1121 1122 ¹,
1144 1040 1328 1126 dyaconus
1344 1045 1419 1108 bac.
1434 1043 1468 1108 in
1485 1047 1558 1129 leg,

196 1151 277 1208 actu
292 1144 405 1228 legens
420 1143 618 1225 Aurelianis,
635 1164 742 1230 nepos
756 1143 847 1209 dom.
863 1143 1041 1229 A(11dree),
1058 1143 1110 1209 tit.
1128 1145 1159 1210 S.
1176 1145 1326 1210 Susanne
1338 1150 1446 1232 presb.
1457 1148 1556 1230 card,

195 1246 287 1330 quod
301 1246 422 1312 eadem
438 1247 607 1312 Sanctitas
621 1247 769 1332 providit
784 1248 894 1314 eidem
909 1247 953 1313 de
975 1249 1124 1334 prioratu
1140 1249 1257 1334 colleg.
1275 1252 1357 1316 eccl.
1383 1251 1414 1317 S.
1431 1252 1557 1318 Donati

193 1353 290 1435 Juxta
306 1349 446 1432 Lucam,
461 1372 536 1417 vac.
552 1373 612 1438 per
626 1354 681 1417 ob.
697 1351 778 1418 dicti
794 1351 885 1418 dom.
902 1351 1002 1434 card,
1018 1353 1072 1417 vel
1089 1353 1171 1418 alias
1188 1353 1412 1436 quovismodo
1427 1377 1435 1434 ;
1453 1356 1557 1439 quod-

195 1475 262 1539 que
276 1475 366 1520 nunc
381 1455 505 1540 reperit
528 1456 622 1540 ,quod
647 1455 759 1521 dictus
781 1456 947 1542 prioratus
974 1456 1129 1540 regularis
1156 1456 1280 1535 existit,
1308 1466 1445 1544 propter
1467 1459 1558 1542 quod

194 1559 341 1644 provisio
355 1559 398 1623 de
414 1559 536 1625 eodem
552 1560 643 1625 sacta
659 1559 794 1625 Andree
805 1559 959 1645 predicto
975 1559 1035 1624 sibi
1051 1559 1177 1624 inutilis
1199 1569 1250 1624 est
1267 1581 1308 1624 ex
1335 1569 1420 1627 toto.
1445 1562 1557 1645 Quare

194 1683 292 1748 supp.
308 1684 337 1727 e.
354 1663 386 1728 S.
403 1662 500 1747 quat.
523 1663 565 1729 de
590 1663 739 1749 prioratu
766 1663 821 1728 SS.
845 1662 1011 1741 Johannis
1038 1671 1073 1728 et
1101 1663 1271 1750 Reparate
1299 1662 1437 1746 Lucan,
1464 1667 1557 1750 qu'us

194 1766 331 1856 fructt'u,
347 1787 413 1832 sec.
429 1776 500 1832 tax.
515 1767 657 1849 decime,
678 1787 739 1851 170
754 1767 787 1833 fl.
803 1767 873 1832 auri
888 1769 1039 1833 valorem
1056 1787 1204 1832 annuum
1225 1789 1294 1834 non
1316 1769 1494 1851 excedunt,
1514 1769 1556 1835 de

192 1872 313 1956 quibus
324 1871 428 1936 babet
444 1881 523 1938 octo
539 1872 712 1938 canonicis
723 1872 813 1938 dicte
826 1871 953 1938 ecelin
963 1873 1158 1938 necessariis
1168 1873 1352 1959 providere,
1366 1874 1409 1940 ad
1420 1895 1556 1960 presens

192 1995 255 2060 per
265 1979 320 2042 ob.
334 1975 437 2063 ipsius
452 1975 543 2042 dom.
559 1975 661 2057 card„
678 1975 732 2039 vel
749 1975 832 2040 alias
844 1975 1066 2060 quovismodo
1077 1997 1161 2057 vac,
1175 1977 1285 2044 eidem
1295 1979 1429 2044 Andree
1442 1978 1555 2063 digne-

192 2079 276 2143 mini
292 2078 477 2165 providere.
494 2077 574 2144 Nou
590 2082 676 2144 obst.
692 2078 784 2162 quod
799 2099 873 2144 can.
889 2087 925 2144 et
947 2081 1039 2164 preb.
1057 2080 1089 2144 in
1106 2079 1303 2163 Tomacen.,
1331 2089 1365 2147 et
1392 2103 1468 2149 can.
1495 2085 1554 2148 sub

191 2203 269 2268 exp.
285 2185 377 2268 preb.
393 2181 608 2248 Cameracen.
624 2183 718 2264 eccl,
734 2190 769 2248 et
784 2194 877 2270 perp.
893 2182 1013 2268 capell.
1029 2184 1110 2249 eccl.
1126 2184 1170 2250 de
1183 2183 1356 2268 Blandeio,
1367 2185 1554 2254 Tomacen.

190 2287 291 2368 dioc,
306 2286 456 2354 noscitur
471 2288 634 2354 obtinere.
649 2327 692 2338 -
709 2287 786 2354 Fiat
803 2287 844 2353 R.

236 2389 317 2457 Dat.
334 2412 388 2477 ap.
404 2389 656 2469 Villamnovam
674 2395 692 2457 8
708 2391 776 2458 lral.
793 2412 866 2476 aug.
883 2399 916 2456 a⁰
934 2399 975 2457 2⁰.
993 2393 1043 2476 (5,
1065 2414 1100 2457 12
1106 2394 1166 2477 3*').

242 2532 488 2615 451-457.
1223 2564 1318 2627 1545,
1336 2565 1377 2625 25
1386 2544 1509 2626 juillet.

237 2650 338 2736 Supp.
354 2649 467 2714 Adam
482 2647 525 2712 de
542 2647 677 2714 Urclriis
692 2659 712 2729 ²,
729 2669 802 2737 cap.
818 2669 910 2736 perp.
927 2647 1102 2733 hospitalis
1127 2646 1170 2712 de
1193 2647 1342 2729 Wavrin,
1368 2648 1553 2714 Tomacen.
1613 2667 1619 2676 ·

191 2754 291 2835 dioc,
308 2754 389 2820 olim
405 2752 484 2819 fam.
501 2751 705 2818 domesticus
720 2756 799 2819 bon.
826 2773 928 2818 mern.
955 2752 1045 2817 dorn.
1068 2751 1248 2836 A(ndree),
1273 2753 1325 2818 tit.
1354 2752 1384 2817 S.
1403 2753 1553 2818 Susann'e

193 2859 380 2939 cardinalis,
397 2866 432 2923 et
448 2859 557 2925 eidem
573 2857 663 2924 dom.
680 2858 841 2925 cardinali
866 2880 886 2923 a
910 2867 1063 2943 tempore
1091 2878 1159 2941 quo
1183 2857 1245 2921 fuit
1272 2856 1316 2922 ad
1343 2857 1425 2924 eccl.
1441 2860 1554 2924 Attre-

192 2966 307 3028 baten.
323 2971 498 3050 promotus
514 2983 617 3047 usque
632 2962 676 3027 ad
691 2961 781 3027 diem
796 2962 845 3027 sui
873 2962 984 3028 obitus
1010 2961 1153 3027 fideliter
1178 2982 1246 3028 non
1273 2964 1398 3047 absque
1424 2964 1555 3049 magnis

191 3067 361 3133 laboribus
375 3066 521 3147 servivit,
538 3074 630 3149 quat.
647 3066 708 3131 sibi
724 3066 766 3132 de
782 3086 856 3132 can.
873 3074 908 3131 et
924 3070 1015 3152 preb.
1029 3066 1111 3131 eccl.
1127 3064 1268 3147 Tollen,
1279 3087 1353 3132 vac.
1367 3067 1420 3131 vel
1431 3076 1553 3150 vacat,

192 3170 376 3256 dignemini
391 3171 577 3257 providere.
594 3170 674 3236 Non
691 3174 777 3235 obst.
793 3170 884 3254 quod
899 3171 981 3236 eccl.
997 3169 1040 3235 de
1057 3168 1216 3256 Dornpno
1236 3169 1390 3255 Remigio
1417 3192 1459 3237 ac
1479 3194 1553 3239 can.

192 3284 228 3340 et
242 3278 335 3361 preb.
352 3275 384 3340 S.
401 3274 536 3342 Nicolai
551 3273 595 3339 de
611 3273 754 3356 Brixeio,
771 3274 864 3359 cujus
879 3274 1029 3339 redditus
1049 3294 1085 3358 15
1102 3273 1158 3339 lib.
1184 3273 1262 3340 Tur.
1279 3295 1384 3360 parv,
1401 3296 1465 3341 sec.
1482 3284 1551 3342 tax.

191 3380 333 3459 decime,
349 3379 500 3445 valorem
523 3400 672 3444 annuum
688 3400 756 3445 non
772 3378 950 3460 excedunt,
966 3378 1096 3443 Tullen.
1120 3378 1217 3458 dioc,
1243 3388 1276 3444 et
1301 3400 1373 3445 ean.
1389 3382 1450 3445 sub
1477 3402 1553 3469 exp.

192 3487 285 3570 preb.
301 3484 336 3549 in
352 3485 435 3550 eccl.
451 3484 482 3548 S.
500 3482 549 3550 M.
567 3483 772 3568 Magdalene
788 3482 970 3549 Virdunen.
990 3484 1130 3549 obtinet.
1149 3520 1180 3531 -
1203 3482 1279 3549 Fiat
1296 3483 1337 3550 R.

237 3628 325 3688 452.
343 3620 432 3686 Item
448 3640 544 3709 supp.
560 3620 580 3699 J
584 3621 744 3702 ohannes,
760 3629 861 3685 natus
885 3619 987 3685 Bruni
1003 3619 1045 3685 de
1072 3619 1298 3705 Ardinglrellis
1312 3622 1354 3686 de
1373 3619 1553 3702 Florentia,

190 3726 327 3811 nepotis
341 3723 461 3811 prefati
478 3725 568 3791 dom.
585 3724 770 3805 cardinalis,
787 3731 879 3807 quat.
892 3723 952 3789 sibi
969 3724 1011 3788 de
1028 3745 1103 3789 can.
1120 3732 1155 3788 et
1170 3727 1262 3809 preb.
1275 3725 1356 3788 eccl.
1368 3724 1399 3788 S.
1414 3723 1554 3790 Martini

190 3830 236 3895 de
251 3828 434 3915 Campellis
449 3828 482 3892 iu
499 3823 585 3907 Bria,
603 3826 762 3893 Parisien.
774 3826 872 3908 dioc,
885 3848 959 3893 vac.
972 3828 1025 3892 vel
1038 3834 1161 3906 vacat„
1175 3824 1357 3909 dignemini
1368 3827 1553 3911 providere.

197 3971 232 3982 -
247 3932 324 3999 Fiat
340 3932 381 3999 R.

235 4078 320 4140 453.
331 4070 421 4137 Item
432 4092 527 4158 supp.
540 4070 560 4149 J
563 4071 713 4137 ohannes
724 4071 767 4136 de
781 4070 951 4151 Bussiaco,
965 4069 1121 4134 Parisien.
1134 4067 1232 4148 dioc,
1246 4067 1327 4132 olim
1339 4068 1554 4135 buticularius

189 4176 273 4242 dicti
290 4176 380 4243 dom.
397 4176 586 4254 cardinalis,
603 4184 695 4260 quat.
712 4175 771 4240 sibi
799 4174 842 4240 de
869 4178 945 4241 ben.
962 4174 1044 4239 eccl.
1072 4194 1100 4239 c.
1128 4194 1157 4238 c.
1184 4172 1238 4236 vel
1266 4192 1291 4236 s.
1319 4192 1347 4237 c.
1376 4182 1554 4257 spectante

189 4282 416 4346 communiter
430 4281 485 4345 vel
501 4279 633 4345 divisim
649 4277 692 4343 ad
716 4280 824 4345 coll...
851 4283 927 4346 abb.
952 4287 987 4344 et
1004 4298 1101 4343 conv.
1126 4276 1320 4341 monasterii
1346 4276 1376 4341 S.
1406 4275 1497 4341 Petri
1520 4277 1553 4341 in

190 4384 298 4465 l'alle,
315 4383 358 4450 Ο.
374 4384 406 4449 S.
423 4382 472 4463 B,
489 4381 670 4449 Camoten.
686 4382 783 4463 dioc,
811 4382 853 4448 ad
880 4394 949 4449 tax.
977 4382 1106 4447 decime
1123 4382 1164 4445 80
1187 4380 1213 4443 si
1241 4400 1269 4445 e.
1287 4401 1326 4463 c,
1343 4380 1369 4445 si
1385 4402 1467 4447 vero
1482 4402 1507 4447 s
1525 4403 1553 4447 e.

190 4488 289 4553 fuerit
305 4509 347 4572 40
361 4488 419 4554 lib.
434 4487 513 4554 Tur.
528 4508 631 4573 parv,
648 4507 723 4553 vac.
739 4487 792 4551 vel
817 4495 937 4567 vacat,
955 4486 1136 4569 dignemini
1161 4484 1344 4571 providere.
1362 4484 1443 4551 Non
1468 4489 1553 4552 obst.

190 4592 283 4677 quod
297 4592 541 4658 matricularias
557 4592 598 4657 de
614 4590 866 4658 Wasemonstre
893 4598 928 4655 et
951 4590 993 4655 de
1020 4589 1181 4671 Jabecke,
1208 4612 1273 4674 que
1295 4611 1363 4656 non
1387 4590 1555 4656 excedunt

189 4696 345 4762 valorem
367 4715 402 4781 15
418 4697 475 4763 lib.
490 4697 526 4762 in
540 4696 692 4762 absentia
707 4703 742 4760 et
758 4715 860 4761 unam
876 4694 1067 4781 portionem
1086 4694 1119 4758 in
1135 4697 1218 4761 eccl.
1242 4694 1363 4761 Oscen.
1380 4704 1414 4761 et
1430 4696 1553 4760 virtute

224 4882 247 4929 l.
259 4880 324 4928 Voir
335 4893 361 4927 n.
373 4882 429 4929 441.
440 4908 472 4915 -
484 4882 507 4929 2.
518 4881 581 4929 Voir
591 4894 617 4928 n.
629 4882 684 4941 276,
697 4880 753 4929 374.
