3650 5675
743 509 832 584 1848,
854 511 908 575 45
931 527 1019 574 mars.
1524 515 1564 582 67

245 657 345 743 321.
462 706 467 712 ·
1259 695 1355 759 1343,
1372 702 1390 760 4
1410 699 1513 743 rnars

236 776 334 860 Supp.
352 774 516 840 Nicolaus
530 773 697 852 Johannis
716 775 759 840 de
784 778 920 856 Alneto,
946 776 1027 841 alias
1052 776 1094 841 de
1121 774 1245 858 Malda,
1272 780 1349 844 cler.
1375 779 1559 848 Tomacen.

193 879 288 959 dioc,
304 879 360 963 qui
375 899 436 964 per
456 898 492 941 12
508 898 616 944 annos
634 887 670 945 et
693 881 779 945 ultra
793 882 872 945 bon.
888 901 987 944 mem.
1003 880 1093 947 dom.
1111 879 1321 967 Neapoleoni
1347 883 1432 948 card.
1446 901 1464 965 ¹,
1481 885 1561 951 fide-

193 984 320 1048 lissimo
334 984 446 1048 amico
460 991 574 1049 vestro
588 983 669 1049 dum
687 984 781 1064 vixit,
798 985 832 1048 in
848 985 999 1050 manerio
1023 1006 1093 1064 su0,
1117 986 1204 1051 ultra
1221 985 1365 1051 Pontem
1389 987 1558 1070 Avinion,

194 1089 227 1152 in
244 1108 348 1174 regno
366 1087 507 1153 Francie
522 1087 690 1168 existenti,
706 1090 794 1153 bene
809 1096 844 1154 et
863 1089 1005 1153 fideliter
1029 1089 1165 1154 servivit
1181 1111 1242 1175 pro
1265 1111 1374 1175 posse,
1391 1098 1425 1154 et
1449 1091 1558 1158 adhuc

192 1192 304 1273 servit,
321 1191 468 1276 quandiu
487 1190 525 1254 V.
540 1192 704 1276 placuerit
728 1191 757 1256 S.
770 1215 779 1271 ;
806 1201 894 1276 quat.
910 1191 972 1256 sibi
997 1191 1039 1256 de
1064 1211 1137 1256 can.
1164 1199 1198 1257 et
1222 1194 1312 1277 preb.
1337 1195 1415 1260 eccl.
1441 1196 1556 1281 colleg.

192 1294 409 1377 Ronacensis,
426 1294 642 1360 Cameracen.
658 1295 753 1376 dioc.,
772 1315 845 1360 vac.
861 1315 921 1381 per
938 1295 1226 1361 consecrationem
1246 1299 1324 1363 bon.
1346 1319 1446 1365 mem.
1465 1298 1555 1366 dom.

189 1398 209 1477 J
212 1399 365 1481 ohannis,
375 1399 568 1485 archiepisc.
580 1400 779 1465 Arborensis
786 1411 807 1480 ²,
824 1399 904 1465 olim
923 1399 1012 1464 dicte
1029 1401 1110 1465 eccl.
1127 1420 1211 1480 can,
1222 1409 1256 1466 et
1266 1401 1347 1467 dicti
1357 1402 1447 1468 dom.
1466 1403 1553 1471 card.

189 1503 370 1584 camerarii,
386 1503 569 1588 dignemini
585 1503 782 1588 providere;
800 1523 869 1568 non
886 1505 969 1568 obst.
986 1503 1076 1588 quod
1097 1504 1184 1568 idem
1211 1503 1382 1585 Nicolaus,
1410 1506 1452 1571 ad
1478 1508 1553 1572 coll.

188 1609 261 1672 abb.
277 1613 312 1671 et
328 1627 427 1672 conv.
442 1607 636 1672 monasterii
652 1607 682 1672 S.
697 1607 842 1673 Amandi
859 1607 892 1670 in
910 1606 1045 1687 Pabula,
1056 1607 1096 1673 Ο.
1110 1608 1139 1674 S.
1151 1608 1199 1689 Β.,
1216 1607 1401 1676 Tomacen.
1412 1611 1506 1692 dioc.,
1519 1612 1551 1676 in

189 1709 359 1775 communi
376 1731 558 1796 pauperum
574 1709 691 1791 forma,
706 1719 794 1776 auct.
811 1720 932 1790 vestra,
951 1711 1164 1795 impetravit3
1187 1733 1286 1797 quarn
1311 1715 1442 1799 placeat
1459 1714 1487 1779 S.
1505 1714 1553 1796 V,

190 1834 257 1878 una
272 1834 348 1878 cum
363 1813 427 1879 hac
446 1815 593 1899 presenti
617 1822 727 1879 vestra
749 1834 796 1898 gr.
820 1813 966 1900 speciali,
991 1813 1101 1878 eidem
1122 1813 1266 1881 Nicolao
1292 1815 1325 1880 in
1351 1838 1411 1882 suo
1435 1820 1553 1883 robore

190 1938 395 2003 permanere.
413 1917 556 1999 -Fiat,
572 1926 607 1983 et
622 1927 795 1984 remaneat
811 1919 872 1983 sibi
887 1918 1001 2003 gratia.
1020 1917 1057 1982 R.

234 2021 309 2086 Dat.
325 2042 378 2107 ap.
395 2020 424 2084 V
426 2022 643 2087 illamnovam
659 2045 678 2107 4
695 2042 773 2088 non.
790 2029 884 2087 mart.
901 2029 935 2087 a⁰
955 2028 990 2086 1⁰.
1009 2022 1059 2106 (2,
1078 2025 1158 2108 641).

239 2193 346 2278 322·
1258 2226 1352 2290 1343,
1369 2233 1387 2291 4
1407 2229 1508 2273 mors

233 2310 382 2397 Exponit
397 2309 427 2374 S.
444 2307 482 2374 V.
499 2307 688 2374 Florentius
712 2306 754 2372 de
779 2307 917 2387 Jutfaes,
933 2328 1004 2374 can.
1022 2310 1102 2375 eccl.
1127 2306 1314 2393 Trajecten.
1324 2319 1344 2390 ³,
1366 2310 1456 2394 quod
1481 2311 1550 2397 ipse

187 2415 221 2478 in
237 2411 472 2500 prosecutione
487 2411 722 2499 postulationis
738 2411 818 2478 olim
834 2411 922 2477 facte
937 2411 980 2478 ad
1000 2413 1079 2478 eccl.
1101 2411 1286 2498 Trajecten.
1313 2413 1346 2477 in
1371 2434 1549 2498 personam

188 2517 278 2583 dom.
293 2517 353 2599 sui,
369 2516 459 2583 dom.
474 2515 494 2594 J
497 2515 648 2594 ohannis,
665 2516 765 2601 episc.
781 2514 979 2600 Trajecten,
993 2537 1083 2583 nunc
1098 2537 1157 2602 per
1173 2516 1202 2582 S.
1215 2515 1253 2582 V.
1269 2515 1452 2582 addictam
1468 2519 1549 2584 eccl.

187 2622 310 2707 provisi
322 2633 343 2702 ⁴,
359 2623 484 2687 multos
499 2621 629 2686 labores
644 2621 776 2686 sustulit
792 2623 835 2686 ob
853 2621 1175 2706 contemplationem
1191 2619 1345 2684 utilitatis
1355 2620 1550 2705 ecclsupra-

188 2726 278 2792 dicte
303 2725 499 2808 diversaque
514 2723 661 2809 pericula
676 2723 786 2804 subiit,
802 2731 847 2802 et,
864 2724 897 2786 in
914 2743 1092 2809 personam
1108 2744 1241 2788 suorum
1258 2722 1395 2787 fratrum
1411 2729 1446 2786 et
1470 2743 1550 2788 con-

187 2830 444 2915 sanguineorum
460 2830 642 2912 laycorum,
659 2827 802 2913 plurium
818 2829 983 2893 bonorum
1008 2827 1242 2914 temporalium
1266 2819 1490 2913 perditionem
1514 2835 1549 2892 et

187 2930 333 3015 dampna
347 2930 440 2995 varia
454 2931 645 3017 reportavit
662 2932 773 3015 Quare
788 2952 892 3017 supp,
908 2939 999 3017 quat.
1016 2953 1092 2997 eum
1108 2932 1200 2998 dono
1215 2939 1325 2995 vestre
1349 2930 1454 3013 gratie
1470 2951 1549 2997 con-

187 3035 343 3116 solantes,
359 3036 389 3099 ei
405 3034 449 3100 de
463 3056 535 3101 can.
551 3034 585 3101 in
601 3036 683 3101 eccl.
699 3034 869 3117 Leodien„
886 3044 921 3101 et
937 3039 1039 3123 preb,
1056 3046 1091 3101 et
1105 3036 1204 3121 dign,
1220 3056 1314 3121 pers,
1325 3037 1379 3101 vel
1395 3034 1461 3115 off,
1478 3054 1506 3100 c.
1520 3055 1548 3101 c.

186 3140 241 3202 vel
256 3158 279 3203 s.
299 3160 336 3219 0.,
352 3147 528 3225 spectante
543 3139 586 3206 ad
601 3141 677 3206 coll.
693 3140 794 3225 episc.
812 3139 982 3222 Leodien,
1008 3149 1170 3207 consueto
1186 3162 1244 3206 seu
1265 3149 1425 3207 consueta
1449 3160 1550 3206 cano-

186 3241 271 3307 nicis
286 3242 459 3308 dumtaxat
476 3243 577 3329 ipsius
593 3245 672 3309 eccl.
687 3243 846 3311 Leodien.
863 3244 1031 3329 assignari,
1048 3243 1134 3330 [vac.
1151 3245 1205 3308 vel
1220 3245 1352 3327 vacat.],
1364 3244 1546 3328 dignemini

162 3387 167 3395 -
185 3346 361 3431 providere
376 3370 385 3427 ;
402 3368 471 3413 uon
487 3350 570 3413 obst.
588 3349 677 3433 quod
693 3358 812 3413 canet
826 3351 916 3434 preb.
934 3349 967 3411 in
992 3347 1142 3435 predicta
1163 3348 1244 3413 eccl.
1260 3346 1445 3433 Trajecten.
1462 3348 1548 3413 obti-

186 3470 266 3515 nere
280 3461 447 3517 noscatur.
463 3492 506 3501 -
522 3451 598 3518 Fiat
612 3452 716 3518 etiam
730 3453 772 3517 de
786 3453 877 3537 dign.
893 3462 955 3518 etc.
973 3450 1011 3517 R.

230 3554 308 3621 Dat.
324 3577 377 3642 ap.
393 3556 640 3622 Villamnovam
658 3578 677 3640 4
692 3576 773 3623 non.
789 3566 883 3623 mart.
899 3564 933 3622 a⁰
953 3564 989 3621 1⁰.
1007 3561 1057 3641 (2,
1076 3556 1155 3641 67').
1232 3548 1237 3557 ’

237 3727 348 3813 323.
1247 3762 1343 3825 1345,
1359 3759 1380 3821 5
1397 3762 1499 3807 enarr.

229 3845 284 3907 8¹¹²
295 3844 490 3931 puteacum
501 3844 706 3913 S.V.certam
718 3854 924 3933 potestatem
937 3846 1063 3912 devoto
1075 3853 1187 3911 vestro
1197 3845 1374 3929 A(ndree),
1383 3843 1542 3909 cardinali

184 3947 390 4015 Tomacensi
405 3956 427 4031 ⁵,
439 3952 641 4016 concesserit
656 3972 718 4036 pro
733 3951 902 4036 legatione
919 3950 1030 4036 ipsius,
1047 3958 1080 4015 et
1097 3956 1248 4034 potestas
1257 3948 1366 4013 eidem
1382 3968 1542 4013 concessa

184 4052 352 4118 extendat·
362 4074 398 4118 se
412 4054 522 4119 solum
537 4055 581 4120 ad
597 4055 728 4140 agenda
745 4056 778 4119 in
807 4054 917 4140 regnis
943 4057 1137 4139 Aragonum
1153 4060 1188 4117 et
1206 4049 1455 4136 Majoricarum,
1472 4071 1541 4115 non

184 4154 219 4219 in
234 4156 318 4221 locis
333 4164 368 4221 et
383 4158 480 4222 terris
494 4158 646 4224 dominio
668 4179 783 4244 regum
809 4159 976 4225 dictorum
1001 4176 1178 4241 regnorum
1204 4155 1370 4239 subjectis,
1387 4154 1542 4239 dignetur

183 4256 304 4324 eadem
319 4259 351 4326 S.
369 4260 408 4327 V.
425 4282 528 4327 unam
540 4262 687 4328 litteram
703 4262 961 4328 declaratoriam
977 4262 1086 4327 eidem
1103 4258 1297 4339 concedere,
1310 4257 1400 4343 quod
1416 4257 1540 4336 omnia,

216 4512 238 4558 1.
250 4510 313 4558 Voir
323 4524 348 4559 n.
361 4512 383 4560 4.
395 4538 428 4546 —
444 4514 469 4561 2.
480 4512 552 4573 Jean,
565 4513 667 4563 archev.
684 4514 832 4562 d'Oristano
848 4528 880 4561 en
899 4514 1044 4573 Sarrlnigue,
1064 4511 1165 4561 nomme
1176 4514 1199 4561 le
1211 4514 1242 4561 23
1253 4512 1357 4562 octobre
1370 4510 1432 4559 1340
1444 4508 1541 4572 (Eubel

182 4582 203 4640 1.
216 4583 284 4645 loa).
294 4612 325 4619 -
337 4586 359 4633 3.
372 4584 412 4633 Cf.
424 4586 529 4647 Rr'ezler,
540 4602 565 4636 n.
578 4589 641 4636 1882
653 4604 659 4646 ;
671 4587 771 4647 Kirsch,
784 4587 861 4647 Koll,
880 4588 944 4643 287;
958 4587 1040 4645 Brom,
1055 4586 1142 4645 Index,
1156 4603 1179 4651 p.
1193 4588 1247 4635 334.
1259 4615 1290 4621 -
1302 4587 1325 4633 4.
1343 4584 1408 4633 Jeen
1428 4582 1539 4641 derkel,

182 4656 285 4704 nomme
296 4658 319 4706 le
329 4660 362 4706 20
373 4660 512 4709 novembre
524 4662 586 4709 1342
598 4662 702 4723 (Eubel,
716 4661 735 4721 1,
748 4662 817 4722 518).
829 4665 891 4710 -ὄ,
902 4659 992 4709 Andre
1002 4661 1088 4719 tinini,
1103 4663 1155 4709 voir
1165 4677 1190 4711 n.
1204 4662 1257 4709 116.
1275 4660 1345 4707 illut
1358 4657 1414 4707 crte<
1426 4655 1540 4706 onnlinal

181 4730 218 4777 du
230 4733 291 4780 titre
309 4731 342 4781 dc
360 4732 521 4782 S¹‘·Susanne
541 4734 565 4783 le
584 4736 615 4783 20
634 4736 777 4798 septembre
798 4737 866 4794 1342,
879 4737 966 4796 quitto
986 4734 1011 4783 la
1030 4735 1106 4783 Curie
1124 4749 1225 4797 pourue
1247 4736 1336 4783 rendre
1354 4748 1386 4782 en
1404 4734 1505 4791 drogon
1518 4730 1541 4779 lo

185 4806 218 4853 1‘*
228 4803 321 4855 levrier
332 4808 402 4865 1343,
414 4811 440 4856 et
452 4814 557 4855 mourut
568 4809 584 4856 d
598 4809 740 4871 Perpignan
752 4810 776 4857 le
787 4812 802 4857 2
813 4807 871 4869 juin
883 4811 986 4857 suivant
1006 4808 1111 4871 (Enbcl,
1126 4809 1205 4867 Ister,
1221 4809 1239 4865 1,
1254 4809 1304 4869 17).
1317 4809 1366 4855 Sur
1385 4811 1455 4855 cetto
1475 4802 1540 4865 lega-

183 4878 248 4937 tion‚
260 4878 294 4928 01.
306 4878 439 4941 Batonius,
448 4880 568 4940 Anarta,
580 4880 738 4940 6011101000,
746 4886 765 4930 t.
775 4882 860 4940 XXV,
869 4884 977 4930 289-290
990 4898 995 4939 ;
1011 4880 1112 4944 lldprez,
1123 4896 1148 4929 n.
1164 4883 1217 4941 168,
1234 4881 1288 4929 188.
1302 4880 1351 4929 Los
1362 4884 1432 4926 actes
1443 4876 1543 4927 relatiis

183 4952 200 4999 1
217 4956 286 5001 oette
301 4952 414 5015 legation
425 4968 453 5003 se
469 4959 592 5005 trouvent
603 4955 668 5006 dans
679 4956 703 5005 le
716 4955 779 5017 Rep.
792 4956 868 5005 Aria.
882 4958 919 5014 10,
932 4956 947 5003 b
960 4956 1041 5018 [vortit
1053 4955 1088 5002 ‹lu
1101 4955 1118 5003 1.
1131 4956 1187 5003 583.
