3650 5675
683 401 771 476 1345,
794 401 873 467 11-12
896 402 1022 467 octobre.
1471 402 1533 469 287

170 552 246 621 coll.
263 558 428 638 spectans,
444 550 594 617 noscitur
606 558 787 639 expectare
803 574 810 631 ;
829 572 929 638 quam
944 572 1002 636 gr,
1019 552 1131 637 quoad
1141 555 1218 619 ben.
1232 560 1384 619 curatum
1396 554 1451 619 vei
1463 573 1531 619 non

171 664 332 737 curatum,
344 655 527 741 dignemini
540 655 650 722 eidem
662 676 828 721 reservare
842 678 850 735 ;
868 655 915 721 ita
929 656 1019 741 quod
1031 655 1149 722 habito
1160 658 1236 723 ben.
1253 667 1369 724 curato
1384 678 1426 723 ex
1441 655 1532 723 dicta

170 760 246 826 coll.
261 758 424 847 prefatam
441 757 580 826 cecide
596 758 849 845 Walvringhem
865 755 1035 825 dimittere
1061 768 1238 841 teneatur;
1256 782 1314 827 seu
1327 760 1418 847 quod
1429 780 1534 847 nuper

170 864 203 931 S.
222 862 262 932 V.
286 863 469 951 providerit
494 862 604 929 eidem
627 863 669 930 de
693 864 846 951 parrocb.
869 866 952 931 eccl.
968 863 1011 929 de
1026 862 1204 931 Guilbiaco
1230 864 1323 931 etde
1339 864 1534 931 Comusone

171 968 334 1035 canonice
350 967 462 1050 unitis,
479 967 670 1034 Rutbenen.
686 968 772 1034 dioc.
778 990 786 1047 ;
804 967 923 1051 quibus
938 969 1021 1034 eccl.
1036 968 1229 1035 renuntiare
1240 978 1292 1035 est
1304 978 1449 1056 paratus,
1457 990 1533 1035 cum

169 1073 414 1160 possessionem
439 1072 615 1158 pacificam
642 1072 732 1139 dicte
757 1072 839 1137 eccl.
866 1070 908 1137 de
933 1071 1187 1156 Walvringhem
1213 1072 1312 1138 fuerit
1338 1079 1533 1151 assecutus;

171 1178 263 1264 cujus
278 1176 413 1263 quidem
429 1178 511 1242 eccl.
527 1177 569 1243 de
585 1176 839 1262 Waivringbem
855 1175 1022 1243 fructus...
1037 1196 1078 1260 50
1090 1176 1146 1241 lib.
1160 1175 1263 1242 Paris.
1275 1195 1451 1256 summam,
1468 1195 1534 1241 sec.

170 1289 239 1348 tax.
255 1282 395 1363 decime,
412 1302 480 1347 non
497 1280 674 1347 excedunt.
691 1321 734 1329 -
750 1278 826 1345 Fiat
842 1286 877 1345 et
892 1288 1066 1346 remaneat
1082 1279 1143 1345 sibi
1159 1299 1206 1365 gr.
1224 1278 1265 1345 R.

215 1426 296 1489 939.
325 1417 413 1485 Item
437 1437 532 1506 supp.
558 1418 646 1484 idem
673 1418 872 1499 vicecomes,
900 1426 990 1503 quat.
1022 1416 1142 1505 [famil.
1173 1437 1233 1483 suo
1263 1415 1422 1498 Johanni,
1453 1424 1535 1483 nato

171 1524 340 1609 quondam
365 1522 522 1609 Symonis
540 1520 712 1589 Bonelain
728 1522 771 1590 de
787 1521 1081 1605 Boscocomrnuni,
1099 1522 1266 1587 Senonen.
1282 1520 1380 1603 dioc,
1396 1519 1535 1607 presb.],

171 1628 323 1714 parroch.
340 1628 499 1693 ecclesias
513 1626 556 1693 de
571 1625 749 1693 Guilhiaco
764 1636 799 1692 et
814 1626 856 1692 de
873 1626 1069 1693 Comusone
1088 1626 1250 1693 canonice
1266 1626 1390 1707 unitaS,
1407 1624 1535 1691 Rutbe-

171 1751 247 1797 nen.
264 1731 361 1813 dioc,
378 1752 442 1817 que
459 1732 492 1797 in
507 1732 600 1798 brevi
617 1752 737 1799 vacare
753 1740 939 1819 sperantur,
956 1752 1017 1819 pro
1029 1753 1071 1798 eo
1084 1731 1174 1818 quod
1186 1730 1217 1797 S.
1228 1729 1268 1798 V.
1280 1750 1387 1816 nuper
1398 1751 1446 1815 gr.
1457 1728 1536 1795 fecit

171 1855 257 1921 mag.
273 1834 292 1914 J
297 1835 422 1901 ohanni
440 1834 550 1921 Regis,
569 1834 759 1903 Ruthenen.
776 1835 873 1918 dioc,
890 1837 932 1904 de
948 1838 1030 1903 eccl.
1042 1836 1199 1923 parroch.
1215 1835 1257 1902 de
1273 1834 1535 1919 Waloringhem,

173 1937 341 2007 Morinen.
366 1941 464 2023 dioc,
489 1949 569 2007 tunc
594 1940 683 2029 apud
707 1940 822 2007 sedem
844 1949 952 2028 apost.
973 1961 1059 2021 vac,
1076 1961 1153 2007 cum
1170 1940 1241 2027 ipse
1256 1939 1419 2028 premisso
1434 1938 1538 2005 modo

172 2042 377 2125 vacaverint,
401 2042 573 2111 collationi
594 2043 682 2109 sedis
697 2051 816 2130 apost,
832 2044 924 2111 dicto
940 2042 1088 2121 Johanni
1106 2043 1337 2125 conferendas,
1353 2042 1536 2130 dignemini

171 2166 341 2215 reservare
354 2171 363 2230 ;
380 2170 449 2215 non
465 2152 550 2216 obst.
564 2148 655 2234 quod
667 2148 755 2214 idem
767 2147 786 2226 J
790 2149 942 2215 ohannes
955 2150 1121 2235 capellam
1132 2148 1175 2215 de
1189 2147 1356 2229 Revillon,
1370 2148 1536 2214 Senonen.

172 2253 271 2335 dioc„
295 2254 456 2335 obtineat,
481 2274 538 2321 seu
555 2252 645 2339 quod
659 2255 737 2319 ben.
760 2262 982 2321 <curatum>
1003 2275 1032 2320 c.
1049 2274 1078 2320 c.
1095 2255 1149 2318 vel
1166 2275 1191 2319 s,
1208 2254 1536 2335 c.,vac.ve1vaeat.

173 2357 206 2423 in
228 2359 320 2439 ecci,
345 2357 409 2423 civ.
432 2358 487 2423 vel
510 2356 597 2423 dioc.
619 2356 778 2436 Melden,
806 2357 849 2423 ad
865 2358 971 2424 coll...
990 2358 1103 2444 episc,
1119 2357 1192 2423 dec.
1209 2365 1243 2422 et
1260 2376 1334 2442 cap.
1352 2353 1537 2422 Meldensis

172 2470 338 2549 spectans,
349 2483 391 2528 ex
403 2462 522 2529 vestris
545 2461 664 2527 litteris
676 2461 825 2527 noscitur
841 2470 1021 2547 expectare
1036 2483 1047 2547 ἦ
1062 2482 1162 2546 quam
1177 2481 1225 2547 gr.
1242 2468 1277 2525 et
1292 2461 1362 2545 ejus
1377 2460 1536 2526 effectum

173 2567 283 2651 quoad
299 2569 375 2633 ben.
392 2574 545 2633 curatum
561 2572 597 2631 et
611 2586 680 2631 non
697 2572 849 2631 curatum
864 2564 1049 2650 dignemini
1065 2564 1175 2630 eidem
1191 2584 1360 2630 reservare
1376 2585 1536 2631 unacum

172 2670 263 2737 dicta
287 2672 425 2757 capella,
450 2670 563 2736 taliter
589 2668 689 2753 quod,
715 2668 833 2734 habito
856 2671 933 2734 ben.
959 2677 1076 2735 curato
1091 2675 1125 2734 et
1143 2668 1244 2755 ipsius
1266 2669 1476 2756 possessione
1494 2690 1536 2736 ex

171 2775 262 2843 dicta
287 2778 373 2858 coll,
398 2774 507 2843 dictas
532 2774 690 2840 ecclesias
715 2772 883 2840 dimittere
902 2780 1067 2842 teneatur.
1083 2812 1126 2823 -
1143 2771 1221 2840 Fiat
1236 2780 1271 2840 et
1285 2780 1458 2844 remaneat
1474 2773 1535 2842 sibi

172 2878 293 3050 griiitt.
309 2983 408 3050 Avin.
426 3002 444 3068 7
461 2984 504 3051 id.
521 2992 587 3051 oct.
604 2991 637 3049 a⁰
652 2991 696 3070 4⁰.
713 2985 763 3070 (8,
782 2985 850 3068 62).

224 3119 345 3203 940.
1184 3155 1278 3220 1545,
1296 3155 1335 3200 11
1353 3138 1491 3202 octobre.

217 3239 318 3326 Supp.
345 3237 508 3306 Nicotaus
523 3239 565 3306 de
583 3235 705 3304 Nussia
722 3252 741 3320 ¹,
759 3259 833 3324 cap.
849 3239 948 3305 electi
973 3238 1145 3321 Leodien.,
1161 3247 1253 3324 quat.
1275 3239 1336 3306 sibi
1352 3239 1395 3306 de
1411 3261 1484 3308 can.
1501 3248 1536 3308 et

172 3346 264 3432 preb.
275 3345 356 3410 eccl.
368 3341 402 3410 N
405 3343 573 3410 oviomen.
587 3364 660 3410 vac.
674 3342 762 3430 apud
774 3342 888 3408 sedem
900 3351 1009 3430 apost.
1022 3364 1081 3430 per
1093 3344 1231 3410 liberam
1243 3344 1536 3430 resignationem...

173 3447 320 3534 Reyneri
336 3446 378 3513 de
394 3445 517 3529 Ghore,
534 3445 710 3513 Colonien.
725 3446 823 3528 dioc,
839 3446 1022 3532 dignemini
1043 3447 1218 3534 providere
1233 3471 1241 3528 ;
1258 3469 1327 3514 non
1345 3451 1430 3515 obst.
1447 3448 1536 3534 quod

173 3552 206 3618 in
221 3551 415 3618 Amaniensi
433 3551 650 3632 scolastriam,
664 3571 729 3636 que
745 3552 888 3638 simplex
904 3551 960 3617 off.
977 3551 1100 3633 existit,
1117 3561 1151 3618 et
1168 3552 1201 3617 in
1218 3552 1260 3618 de
1277 3551 1412 3618 Mersen
1430 3553 1536 3618 eccle-

172 3657 237 3738 siis,
254 3654 414 3724 Leodien.
427 3657 525 3738 dioc,
538 3677 630 3744 perp.
639 3656 809 3739 vicariam,
822 3677 921 3743 super
933 3678 998 3742 qua
1014 3655 1048 3722 in
1061 3655 1139 3724 V.S.
1153 3656 1244 3722 curia
1255 3656 1375 3741 litigat,
1388 3657 1537 3724 noscitur

173 3761 325 3830 obtinere
354 3761 508 3846 acquod
535 3759 660 3827 dudum
677 3760 717 3828 V.
745 3760 776 3827 S.
804 3760 950 3849 providit
977 3760 1088 3826 eidem
1114 3761 1156 3826 de
1181 3780 1256 3828 can.
1280 3770 1315 3826 et
1339 3763 1430 3849 preb.
1454 3763 1537 3828 eccl.

172 3863 371 3948 Bonnensis,
397 3864 573 3933 Colonien.
597 3865 695 3948 dioc,
721 3872 755 3930 et
780 3865 822 3931 de
846 3869 923 3934 ben.
948 3866 1031 3932 eccl.
1047 3864 1091 3931 ad
1107 3866 1183 3932 coll.
1202 3864 1396 3951 archiepisc.
1413 3872 1448 3930 et
1464 3885 1536 3952 cap.

173 3969 347 4037 Colonien.
364 4011 407 4020 -
424 3969 500 4036 Fiat
517 3968 557 4036 R.

217 4073 297 4142 Dat.
312 4075 413 4142 Avin.
431 4093 447 4160 5
466 4073 509 4140 id.
526 4081 593 4140 oct.
611 4081 644 4140 a⁰
660 4083 703 4160 4⁰.
722 4075 771 4162 (8,
791 4074 874 4160 ⁶5⁸)-

226 4213 337 4298 941.
1185 4241 1279 4309 1345,
1297 4245 1338 4290 12
1355 4226 1493 4292 octobre.

217 4333 318 4419 Supp.
341 4329 361 4410 J
364 4331 524 4411 ohannes,
541 4349 598 4396 rex
614 4330 763 4410 Boernie,
780 4338 870 4414 quat.
887 4351 964 4396 cum
980 4327 1126 4414 Georgio
1141 4326 1184 4396 de
1200 4329 1363 4411 Cathena,
1381 4331 1537 4398 Camera-

174 4456 248 4503 cen.
272 4436 359 4503 dioc.
387 4435 475 4518 cler,
499 4436 650 4521 patiente
666 4435 731 4502 des.
759 4435 922 4500 natalium
938 4434 979 4501 de
996 4436 1106 4501 soluto
1121 4435 1237 4520 genito
1253 4443 1287 4500 et
1303 4437 1421 4518 soluta,
1439 4457 1536 4523 super

174 4562 241 4628 quo
256 4541 332 4626 def,
349 4539 439 4628 quod
465 4550 579 4629 posset
594 4541 671 4608 ben.
689 4541 770 4608 eccl.
789 4541 891 4607 etiam
908 4547 1061 4608 curatum
1078 4541 1239 4622 obtinere,
1257 4551 1347 4609 auct.
1362 4542 1426 4608 litt.
1444 4543 1537 4628 peni·

173 4647 329 4714 tentiarie
348 4655 458 4714 vestre
483 4648 595 4715 extitit
619 4648 860 4736 dispensatum,
873 4646 964 4730 quod
987 4665 1089 4711 unum
1111 4647 1188 4711 ben.
1204 4665 1233 4712 c.
1250 4666 1279 4712 c.
1296 4655 1331 4712 et
1346 4648 1441 4733 plura
1457 4667 1482 4714 s.
1495 4667 1536 4729 c,

175 4775 430 4792 -—r=fl

210 4867 231 4918 1.
243 4867 304 4917 Voir
316 4882 341 4920 n.
354 4869 409 4919 910.
