3650 5675
677 484 766 565 1311,
790 485 840 549 2-3
863 483 1025 549 dteenbre.
1479 487 1536 551 187

175 635 260 718 leni,
276 635 319 701 de
334 635 472 721 antiqua
499 644 533 701 et
561 638 747 723 approbata
775 634 1028 715 consuetudine,
1052 635 1096 701 ad
1118 635 1307 721 predictam
1333 638 1537 702 abbatissam

175 739 394 805 dinoscuntur
416 740 604 826 pertinere;
621 739 778 825 quodque
794 738 1015 825 Gyselbertus
1034 739 1077 804 de
1104 738 1208 819 Here,
1225 760 1298 805 can.
1310 740 1440 825 prefate
1456 741 1539 806 eccl.

174 844 398 925 Assindensis,
426 845 508 910 eccl.
532 844 687 930 parroch.
712 844 747 908 in
773 843 984 924 Holtzvvilre,
1005 851 1200 909 consuetam
1218 851 1351 909 tantum
1366 845 1539 911 canonicis

175 947 387 1013 Assindensis
401 947 542 1013 ecclesie
559 947 710 1027 conferri,
727 946 875 1032 pluribus
898 947 969 1033 jam
997 947 1093 1013 annis
1119 948 1229 1013 tenuit
1254 948 1298 1018 ad
1313 948 1537 1015 sacerdotium

175 1072 244 1115 non
260 1058 443 1137 promotus
460 1050 494 1115 in
510 1072 567 1116 sue
582 1050 715 1137 proprie
731 1050 847 1116 salutis
862 1049 1139 1137 dampnationem
1155 1058 1190 1115 et
1205 1052 1386 1117 multamm
1396 1113 1401 1121 ,
1412 1053 1539 1117 anima·

175 1176 249 1219 rum
274 1154 486 1241 dispendium
512 1162 546 1219 et
572 1174 763 1239 gravamen.
791 1154 912 1239 Quare,
940 1161 978 1218 ut
1003 1153 1177 1219 animabus
1206 1154 1465 1240 dampnabiliter
1491 1156 1539 1220 sic

176 1259 327 1345 deceptis
342 1279 402 1343 per
418 1257 458 1325 V.
474 1258 505 1323 S.
522 1260 725 1339 consulatur,
736 1266 770 1323 et
786 1279 830 1323 ne
846 1258 935 1335 idem
946 1256 1165 1343 Gyselbertus
1181 1258 1215 1322 in
1230 1258 1321 1326 dicta
1336 1260 1539 1342 eccl.,quam

176 1362 219 1428 de
235 1362 326 1428 sacto
342 1362 389 1428 sic
404 1362 543 1443 detinet,
570 1371 754 1444 remaneat,
771 1362 804 1426 in
824 1362 906 1446 juris
931 1361 1114 1426 elusionem
1140 1370 1175 1427 et
1200 1361 1354 1435 Romane
1369 1359 1450 1425 eccl.
1467 1358 1540 1422 vili-

176 1465 336 1553 pendium
361 1488 402 1532 ac
418 1475 651 1553 contemptum
665 1490 673 1547 ;
691 1487 786 1553 supp.
804 1467 893 1532 idem
908 1467 1126 1549 Amelungus,
1143 1474 1234 1550 quat.
1247 1467 1308 1533 sibi
1324 1466 1367 1532 de
1393 1484 1466 1529 ean.
1477 1464 1541 1533 sub

177 1592 253 1656 exp.
270 1573 361 1657 preb.
377 1573 459 1637 eccl.
475 1571 696 1651 AssindensiS,
706 1591 840 1636 necnon
856 1570 1006 1637 dedicta
1022 1571 1175 1656 parroch.
1186 1572 1280 1651 eccl,
1290 1569 1316 1635 si
1332 1569 1380 1635 sic
1390 1578 1488 1635 vacat
1503 1578 1542 1635 ut

177 1674 350 1760 prefertur,
366 1677 421 1739 vel
445 1676 512 1742 alio
536 1676 656 1759 quovis
679 1674 791 1755 modo,
808 1674 991 1758 dignemini
1017 1675 1216 1760 providere3
1241 1695 1310 1739 non
1337 1676 1423 1739 obst.
1451 1673 1542 1757 quod

178 1799 252 1844 can.
269 1787 303 1843 et
319 1781 410 1864 preb.
427 1781 509 1845 eccl.
526 1778 710 1864 Hoyensis,
723 1778 884 1845 Leodien.
897 1778 995 1859 dioc,
1012 1780 1153 1845 obtinet.
1169 1821 1213 1831 —
1236 1779 1313 1844 Fiat
1327 1777 1367 1843 R.

224 1881 302 1946 Dat.
325 1882 425 1946 Avin.
449 1904 469 1966 4
485 1903 564 1948 non.
577 1882 651 1948 dec.
668 1889 702 1948 a⁰
719 1889 761 1966 3⁰.
777 1884 823 1965 (7,
838 1884 923 1966 82').

230 2035 344 2119 769.
1170 2069 1264 2133 1344,
1282 2070 1301 2111 2
1318 2048 1496 2113 decembre.

224 2152 325 2239 Supp.
342 2154 487 2220 decanus
502 2174 541 2219 ac
558 2153 701 2219 universi
715 2161 749 2219 et
764 2154 882 2239 singuli
899 2153 1016 2218 fratres
1026 2152 1158 2219 concilii
1175 2151 1364 2231 Gredensis,
1380 2150 1541 2242 Leodien.

180 2258 279 2337 dioc,
296 2266 388 2342 quat.
403 2258 524 2338 Aelidi,
542 2258 608 2322 filie
623 2257 705 2323 dicti
727 2256 874 2342 Lagaige
901 2258 943 2323 de
961 2256 1119 2322 Maceriis
1144 2277 1243 2343 supra
1267 2254 1411 2337 Mosam,
1426 2256 1542 2320 relicte

179 2361 352 2447 quondam
368 2360 506 2427 Gerardi
534 2361 577 2427 de
594 2360 792 2445 Hognieres,
812 2360 951 2425 Remen.
979 2360 1083 2441 dioc,
1102 2359 1171 2424 ind.¹
1195 2360 1228 2424 in
1253 2358 1371 2425 mortis
1402 2359 1543 2424 articulo

179 2464 367 2531 concedere
382 2464 577 2550 dignemini.
593 2506 636 2515 -
653 2463 731 2530 Fiat
746 2466 779 2528 in
797 2464 904 2529 forma
922 2464 963 2529 R.

227 2569 305 2634 Dat.
329 2570 427 2635 Avin.
445 2592 464 2655 4
487 2590 566 2636 non.
583 2569 656 2638 dec.
674 2576 707 2634 a⁰
724 2578 767 2653 3⁰.
784 2572 831 2653 (7,
850 2570 934 2652 88ν).

233 2722 348 2804 770.
1171 2753 1266 2817 1344,
1280 2753 1301 2817 3
1319 2733 1499 2798 decembre.

224 2843 326 2929 Supp.
344 2840 506 2907 Nicolaus
522 2839 666 2922 Colardi,
683 2839 763 2906 dicti
781 2835 996 2918 Outremant,
1012 2840 1131 2924 presb,
1148 2830 1240 2923 quat.
1266 2838 1326 2902 sibi
1353 2836 1395 2903 de
1419 2858 1492 2903 can.
1509 2849 1544 2901 et

179 2949 273 3032 preb.
289 2946 371 3012 eccl.
389 2943 518 3009 Montis
533 2945 564 3008 S.
581 2942 763 3024 Gertrudis,
792 2942 954 3008 Leodien.
970 2942 1066 3022 dioc,
1093 2962 1153 3028 per
1178 2944 1231 3007 ob.
1256 2942 1427 3026 quondam
1453 2942 1544 3008 dom.

181 3049 342 3116 Bemardi
358 3049 401 3115 de
418 3047 576 3115 Ulhoven
596 3065 615 3128 ¹,
633 3049 734 3134 ipsius
749 3048 831 3114 eccl.
858 3045 990 3112 Montis
1011 3047 1043 3112 S.
1059 3045 1234 3112 Gertrudis
1249 3067 1335 3128 can,
1352 3047 1395 3112 ad
1408 3068 1545 3132 presens

182 3175 256 3219 vac.
273 3161 308 3218 et
324 3153 367 3219 ad
382 3152 635 3238 dispositionem
657 3161 803 3218 vestram
830 3152 1083 3238 pertinentibus
1100 3171 1161 3236 pro
1178 3151 1325 3235 eoquod
1341 3150 1371 3214 S.
1389 3148 1429 3216 V.
1445 3141 1544 3236 ipsos,

181 3259 262 3325 dum
278 3257 388 3323 adhuc
404 3257 512 3323 dictus
525 3256 713 3322 Bemardus
729 3266 842 3342 ageret
864 3255 897 3322 in
913 3256 1079 3336 humanis
1096 3255 1307 3341 dispositioni
1323 3254 1410 3320 sedis
1435 3243 1543 3339 apost.

182 3362 375 3442 reservavit,
392 3362 573 3446 dignemini
590 3361 787 3447 providere;
804 3381 874 3427 non
891 3364 977 3427 obst.
994 3361 1083 3444 quod
1099 3360 1188 3425 idem
1205 3359 1239 3425 N
1243 3361 1368 3426 icolaus
1390 3346 1543 3442 parroclr.

182 3467 265 3533 eccl.
278 3466 321 3531 de
337 3465 447 3546 Cheri,
461 3465 656 3532 Laudunen.
670 3465 768 3545 dioc,
785 3467 878 3551 cujus
894 3464 1029 3545 fructus,
1046 3473 1121 3545 etc,
1135 3485 1175 3528 20
1190 3465 1247 3530 lib.
1263 3463 1342 3529 Tur.
1358 3483 1462 3549 parv,
1478 3484 1544 3528 sec.

183 3581 251 3636 tax.
268 3569 408 3651 decime,
425 3570 573 3634 valorem
590 3590 738 3634 annuum
754 3589 821 3634 non
839 3568 1017 3649 excedunt,
1032 3568 1182 3634 noscitur
1205 3569 1366 3648 obtinere,
1383 3576 1440 3632 aut
1456 3567 1546 3649 quod

184 3674 320 3758 quidam
336 3675 425 3760 ipsos
441 3694 516 3739 can.
532 3682 567 3739 et
582 3677 674 3760 preb.
688 3674 869 3759 perplures
885 3693 1018 3738 menses
1033 3672 1214 3738 detinuisse
1226 3681 1261 3737 et
1271 3672 1380 3737 adhuc
1395 3670 1546 3735 detinere

184 3777 316 3844 dicatur
331 3778 373 3843 de
388 3778 479 3844 facto
495 3787 689 3864 occupatos.
702 3819 745 3828 —
758 3776 835 3842 Fiat
847 3778 873 3842 si
888 3777 1022 3842 vacavit
1034 3785 1115 3842 ante
1130 3775 1198 3841 kal.
1215 3784 1282 3842 oct.
1297 3775 1374 3841 anni
1392 3775 1491 3839 tertii.
1506 3775 1546 3838 R.

231 3881 310 3946 Dat.
334 3881 431 3947 Avin.
449 3903 467 3966 3
483 3903 562 3948 non.
579 3883 652 3948 dee.
669 3891 703 3947 ει0
720 3891 761 3966 3⁰.
779 3883 826 3966 (7,
842 3889 927 3988 pol).

238 4037 344 4117 771.
1177 4065 1272 4130 1344,
1286 4066 1307 4130 3
1326 4047 1503 4110 decembre.

229 4155 285 4218 8¹⁰¹·
298 4153 406 4219 Pater.
431 4151 516 4217 Cum
531 4152 622 4234 alias,
647 4151 774 4218 iteratis
800 4152 939 4234 vicibus,
956 4151 987 4217 S.
1003 4149 1044 4216 V.
1068 4149 1269 4235 scripsimus
1285 4149 1389 4215 etiam
1415 4148 1548 4234 propria

184 4279 289 4324 manu
305 4268 324 4339 ²,
341 4278 402 4344 pro
417 4257 619 4344 quibusdam
646 4257 774 4323 clericis
789 4257 911 4323 nostris
926 4253 1168 4320 beneficiandis
1193 4253 1226 4316 in
1250 4254 1360 4337 regnis
1386 4273 1426 4337 ac
1452 4252 1547 4318 terris

184 4362 319 4443 nostris,
335 4362 377 4428 de
401 4361 531 4427 duobus
556 4361 671 4446 primis
696 4360 868 4427 beneficiis
896 4356 1073 4448 vacaturis,
1099 4378 1169 4423 non
1195 4359 1281 4446 obst.
1298 4357 1548 4444 quibuscunque

186 4465 489 4552 impetrationibus,
505 4473 582 4547 etc,
598 4474 633 4531 et
648 4465 739 4532 dicta
756 4466 787 4531 S.
805 4464 844 4530 V.
869 4461 1079 4550 responderit
1105 4460 1196 4544 quod
1219 4462 1305 4526 tales
1330 4460 1454 4545 gratias
1479 4480 1547 4524 non

187 4569 409 4636 consuevistis
424 4570 522 4636 alicui
538 4570 723 4636 concedere
736 4594 744 4652 ;
756 4590 900 4654 cumque
913 4566 1098 4632 Gerardum
1109 4564 1230 4647 Brune,
1243 4565 1463 4651 magcapelle
1472 4585 1549 4630 nos-

187 4685 238 4739 tre
251 4691 272 4754 ³,
289 4673 356 4740 suis
371 4673 498 4740 meritis
514 4681 548 4739 et
563 4674 664 4759 gratis
680 4674 847 4766 obsequiis
862 4673 1084 4759 exigentibus,
1100 4691 1160 4757 pre
1176 4671 1296 4737 ceteris
1312 4670 1466 4736 omnibus
1477 4689 1549 4736 cor-

222 4927 243 4973 l.
257 4923 320 4972 Voir
331 4938 356 4971 n.
368 4925 421 4983 609,
435 4925 489 4982 ult,
503 4925 558 4971 613.
580 4953 593 4956 -
613 4925 636 4970 2.
649 4923 790 4985 Suppliquc
801 4921 835 4968 ‹iu
850 4923 886 4968 roi
898 4903 1035 4981 d’Aragon.
1044 4949 1076 4954 -
1088 4921 1110 4967 3.
1119 4900 1182 4968 Voir
1194 4934 1218 4967 n.
1231 4921 1285 4980 Ι217,
1298 4921 1352 4980 553,
1419 4902 1422 4909 ⁴
