3650 5675
677 576 765 651 1342,
789 577 841 641 5-7
864 579 992 643 octone.
1479 588 1512 651 51

151 724 293 813 [Egidio
307 724 350 790 de
367 725 567 808 Probavilla,
591 728 708 813 nepoti
734 747 803 807 suo,
829 726 925 811 olen]
952 725 1139 794 Tomacen.
1155 730 1251 812 dioc.,
1267 732 1309 796 de
1333 738 1407 800 cari.
1431 736 1513 801 eccl.

148 828 286 998 {idlgiraeti
303 828 516 998 Siclliiqiterlpis,
532 830 622 896 dicte
637 831 732 911 dioc.,
749 837 784 895 et
798 833 890 917 preb.
910 830 999 917 [vac.
1016 832 1070 895 vel
1087 834 1226 919 vacat.],
1242 835 1424 920 dignemini
1436 859 1512 923 pro-

194 1085 279 1145 2³8.
298 1076 386 1143 Item
401 1098 496 1165 supp.
512 1078 602 1144 idem
618 1079 746 1160 Petrus,
763 1087 852 1162 quat.
869 1076 1035 1148 Balduino
1052 1082 1094 1147 de
1104 1082 1247 1166 Cariole,
1264 1086 1342 1151 cler.
1356 1087 1512 1153 Attreba-

149 1194 220 1248 ten.
236 1183 334 1263 dioc.,
351 1184 600 1267 consanguineo
617 1204 687 1263 su0,
703 1182 845 1248 similem
861 1204 908 1267 gr.
921 1182 1027 1249 facere
1043 1186 1225 1271 dignemini
1236 1187 1269 1252 in
1280 1190 1361 1255 eccl.
1372 1190 1403 1255 S.
1420 1190 1509 1257 Petri

148 1286 300 1371 ejusdem
315 1287 391 1352 loci.
407 1326 451 1335 —
466 1284 541 1352 Fiat
558 1285 598 1350 R.

194 1390 272 1455 Dat.
288 1390 390 1456 Avin.
407 1410 424 1473 3
442 1410 521 1456 non.
538 1398 604 1456 oct.
621 1398 653 1454 a⁰
673 1397 709 1454 1⁰.
728 1388 771 1473 (l,
789 1390 878 1473 244).

199 1535 309 1621 239·
1061 1588 1065 1595 ·
1182 1570 1276 1633 1342,
1291 1553 1466 1631 5octobre.

192 1654 294 1741 Supp.
309 1652 329 1730 J
333 1654 483 1719 ohannes
498 1652 646 1719 Leeman
662 1653 704 1718 de
721 1652 885 1733 Bruxella,
898 1654 1006 1739 presb.
1024 1651 1239 1718 Cameracen.
1260 1654 1358 1735 dioc.,
1372 1676 1459 1739 mag.
1476 1656 1509 1720 in

146 1766 220 1837 art,
237 1758 292 1843 qui
309 1758 389 1841 legit
405 1756 548 1823 Parisius
563 1756 647 1822 duos
663 1777 776 1821 cursus
792 1756 825 1820 in
841 1757 945 1821 theol.
962 1777 1051 1821 anno
1069 1755 1121 1820 M⁰
1137 1756 1238 1821 CCC⁰
1252 1756 1347 1821 XLI⁰
1363 1757 1396 1822 in
1406 1758 1509 1845 domo

147 1862 326 1952 collegiata
350 1862 526 1927 scolarium
550 1860 592 1926 de
624 1862 784 1941 Sorbona,
815 1870 905 1944 quat.
930 1860 990 1925 sibi
1015 1860 1057 1925 de
1082 1881 1154 1925 can.
1180 1863 1261 1926 eccl.
1288 1860 1327 1926 B.
1353 1860 1509 1927 Rumoldi

151 1963 390 2046 Maeliniensis,
415 1964 505 2031 dicte
529 1964 626 2045 dioc.,
650 1965 832 2049 dignemini
860 1964 1046 2049 providere,
1070 1974 1104 2027 et
1129 1967 1219 2050 preb.
1244 1985 1421 2047 reservare,
1442 1986 1511 2031 non

149 2072 236 2135 obst.
252 2068 343 2153 quod
358 2069 537 2153 quamdam
553 2070 671 2155 capell.
688 2069 720 2133 in
745 2070 826 2134 eccl.
852 2067 890 2133 B.
907 2067 1038 2133 Gudule
1055 2066 1286 2149 Bruxeliensis,
1302 2069 1392 2134 dicte
1415 2069 1510 2150 dioc.,

149 2172 298 2238 noscitur
313 2173 476 2239 obtinere.
492 2213 534 2222 —
553 2171 628 2238 Fiat
645 2172 686 2237 R.
1065 2161 1069 2165 ⁴

192 2276 271 2341 Dat.
287 2276 388 2342 Avin.
406 2297 424 2360 3
441 2297 520 2342 non.
537 2284 601 2341 oct
617 2284 650 2341 a⁰
671 2284 708 2341 1⁰.
727 2274 770 2355 (l,
789 2278 893 2359 259*-

199 2422 317 2504 240.
1182 2452 1276 2517 1542,
1293 2435 1314 2497 ό
1329 2436 1467 2499 octobre.

191 2539 294 2606 Motu
308 2538 446 2626 proprio
461 2560 533 2604 can.
550 2540 631 2605 eccl.
648 2538 863 2604 Cameracen.
880 2541 940 2603 sub
962 2558 1037 2622 exp.
1047 2538 1150 2621 preb,
1162 2557 1295 2601 necnon
1308 2537 1511 2603 archidiaco-

146 2651 264 2708 natum
281 2642 526 2707 Brusellensem
554 2642 587 2706 in
603 2642 693 2709 dicta
720 2644 802 2708 eccl.
819 2642 1047 2720 Cameracen.,
1064 2650 1226 2721 curatum,
1242 2663 1342 2725 quem
1369 2642 1510 2708 Guido...

148 2746 365 2813 Cameracen.
382 2748 508 2811 electus
525 2758 533 2783 ¹
551 2746 691 2828 obtinet,
708 2747 787 2812 dum
810 2746 919 2831 ipsum
945 2765 1005 2830 per
1031 2746 1160 2829 lapsum
1186 2746 1348 2829 temporis
1370 2745 1412 2810 de
1433 2765 1512 2810 con-

146 2851 318 2918 secrandis
333 2852 499 2938 episcopis
515 2872 534 2917 a
551 2852 734 2917 canonibus
749 2851 951 2937 prefinitum,
969 2850 1022 2913 rel
1047 2849 1309 2932 quomodolibet,
1319 2849 1400 2914 alias
1411 2870 1511 2935 quam

147 2976 206 3040 per
215 2963 493 3036 mortem,vacare
503 2955 690 3040 contigerit,
704 2955 893 3034 Guillelm0,
905 2953 937 3018 S.
945 2953 1031 3018 R.E.
1045 2952 1339 3034 card.²,archidiac.
1354 2953 1509 3019 Parisien.

147 3059 371 3138 conserimus;
391 3058 623 3144 dispensantes
646 3079 760 3124 secum
785 3059 874 3144 quod
899 3059 1008 3144 ipsum
1024 3057 1332 3124 archidiaconatum
1348 3077 1414 3122 una
1434 3077 1511 3124 cum

146 3163 239 3228 dicto
254 3163 528 3230 archidiaconatu
545 3161 703 3230 Parisien.
719 3172 753 3227 et
779 3185 854 3228 cum
872 3164 944 3228 aliis
968 3163 1219 3248 quibuscunque
1236 3171 1270 3226 et
1295 3170 1510 3247 quotcunque

146 3267 374 3351 dignitatibus
390 3268 623 3353 personatibus
638 3269 693 3331 vel
709 3267 837 3346 officiis,
855 3275 888 3331 et
903 3267 1076 3331 beneficiis
1091 3265 1214 3330 curatis
1234 3274 1269 3329 et
1294 3285 1362 3329 non
1388 3265 1510 3330 curatis

148 3391 211 3452 que
228 3369 361 3434 obtinet
377 3378 411 3435 et
427 3380 594 3456 expectat,
612 3392 676 3456 que
691 3372 805 3436 haberi
829 3373 982 3436 volumus
997 3392 1058 3456 pro
1074 3370 1237 3455 expressis
1253 3377 1287 3434 et
1303 3369 1511 3454 singulariter

148 3473 339 3554 nominatis,
355 3474 502 3560 recipere
518 3482 553 3540 et
569 3476 660 3540 licite
675 3477 786 3540 valeat
801 3476 967 3554 retinere;
984 3475 1146 3560 generalis
1167 3473 1300 3538 concilii
1315 3481 1350 3537 et
1362 3475 1510 3557 qualibet

147 3578 211 3641 alia
227 3577 468 3642 constitutione
484 3582 649 3646 contraria
664 3602 731 3645 non
749 3584 913 3646 obstante.
930 3621 973 3628 -
996 3579 1072 3644 Fiat
1086 3587 1183 3644 motu
1197 3577 1342 3664 proprio.
1360 3577 1400 3643 R.

192 3679 281 3746 Item
296 3680 388 3766 quod
403 3681 507 3765 possit
522 3702 582 3768 per
596 3683 697 3748 alium
714 3683 821 3748 facero
834 3683 959 3748 visitari
977 3683 1142 3763 ecclesias,
1159 3681 1370 3761 monasteria,
1387 3683 1462 3747 loca
1474 3690 1508 3744 et

149 3794 344 3868 personatus
359 3785 647 3852 archidiaconatus
663 3785 886 3852 Bruxeliensis
902 3787 936 3850 in
953 3789 1035 3853 eccl.
1048 3785 1263 3851 Cameracen.
1279 3825 1323 3833 -
1339 3783 1414 3848 Fiat
1433 3783 1470 3846 R.

192 3887 270 3954 Dat.
286 3889 386 3954 Asin.
404 3911 421 3953 2
439 3910 516 3955 non.
533 3899 599 3956 oct.
615 3897 648 3956 a⁰
668 3898 706 3955 1⁰.
725 3891 767 3976 (Ι,
786 3892 874 3976 242).

197 4043 306 4125 241.
1178 4077 1273 4141 1342,
1291 4075 1310 4138 7
1325 4059 1463 4121 octobre.

191 4161 291 4248 Supp.
319 4160 485 4243 Johanna,
513 4162 579 4229 lilia
603 4165 688 4248 regis
713 4163 863 4243 Francis,
887 4163 1017 4229 ducissa
1047 4160 1246 4245 Burgundie,
1276 4159 1506 4224 Atrebatensis

148 4275 183 4328 et
206 4263 396 4348 Burgundie
421 4265 590 4332 comitissa
613 4268 759 4352 palatina
784 4289 822 4332 ac
849 4267 891 4330 de
916 4267 1034 4332 Salinis
1059 4265 1206 4344 domina,
1231 4272 1321 4347 quat.
1341 4262 1429 4349 [cap.
1446 4282 1506 4327 suo

151 4367 299 4435 Hemico
329 4369 439 4456 dicto]
471 4371 514 4436 de
543 4369 684 4451 Yvodio,
701 4372 743 4436 de
776 4371 888 4435 Remis
903 4381 923 4451 ³,
954 4371 996 4434 de
1030 4389 1101 4434 can.
1132 4376 1167 4432 et
1201 4371 1293 4453 preb.
1324 4367 1505 4432 Camoten.

147 4472 329 4557 dignemini
354 4474 539 4559 providere,
562 4494 630 4539 non
656 4477 741 4540 obst.
758 4476 846 4558 quod
870 4475 982 4556 dign...
998 4473 1030 4536 iu
1056 4473 1135 4537 eccl.
1161 4469 1301 4536 Remen.
1317 4479 1504 4556 expectare,

148 4583 183 4639 et
207 4578 239 4642 in
266 4577 395 4656 eadem,
423 4575 594 4642 Lileriensi
618 4585 641 4658 ³,
667 4577 859 4643 Beturrieusi
891 4599 964 4643 can.
989 4586 1023 4641 et
1047 4579 1139 4661 preb.
1166 4597 1206 4641 ac
1230 4577 1347 4661 capell.
1374 4576 1416 4640 de
1442 4573 1505 4638 La-

181 4763 208 4822 a)
223 4763 280 4812 (ὐᾱ.
293 4763 383 4812 Lilien.

184 4947 202 4994 l.
215 4947 274 5008 Guy
283 4947 316 4994 do
327 4945 485 4998 ventadour.
497 4947 559 4996 Voir
571 4963 595 4999 n.
608 4952 663 4996 220.
691 4952 727 4996 -2,
740 4948 887 4996 Guillaume
899 4948 932 4996 de
943 4949 968 4995 la
979 4947 1067 5008 Jugric,
1080 4962 1163 4996 nescu
1175 4947 1211 4995 du
1224 4947 1299 5010 Papo,
1313 4946 1380 4995 card.
1392 4946 1424 4993 do
1437 4948 1460 4995 S.
1472 4945 1506 4994 ll.

147 5021 176 5065 iu
194 5020 336 5080 cremella,
354 5019 411 5070 0166
422 5022 446 5071 le
457 5024 489 5071 20
500 5027 565 5086 sept.
579 5025 641 5071 1342
659 5023 759 5082 (Euoel,
775 5023 793 5082 l,
809 5024 856 5080 17).
869 5049 901 5056 —
918 5024 940 5071 3.
952 5021 1015 5069 Voir
1027 5038 1051 5071 n.
1066 5024 1119 5070 142.
