3650 5675
293 419 333 483 54
812 415 910 488 1342,
937 414 970 477 16
993 415 1122 480 octobre.

344 566 577 651 251-252.
1303 600 1398 664 1342,
1415 580 1456 645 16
1472 582 1609 645 octobre.

337 688 437 772 Supp.
454 685 648 763 WillelmuS,
665 703 780 747 comes
805 681 973 761 Hanonie,
990 690 1080 765 quat.
1097 702 1173 748 cum
1189 703 1304 768 preces
1324 705 1391 764 sue,
1408 703 1474 749 una
1489 705 1566 749 cum
1581 705 1655 769 pre-

294 791 386 857 cibus
402 788 443 853 R.
460 787 497 855 P.
513 787 604 853 dom.
619 784 787 866 Anibaldi,
798 785 899 869 episc.
915 783 1105 866 Tusculani,
1116 792 1150 850 et
1165 784 1339 868 Johannis,
1355 787 1449 853 ducis
1464 786 1654 866 Brabantie,

294 915 375 978 quas
389 893 519 979 pridem
542 889 651 955 eidem
668 889 700 953 S.
716 888 756 953 V.
772 887 899 969 effudit,
916 908 977 972 pro
994 909 1077 968 can,
1093 891 1195 974 preb,
1212 890 1428 976 prepositura,
1445 899 1480 956 et
1494 891 1656 957 archidia-

293 1004 417 1062 conatu
433 993 594 1060 canonice
611 992 722 1071 unitis,
738 1012 797 1077 per
810 994 863 1056 ob.
886 991 1054 1075 quondam
1072 992 1248 1076 Ingelrami
1265 994 1306 1059 de
1332 994 1413 1060 Fifis
1429 1005 1447 1076 ¹,
1473 995 1581 1060 ultimi
1607 995 1656 1060 di-

294 1108 424 1167 ctorum
440 1120 523 1177 ean,
540 1105 576 1161 et
590 1098 693 1182 preb,
714 1095 933 1180 prepositure,
957 1103 992 1159 et
1014 1096 1302 1163 archidiaconatus
1317 1099 1479 1180 canonici,
1495 1099 1654 1184 prepositi

293 1213 328 1270 et
343 1201 567 1269 archidiaconi
584 1201 618 1264 in
634 1200 717 1264 eccl.
734 1197 772 1264 B.
797 1197 846 1263 M.
870 1198 1068 1282 Trajecten,
1084 1209 1166 1266 tunc
1192 1222 1265 1267 vac.
1290 1211 1325 1266 et
1349 1203 1523 1268 donationi
1548 1211 1655 1288 apost.

294 1307 478 1386 reservatis
496 1303 705 1370 conferendis
721 1304 800 1369 cler.
810 1310 846 1367 et
860 1303 1050 1368 consiliario
1066 1324 1126 1369 suo
1141 1325 1228 1390 mag.
1242 1304 1407 1372 Niccolao
1422 1307 1525 1391 Stuyc
1535 1316 1554 1387 ²,
1566 1326 1655 1390 mag.

294 1413 328 1476 in
343 1420 415 1489 art,
431 1418 466 1474 et
482 1410 535 1474 lic.
552 1408 585 1472 in
601 1407 675 1490 leg,
692 1405 747 1490 qui
764 1405 873 1470 eidem
889 1405 1004 1471 comiti
1015 1409 1056 1471 ab
1073 1405 1174 1493 ipsius
1190 1407 1338 1490 infantia,
1348 1430 1388 1475 ac
1400 1409 1538 1475 celebris
1553 1429 1655 1472 mern.

293 1515 464 1578 Willelmo
479 1512 565 1600 patri
589 1531 658 1590 suo,
675 1530 734 1595 per
749 1530 817 1574 non
844 1509 977 1574 modica
1003 1519 1156 1596 tempora
1182 1512 1297 1578 sedula
1311 1512 1492 1579 devotione
1508 1512 1655 1590 servivit,

294 1639 362 1683 non
374 1618 568 1692 habuissent
583 1614 751 1693 effectum,
767 1633 828 1697 pro
843 1633 885 1678 eo
901 1613 991 1697 quod
1014 1614 1131 1679 eadem
1147 1616 1179 1681 S.
1195 1614 1235 1680 V.
1252 1615 1383 1682 cuidam
1406 1637 1492 1701 mag.
1509 1615 1654 1694 Johanni

295 1723 425 1788 Doroer
436 1731 457 1803 ³,
470 1741 561 1786 sacre
576 1721 698 1806 pagine
713 1720 900 1806 professori,
912 1721 955 1786 de
971 1720 1018 1785 eis
1033 1719 1224 1806 providerat
1237 1742 1245 1799 ;
1256 1719 1385 1804 prefato
1400 1740 1487 1804 mag.
1501 1717 1655 1798 Nicola0,

293 1827 475 1912 specialem
491 1845 538 1909 gr.
548 1824 719 1906 iacientes,
735 1824 845 1889 eidem
857 1825 899 1890 de
916 1845 990 1890 can.
1005 1824 1039 1888 in
1056 1826 1137 1890 eccl.
1152 1823 1529 1908 Eboracendignemini
1546 1823 1661 1908 provi--

293 1930 383 2008 dere,
400 1930 491 2014 preb.
507 1947 588 1992 vero
603 1927 704 2012 dign,
731 1930 787 1994 vel
810 1949 906 2014 pers,
935 1949 992 1993 seu
1018 1928 1073 1993 off.
1091 1949 1121 1994 c.
1137 1948 1165 1993 c.
1181 1929 1235 1992 vel
1251 1949 1276 1994 s.
1293 1949 1333 2009 c.,
1350 1928 1437 2012 [vac.
1453 1928 1506 1991 vel
1522 1927 1656 2010 vacat.],

295 2032 531 2098 conferendam
547 2033 601 2095 vel
625 2031 875 2112 conferendum,
900 2031 1009 2096 eidem
1034 2052 1121 2116 nrag.
1150 2031 1324 2113 Niccola0,
1349 2031 1529 2116 dignemini
1554 2051 1656 2095 reser-

295 2157 394 2215 vare;
411 2156 479 2200 non
496 2137 581 2199 obst.
598 2135 689 2218 quod
714 2135 804 2200 idem
827 2156 914 2220 mag.
941 2134 975 2201 N
978 2135 1123 2200 iccolaus
1147 2155 1220 2200 can.
1246 2144 1280 2201 et
1304 2137 1397 2220 preb.
1418 2134 1606 2219 Trajecten.
1623 2143 1657 2199 et

295 2239 333 2306 B.
349 2238 574 2304 Waldetrudis
591 2237 789 2319 Montensis,
807 2238 1033 2320 Cameracen,
1050 2247 1084 2304 et
1107 2239 1359 2325 preposituram,
1387 2238 1440 2304 cui
1464 2240 1556 2303 nulla
1579 2258 1656 2303 cura

294 2343 448 2408 imminet
471 2341 667 2422 animarum,
686 2340 815 2407 Montis
831 2341 952 2421 Odilie,
971 2341 1130 2408 Leodien.
1146 2343 1244 2424 dioc,
1267 2343 1493 2422 ecclesiarum,
1509 2341 1658 2406 noscitur

294 2447 455 2513 obtinere.
472 2486 515 2494 -
532 2444 607 2510 Fiat
624 2445 656 2508 in
672 2447 754 2511 eccl.
772 2445 947 2510 Colonien.
965 2445 1005 2510 R.

337 2599 422 2659 252.
441 2591 540 2657 Pater
555 2592 620 2658 Sm‘.
637 2592 668 2658 S.
681 2590 721 2659 V.
733 2593 862 2678 pridem
877 2613 966 2678 mag.
981 2592 1146 2658 Niccolao
1162 2592 1277 2678 Stuyc,
1294 2593 1511 2658 ambariatori
1525 2591 1659 2658 comitis

296 2697 569 2781 Hanonie,juxta
584 2696 726 2761 formam
742 2697 996 2783 supplicationis
1012 2697 1220 2783 presentibus
1236 2717 1375 2779 annexe,
1387 2717 1433 2782 gr.
1448 2696 1528 2762 fecit
1538 2706 1551 2732 ⁸
1567 2716 1657 2781 spec.

294 2825 359 2890 que
375 2805 436 2871 sibi
452 2812 503 2869 est
519 2801 654 2883 inutilis,
671 2801 733 2866 nisi
760 2801 794 2865 in
821 2800 911 2867 dicta
939 2801 1104 2886 petitione
1128 2800 1158 2865 S.
1176 2798 1216 2867 V.
1234 2809 1339 2886 ponat
1362 2801 1543 2867 clausulam
1559 2799 1657 2864 infra-

294 2916 417 2973 sertam
444 2906 601 2971 videlicet
621 2925 627 2969 :
645 2925 714 2969 non
731 2906 816 2969 obst.
843 2905 1096 2985 consuetudine,
1113 2912 1240 2969 statuto
1256 2926 1313 2970 seu
1329 2905 1540 2970 observantia
1556 2903 1655 2969 Colo·

294 3011 383 3075 nien.
407 3009 558 3088 ecclesie,
582 3009 700 3092 quibus
725 3016 871 3088 cavetur,
900 3007 990 3091 quod
1016 3007 1097 3071 nulli
1122 3008 1184 3073 nisi
1211 3009 1315 3088 liberi,
1342 3008 1471 3073 nobiles
1497 3007 1654 3073 exomni

295 3115 408 3193 latere,
425 3111 467 3177 ad
482 3112 699 3177 canonicatus
714 3118 749 3174 et
764 3110 950 3195 prebendas
966 3110 1113 3195 ejusdem
1137 3113 1229 3193 eccl,
1245 3121 1458 3197 preterquam
1474 3111 1516 3177 ad
1531 3110 1655 3197 presbi-

294 3218 424 3297 terales,
456 3215 709 3300 quomodolibet
725 3213 954 3279 admittantur.
973 3214 1019 3279 Et
1042 3214 1133 3298 quod
1157 3222 1306 3282 transeat
1321 3218 1381 3281 sub
1397 3215 1476 3280 data
1491 3214 1655 3300 supplica-

295 3320 396 3383 tionis
411 3319 560 3406 superius
576 3318 780 3402 consignate.
796 3359 840 3367 -
853 3317 929 3384 Fiat
944 3330 981 3383 ut
996 3320 1122 3403 petitur
1137 3318 1178 3385 R.

339 3423 419 3487 Dat.
435 3423 534 3487 Avin.
554 3441 592 3506 17
607 3419 675 3487 kal.
690 3443 769 3487 nov.
785 3429 819 3487 a⁰
839 3430 877 3487 1⁰.
895 3422 939 3507 (l,
958 3425 1061 3507 259l).

345 3568 457 3655 253.
1305 3604 1399 3667 1342,
1417 3584 1458 3649 ro
1474 3585 1610 3648 octobre.

338 3688 440 3774 Supp.
468 3687 595 3766 Petrus
622 3705 735 3751 comes
750 3684 792 3749 de
808 3684 995 3767 Coconato,
1012 3687 1277 3771 consanguineus
1299 3688 1501 3754 marchionis
1526 3684 1656 3752 Montis

276 3862 278 3866 ,
297 3792 434 3874 Ferrati,
450 3800 541 3877 quat.
557 3790 629 3871 sibi,
640 3811 739 3873 quem
756 3788 864 3854 dictus
879 3790 969 3855 dom.
981 3791 1133 3856 marchio
1149 3790 1180 3856 S.
1191 3790 1230 3855 V.
1243 3812 1302 3877 per
1318 3812 1392 3857 suas
1407 3792 1534 3856 litteras
1543 3788 1654 3855 effica-

295 3896 378 3961 citer
392 3893 655 3974 recommandat,
672 3892 714 3957 de
730 3914 804 3958 can.
820 3894 902 3959 eccl.
927 3894 1086 3961 Leodien.
1102 3895 1283 3981 dignemini
1310 3896 1495 3982 providere,
1512 3903 1547 3959 et
1561 3897 1653 3980 preb.

295 4020 473 4081 reservare,
489 4020 559 4063 non
582 4002 668 4064 obst.
685 4000 776 4083 quod
791 4002 824 4066 in
841 4002 923 4066 eccl.
951 3999 1091 4066 Remen.
1117 4021 1189 4066 can.
1206 4007 1241 4065 et
1256 4002 1347 4086 preb.
1364 4021 1404 4066 ac
1419 4020 1510 4085 perp.
1536 4000 1653 4084 capell.

294 4103 337 4168 de
352 4103 498 4188 Vocoys,
515 4101 696 4168 Virdunen.
713 4102 810 4184 dioc,
835 4112 869 4169 et
893 4102 983 4187 quod
1006 4104 1039 4167 in
1051 4105 1133 4169 eccl.
1150 4103 1276 4190 Spiren.
1301 4124 1371 4169 can.
1395 4106 1454 4168 sub
1471 4123 1546 4187 exp.
1562 4104 1654 4187 preb.

294 4208 443 4272 noscitur
458 4207 619 4272 obtinere.
635 4206 770 4271 —Fiat
790 4208 829 4272 R.

339 4311 416 4375 Dat.
432 4310 532 4375 Avin.
552 4329 590 4393 17
606 4312 672 4376 kal.
688 4333 765 4376 nov.
781 4318 814 4376 a⁰
834 4320 872 4375 1⁰.
890 4311 934 4395 (I,
953 4312 1057 4395 eorl).

324 4497 353 4558 a)
369 4496 426 4544 (bd.
438 4497 536 4546 fecerit..

325 4707 347 4753 1.
359 4704 422 4751 Voir
434 4708 522 4753 naso.
535 4733 567 4739 --
584 4708 607 4753 2.
622 4705 703 4763 Brom,
717 4705 737 4763 l,
751 4719 775 4753 n.
788 4706 842 4764 935,
859 4720 865 4762 3
885 4706 918 4755 ct.
939 4705 1070 4763 Derillers,
1094 4706 1162 4756 (hrt.
1179 4704 1223 4754 deo
1243 4705 1295 4755 (yos
1310 4704 1341 4753 de
1358 4705 1485 4765 Huiaoot,
1503 4705 1548 4764 vl,
1567 4706 1653 4763 index,

292 4792 317 4841 p.
329 4780 376 4825 989
390 4795 395 4835 ;
412 4778 481 4827 croc
493 4779 524 4826 dr
536 4778 712 4836 er-ll'rrudrrr,
726 4779 760 4834 11,
774 4780 936 4839 loo;vida1,
950 4794 974 4827 n.
987 4782 1058 4828 2887.
1070 4808 1101 4815 -
1118 4782 1140 4828 3.
1159 4780 1224 4829 dean
1242 4779 1344 4828 d’Oroir
1364 4778 1412 4841 (de
1432 4778 1566 4841 oratorio)
1581 4796 1586 4839 ;
1599 4782 1654 4827 voir

291 4867 316 4900 n.
331 4854 386 4901 230.
