3650 5675
279 443 343 520 ’818
821 444 927 520 stall,
949 441 983 510 tl
1006 445 1086 512 soit.

282 615 433 674 monten.
459 606 535 673 dioc
538 657 589 688 .....
617 606 659 671 de
686 625 761 671 can.
786 611 821 668 et
847 602 939 688 preb.
971 600 1052 666 eccl.
1080 600 1155 666 coll.
1184 599 1215 665 S.
1243 597 1333 664 Petri
1357 598 1514 683 AriensiS,
1538 598 1642 668 Mori-

283 733 361 778 nen.
377 711 474 792 dioc,
490 731 564 777 vac.
591 710 634 777 ad
661 729 798 797 presens
821 727 881 794 per
905 708 959 772 ob.
985 705 1155 790 quondam
1183 703 1340 789 Symonis
1363 702 1476 770 Vereti
1494 718 1514 786 ¹,
1531 704 1586 789 qui
1608 704 1642 769 in

283 817 433 902 partibus
463 815 552 881 diem
583 815 704 881 clausit
730 822 928 891 extremum,
945 809 1038 895 cujus
1067 811 1144 877 ben.
1174 808 1307 884 inerunt
1336 817 1516 890 reservata,
1532 807 1643 876 eidem

285 919 435 986 Roberto
450 919 632 1004 dignemini
647 916 835 1005 providere.
847 913 979 981 —Fiat
996 912 1036 980 R.
1064 981 1068 985 2
1123 981 1125 988 .

329 1024 409 1092 Dat.
424 1023 524 1092 Avin.
543 1044 580 1105 19
597 1023 665 1090 k'al.
681 1029 766 1109 sept.
783 1029 817 1088 a⁰
834 1025 876 1090 6⁰.
893 1021 967 1106 (14,
985 1019 1046 1104 7l).

290 1191 294 1196 '
339 1161 477 1247 1239.
1341 1185 1437 1254 1347,
1455 1189 1494 1233 21
1511 1173 1599 1235 aoztt.

329 1278 418 1366 Sign.
445 1279 591 1347 decanus
617 1285 652 1343 et
680 1277 865 1364 capitulum
892 1272 974 1340 eccl.
991 1271 1022 1340 S.
1051 1273 1196 1339 Servacii
1222 1273 1456 1359 TrajectensiS,
1483 1270 1643 1358 Leodien.

285 1381 383 1464 dioc,
400 1383 490 1469 quod
511 1381 638 1448 dudum
651 1401 725 1449 can.
742 1388 776 1446 et
801 1377 970 1467 prebende
999 1377 1145 1464 ejusdem
1173 1379 1314 1444 ecclesie
1333 1398 1393 1465 per
1408 1381 1462 1444 ob.
1474 1379 1644 1463 quondam

285 1485 304 1567 J
308 1486 450 1562 ohannis
465 1486 508 1552 de
523 1486 668 1551 Wulven
685 1494 719 1551 et
735 1483 956 1563 Johannisde
973 1481 1077 1563 Bach‚
1087 1481 1189 1568 ipsius
1205 1483 1286 1547 eccl.
1303 1482 1552 1562 canonicorum,
1563 1490 1645 1549 tunc

285 1598 445 1656 vacantes
456 1611 516 1676 per
526 1590 713 1655 Arnoldum
723 1589 766 1655 de
776 1586 1036 1673 Blankenheym
1045 1596 1065 1667 ²,
1076 1585 1178 1672 ipsius
1188 1586 1328 1652 ecclesie
1340 1586 1557 1672 prepositum,
1563 1594 1644 1654 tunc

285 1694 477 1781 pacientem
494 1693 526 1758 in
537 1701 628 1759 etate
640 1693 820 1774 defectum,
831 1713 908 1758 cum
922 1692 1064 1758 collacio
1080 1691 1341 1758 canonicatuum
1354 1699 1388 1758 et
1400 1689 1644 1779 prebendarum

283 1799 432 1886 ejusdem
442 1797 582 1864 ecclesie
592 1797 635 1865 ad
644 1797 851 1884 prepositum
861 1796 952 1861 dicte
962 1796 1170 1881 ecclesie,qui
1180 1804 1231 1862 est
1241 1817 1303 1883 pro
1311 1795 1644 1883 temporepertinere

283 1911 450 1984 noscatur,
463 1900 612 1981 Johanni
627 1901 670 1968 de
687 1901 827 1967 Haren³
842 1909 878 1967 et
889 1901 1072 1969 Lamberto
1082 1901 1124 1966 de
1140 1901 1355 1988 Lyssendorp
1372 1899 1485 1967 collati
1502 1900 1643 1984 fuerunt,

283 2007 440 2093 idemque
452 2004 624 2085 Johannes
639 2013 674 2072 et
690 2005 888 2072 Lambertus
904 2027 945 2072 ex
957 2013 1039 2073 tunc
1049 2006 1157 2074 dictos
1173 2025 1246 2074 can.
1262 2015 1297 2072 et
1313 2007 1403 2092 preb.
1414 2005 1643 2094 possederunt,

284 2118 384 2199 prout
393 2110 504 2177 adhuc
518 2109 690 2197 possident
705 2110 846 2196 pacifice
863 2117 896 2176 et
912 2112 1057 2196 quiete...
1068 2110 1211 2196 Quare...
1225 2131 1320 2199 supp.
1335 2111 1482 2178 decanus
1501 2118 1535 2176 et
1553 2110 1645 2197 capi·

284 2216 425 2283 tulum...
437 2214 846 2301 quat...eisdemJohanni
865 2223 899 2281 et
921 2215 1102 2282 Lamberto
1120 2215 1246 2282 dictam
1265 2213 1643 2300 collacionem...digne·

285 2321 368 2386 mini
380 2322 610 2388 confirmare...
615 2342 625 2402 ;
635 2340 704 2387 non
716 2323 802 2386 obst.
818 2319 908 2405 quod
919 2320 939 2398 J
943 2320 1094 2387 ohannes
1110 2323 1295 2388 cantoriam
1308 2321 1340 2387 in
1355 2323 1437 2388 eccl.
1450 2321 1482 2387 S.
1497 2319 1644 2387 Servacii

287 2425 479 2514 supradicta
504 2433 538 2493 et
563 2425 762 2492 Lambertus
788 2422 870 2490 eccl.
891 2424 1046 2509 parroch.
1073 2424 1115 2490 de
1140 2424 1322 2506 Birtzburc,
1348 2423 1521 2492 Colonien.
1543 2424 1641 2505 dioc,

288 2539 472 2601 noscuntur
501 2531 664 2597 obtinere.
691 2569 734 2580 -
764 2527 983 2594 Providemus
1014 2533 1185 2612 ambobus,
1216 2531 1433 2597 lrabilitamus
1459 2539 1494 2598 et
1518 2529 1645 2598 fructus

286 2643 465 2722 perceptos
480 2635 681 2701 remittimus
694 2633 735 2701 R.

329 2738 410 2808 Dat.
425 2741 528 2811 Avin.
545 2762 580 2807 12
598 2740 664 2808 kal.
680 2746 764 2826 sept.
781 2746 814 2807 a⁰
831 2743 872 2806 6⁰.
890 2740 963 2823 (14,
979 2739 1024 2825 9).

340 2878 484 2961 1240.
1344 2910 1439 2979 1347,
1456 2914 1495 2959 ar
1513 2896 1600 2958 norit.

328 2996 417 3081 Sign.
433 2994 736 3062 S.V.The0dericus
751 2994 793 3059 de
809 2993 1155 3079 Bardewiicclericus,
1172 3004 1206 3063 et
1221 3005 1419 3084 procurator
1433 2996 1645 3080 Zeberti,filii

282 3098 458 3185 ‘quondam
476 3098 565 3164 Petri
581 3098 623 3164 de
639 3098 794 3185 Ypelare,
811 3100 922 3165 clerici
934 3098 1093 3169 Leodien.
1110 3100 1207 3183 dioc,
1225 3100 1316 3186 quod
1331 3100 1402 3187 ipse
1418 3099 1646 3167 Theodericus

286 3212 484 3290 perpetuam
506 3203 727 3290 capellaniam
742 3204 855 3270 altaris
871 3204 902 3270 S.
922 3202 1068 3291 Nicolay
1084 3206 1137 3271 siti
1154 3204 1187 3271 in
1203 3207 1285 3273 eccl.
1306 3204 1381 3293 [de]
1401 3204 1594 3289 Bardewiic,
1611 3214 1646 3271 et

287 3314 485 3395 procurator
499 3308 580 3374 dicti
596 3308 728 3374 Zeberti
745 3328 819 3375 can.
847 3316 882 3374 et
907 3311 1000 3396 preb.
1017 3309 1099 3377 eccl.
1116 3308 1247 3376 Montis
1265 3308 1331 3399 [S.]
1350 3308 1531 3390 Gertrudis,
1557 3309 1646 3377 dicte

287 3408 384 3494 dioc,
401 3432 485 3498 quos
501 3410 712 3495 obtinebant,
727 3412 866 3479 nomine
881 3414 1112 3501 procuratorio
1128 3414 1208 3480 dicti
1229 3414 1371 3495 Zeberti,
1388 3415 1500 3483 animo
1515 3434 1646 3503 permu-

286 3513 383 3580 tandi
398 3514 588 3601 hujusmodi
603 3514 779 3601 beneficia,
796 3516 831 3582 in
847 3520 1002 3586 manibus
1020 3516 1059 3584 R.
1077 3518 1113 3585 P.
1130 3518 1220 3587 dom.
1245 3518 1417 3585 camerarii
1445 3520 1546 3585 vestri
1569 3516 1646 3585 resl-

285 3628 441 3705 gnarunt,
465 3626 499 3686 et
527 3617 618 3705 quod
642 3618 712 3707 ipse
735 3620 936 3689 camerarius
951 3629 1039 3689 auct.
1055 3628 1167 3689 vestra
1191 3620 1380 3709 hujusmodl
1405 3622 1646 3709 resignationes

285 3722 413 3811 recepit
428 3731 464 3789 et
479 3721 614 3791 admisit
634 3742 641 3789 :
659 3742 760 3808 quare
776 3744 871 3815 supp.
897 3733 987 3812 quat.
1005 3724 1218 3793 Theoderico
1233 3724 1386 3813 predicto
1401 3726 1443 3795 de
1459 3726 1557 3795 dictis
1572 3746 1645 3795 can.

286 3832 322 3895 et
336 3830 428 3915 preb.
444 3826 491 3894 sic
503 3826 712 3908 vacantibus,
737 3834 772 3894 et
786 3828 974 3917 capellania
989 3828 1069 3897 dicti
1094 3828 1206 3897 altaris
1228 3830 1360 3919 prelato
1375 3828 1518 3899 Zeberto
1532 3830 1646 3919 digne·

285 3930 378 4013 mini,
400 3931 503 3998 etiarn
519 3949 561 3998 ex
577 3938 669 3999 certa
696 3932 845 4017 selentia,
872 3932 1059 4023 providere,
1076 3935 1225 4019 quolibet
1241 3930 1417 4003 detentore
1432 3944 1557 4017 anrot0,
1574 3934 1646 4029 qul-

284 4032 398 4101 busvis
420 4032 698 4103 reservationlbus
713 4044 784 4101 tam
801 4034 999 4123 specialibus
1024 4057 1124 4123 quam
1148 4036 1357 4123 generalibus
1372 4036 1472 4105 etlam
1488 4037 1531 4105 de
1546 4036 1646 4104 dictis

284 4139 456 4205 beneficiis
479 4139 585 4221 iactis,
609 4147 644 4207 et
666 4140 795 4207 duobus
811 4142 883 4209 aliis
907 4143 1077 4210 beneficiis
1093 4144 1211 4210 eccles.
1228 4138 1329 4229 ipsius
1352 4140 1550 4211 Theoderici
1574 4162 1644 4209 non

287 4244 418 4326 curatis,
446 4264 587 4329 quorum
612 4246 715 4310 annui
742 4244 890 4313 redditus
915 4246 1064 4314 valorem
1091 4266 1149 4313 sex
1173 4244 1382 4313 marcharum
1404 4243 1550 4335 argenti,
1578 4266 1645 4316 sec.

284 4348 496 4417 taxationem
506 4348 648 4430 decime,
664 4369 733 4415 non
749 4350 926 4419 excedunt.
943 4392 987 4401 -
1003 4350 1078 4418 Fiat
1093 4372 1155 4439 pro
1171 4359 1312 4436 utroque
1329 4349 1369 4418 R.

325 4452 405 4521 Dat.
419 4454 520 4522 Avin.
539 4473 576 4521 12
593 4452 659 4523 kal.
673 4461 758 4541 sept.
774 4462 807 4523 a⁰
824 4460 867 4525 6⁰.
883 4456 956 4541 (14,
974 4456 1057 4542 23').

336 4588 472 4673 1241.
1342 4622 1437 4691 1347,
1454 4624 1495 4671 π
1511 4610 1600 4671 aott.

327 4710 460 4798 Supp...
478 4709 615 4793 Daniel,
630 4710 732 4797 episc.
750 4708 905 4795 Verden,
923 4720 1015 4801 quat.
1036 4712 1202 4803 [Gerardo
1229 4709 1401 4779 Godefridi
1417 4709 1459 4776 de
1476 4708 1644 4795 Bolheym

315 4914 337 4965 1.
348 4912 412 4964 Voir
422 4924 448 4964 n.
460 4914 514 4974 tle,
527 4911 582 4975 615,
597 4914 711 4964 1191-
723 4918 745 4965 2.
759 4914 859 4978 Rima,
873 4917 949 4980 Keil,
962 4920 1017 4969 281.
1029 4946 1061 4957 -
1072 4920 1095 4969 a.
1109 4918 1208 4979 nimir,
1222 4916 1296 4979 Koll,
1310 4918 1365 4967 tle.
