3650 5675
780 453 867 526 1849,
889 451 930 516 22
953 453 1021 518 mai.
1520 457 1583 522 429

220 626 333 675 racen.
350 605 532 692 dignemini
547 605 724 692 providere
739 627 748 687 ;
764 626 833 672 non
850 608 939 671 obst.
957 605 1091 690 quodin
1108 607 1142 672 S.
1160 605 1321 674 Germani
1337 608 1379 674 de
1396 606 1581 693 Montibus

221 711 312 778 dicte
328 709 545 777 Cameracen.
559 709 660 792 dioc,
675 730 811 777 necnon
827 717 862 774 et
877 708 1040 776 Leodien.
1066 710 1215 777 ecclesiis
1240 733 1314 778 can.
1332 720 1368 777 et
1382 716 1477 800 preb.
1494 716 1582 781 obti-

221 825 311 896 neat,
326 815 369 881 de
390 815 508 900 quibus
532 834 606 880 cen.
633 821 668 879 et
693 817 788 900 preb.
815 812 978 879 Leodien.
1006 835 1079 882 non
1107 823 1158 881 est
1181 815 1292 882 adhuc
1312 817 1489 902 pacificam
1505 839 1581 906 pos·

221 920 403 994 sessionem
419 917 572 1004 adeptus.
589 957 632 968 -
648 917 801 985 Habeat.
883 919 887 927 '

267 1024 349 1088 Dat.
367 1022 465 1086 Avin
485 1042 522 1087 12
538 1019 608 1087 kal.
620 1022 705 1107 junii
722 1029 755 1088 a⁰
772 1024 817 1087 8⁰.
836 1024 908 1105 (19,
931 1025 1034 1108 τις).

277 1159 417 1245 1593.
1291 1197 1386 1262 1349,
1404 1199 1444 1242 aa
1462 1181 1539 1245 mai.

265 1277 370 1365 Supp.
389 1277 521 1345 Franco
536 1278 578 1344 de
595 1279 722 1346 Renele
737 1291 756 1362 ¹,
774 1289 867 1366 quat.
895 1281 1124 1366 provisionem
1150 1280 1211 1347 sibi
1240 1277 1367 1346 factam
1383 1283 1583 1348 auctoritate

223 1381 390 1449 ordinaria
419 1381 462 1448 de
490 1383 645 1470 parroch.
670 1385 755 1450 eccl.
784 1404 843 1449 seu
869 1392 988 1468 quarta
1013 1384 1199 1470 capellania
1225 1385 1268 1451 de
1295 1383 1454 1452 Ghestele
1484 1405 1583 1472 supra

222 1487 372 1567 Zomam,
388 1485 551 1553 Leodien.
573 1486 674 1569 dioc.,
690 1487 823 1554 etiamsi
850 1485 949 1552 fuerit
972 1493 1149 1568 reservata,
1165 1486 1349 1572 dignemini
1373 1489 1582 1571 confirmare,

223 1593 278 1656 vel
293 1591 354 1656 sibi
370 1590 412 1656 de
426 1611 519 1657 novo
533 1579 731 1678 providere3
747 1611 818 1657 non
834 1593 921 1658 obst.
939 1589 1030 1676 quod
1046 1589 1269 1676 Engelbertus
1284 1589 1326 1657 de
1343 1591 1454 1657 Perlar
1469 1599 1583 1658 aucto-

222 1694 323 1760 ritate
338 1703 449 1780 apost.
460 1693 659 1761 mandatum
674 1693 735 1761 sibi
751 1692 951 1781 providendi
975 1715 1034 1780 per
1058 1702 1168 1760 certos
1192 1703 1390 1761 executores
1413 1695 1483 1780 ejus
1498 1697 1584 1762 obti-

222 1799 333 1864 nuerit
362 1798 405 1864 de
431 1797 573 1865 ecclesia
598 1798 798 1885 supradicta,
833 1797 890 1882 qui
917 1798 1087 1884 pendente
1113 1797 1220 1884 litigio
1251 1819 1349 1886 super
1378 1799 1443 1865 hoc
1469 1819 1583 1866 coram

223 1901 302 1988 ipsis
317 1902 351 1967 in
376 1901 476 1968 Rom.
501 1902 592 1968 curia
615 1902 705 1968 diem
721 1902 840 1968 clausit
856 1908 1068 1968 extremum:
1094 1902 1128 1966 in
1156 1903 1248 1988 cujus
1269 1903 1343 1988 jure
1358 1911 1393 1968 et
1409 1903 1468 1970 lite
1483 1913 1519 1969 et
1542 1904 1585 1970 ad

224 2025 325 2071 omne
336 2007 399 2091 jus,
423 2006 449 2071 si
466 2006 555 2091 quod
570 2005 632 2072 sibi
653 2005 791 2072 forsitan
817 2009 1044 2092 competebat,
1068 2004 1214 2071 eundem
1233 2005 1443 2074 Franconem
1469 2008 1582 2094 digne-

224 2109 306 2175 mini
322 2112 508 2194 subrogare,
522 2129 594 2176 non
610 2112 698 2175 obst.
726 2107 817 2195 quod
844 2130 922 2176 can.
951 2118 986 2176 et
1011 2112 1105 2197 preb.
1123 2117 1158 2176 et
1174 2110 1360 2178 custodiam
1385 2111 1418 2176 in
1435 2114 1519 2178 eccl.
1548 2113 1581 2177 S.

226 2212 365 2280 Martini
380 2214 543 2281 Leodien.
570 2214 746 2296 obtineat;
774 2214 1026 2300 quibuscunque
1053 2214 1156 2280 etiam
1180 2215 1475 2283 constitutionibus
1502 2237 1581 2284 con·

224 2319 333 2385 trariis
347 2340 417 2385 non
433 2322 522 2386 obst.
539 2359 583 2370 —
606 2319 684 2386 Fiat
700 2319 743 2384 R.

266 2423 348 2489 Dat.
365 2424 467 2489 Avn'n.
489 2444 524 2488 11
542 2423 611 2489 kal.
626 2424 710 2511 junii
726 2430 760 2490 a⁰
776 2426 820 2489 8⁰.
840 2425 908 2508 (19,
924 2424 985 2508 al).

276 2560 578 2644 1594-1728.
1284 2593 1379 2660 1349,
1396 2595 1436 2638 22
1456 2577 1536 2640 mai.

265 2679 384 2744 Ratun·
402 2679 635 2745 Universitatis
651 2679 853 2744 Parisiensis
867 2688 890 2743 ².

266 2785 368 2871 Supp.
386 2784 419 2850 S.
434 2783 476 2849 V.
493 2784 617 2852 devota
632 2784 701 2851 filia
724 2793 837 2851 vestra
854 2783 1065 2851 Universitas
1084 2781 1318 2869 magistrorum
1344 2780 1487 2849 Parisius
1513 2791 1580 2849 stu-

221 2890 373 2956 dentium
399 2898 565 2975 quatenus
588 2889 631 2955 de
662 2889 761 2955 solita
786 2889 994 2975 benignitate
1024 2896 1134 2954 vestre
1165 2887 1343 2955 clementie
1367 2888 1402 2953 in
1431 2888 1580 2974 personis

222 2994 456 3079 magistrorum
487 2994 520 3059 in
547 2985 672 3059 'amium
702 2992 862 3059 facultate
893 3001 973 3059 actu
998 2991 1185 3077 regentium
1222 2991 1363 3077 gratiam
1401 2991 1580 3077 specialem

223 3097 393 3179 facientes,
410 3098 537 3164 eisdem
552 3096 717 3182 magistris
732 3096 866 3162 inferius
889 3096 1072 3163 nominatis
1087 3097 1130 3163 de
1151 3095 1324 3162 beneficiis
1346 3096 1581 3163 ecclesiasticis

222 3200 440 3288 infrascriptis
454 3202 509 3266 vel
525 3202 608 3282 aliis,
624 3221 682 3267 seu
698 3199 779 3265 alias
793 3200 879 3265 sicut
894 3207 1025 3286 petunt,
1036 3208 1134 3286 prout
1145 3200 1263 3265 Vestre
1275 3200 1438 3286 placuerit
1454 3200 1580 3266 Sancti·

221 3305 420 3386 tati,intuitu
431 3305 566 3392 pietatis
581 3302 837 3370 misericorditer
852 3302 1036 3388 dignemini
1048 3302 1327 3387 providere.Cum
1338 3305 1571 3391 acceptatione

221 3408 430 3490 inhibitione,
446 3408 681 3489 reservatione,
698 3407 836 3473 decreto
861 3414 897 3472 et
918 3407 1064 3473 clausula
1079 3406 1246 3489 anteferri,
1270 3416 1305 3473 et
1328 3429 1405 3473 cum
1428 3409 1582 3475 omnibus

220 3533 289 3578 non
301 3515 510 3579 obstantibus
525 3522 560 3579 et
575 3511 647 3578 aliis
658 3510 814 3577 clausulis
824 3510 1009 3596 oportunis.
1019 3509 1064 3575 Et
1075 3529 1152 3575 cum
1163 3509 1256 3576 dicta
1267 3510 1405 3577 facultas
1416 3512 1539 3577 artium
1548 3511 1581 3577 in

223 3616 289 3683 hoc
302 3618 414 3683 rotulo
430 3618 473 3683 sit
487 3616 595 3683 divisa
609 3636 670 3701 per
685 3622 827 3700 quatuor
844 3613 1020 3695 Nationes,
1037 3634 1177 3699 quarum
1189 3613 1296 3701 prima
1313 3622 1364 3678 est
1381 3613 1488 3680 Natio
1504 3614 1581 3681 Gal·

223 3719 372 3802 licorum,
403 3721 549 3786 secunda
582 3719 809 3802 Picardorum,
844 3719 945 3785 tertia
971 3717 1257 3801 Normannorum,
1283 3727 1400 3803 quarta
1424 3720 1583 3803 Anglico·

221 3832 347 3905 rum,et
363 3822 514 3890 Natione
530 3823 704 3891 Gallicana
719 3824 786 3891 sint
801 3826 948 3910 quinque
963 3822 1145 3911 provincie,
1152 3842 1291 3908 quarum
1302 3822 1412 3909 prima
1428 3831 1478 3888 est
1491 3823 1582 3890 Pari·

223 3928 349 4009 siensis,
361 3928 508 3995 secunda
522 3928 732 4010 Senonensis,
748 3929 848 3994 tertia
866 3927 1052 4009 Remcnsis,
1079 3935 1198 4012 quarta
1222 3925 1435 4009 Turonensis,
1462 3929 1580 4012 quinta

223 4029 618 4118 Bituricensis,quatenus
632 4040 743 4098 vestre
758 4031 903 4117 benigne
920 4030 1099 4097 clementie
1109 4032 1244 4116 placeat
1260 4031 1446 4116 quamlibet
1461 4030 1495 4097 N
1497 4031 1580 4097 atio·

222 4154 301 4199 nem
316 4144 351 4200 et
367 4136 552 4220 quamlibet
567 4136 776 4223 provinciam
790 4136 939 4202 visitare.

266 4236 313 4304 Et
328 4238 419 4324 quod
431 4247 606 4306 transeant
617 4238 689 4305 sine
705 4241 772 4306 alia
787 4241 947 4305 lectione.

266 4340 374 4409 Certis
389 4364 488 4429 super
502 4344 568 4411 hoc
583 4346 817 4411 executoribus
828 4342 1011 4429 deputatis.
1031 4343 1101 4427 (19,
1123 4344 1210 4428 183).

225 4780 239 4789 ⁸
256 4823 277 4869 l.
290 4821 389 4879 Kirsch,
401 4782 476 4881 aar,
486 4822 541 4870 280.
553 4822 576 4869 A
587 4822 731 4883 ‹listinguer
741 4821 777 4869 du
788 4834 945 4885 personnege
956 4816 1007 4867 otte
1017 4832 1051 4867 an
1063 4825 1091 4865 n⁰
1103 4818 1174 4868 1307.
1185 4846 1217 4855 -
1229 4820 1251 4867 2.
1259 4818 1321 4866 Voir
1334 4816 1439 4879 Denille,
1456 4816 1577 4879 clavim..

222 4893 256 4953 ll,
269 4895 382 4954 saa-648,
394 4895 428 4944 ob
439 4895 476 4945 les
486 4895 612 4945 nomades
623 4908 792 4959 personneges
800 4899 859 4944 sont
867 4892 1032 4958 simplement
1040 4889 1181 4944 enumeres.
