3650 5675
259 460 299 523 80
570 447 574 455 ’
791 458 879 533 1342,
901 458 988 523 12-13
1007 460 1088 524 aoht.

260 633 336 679 cum
363 613 549 698 sumptibus
571 612 709 698 magnis,
735 619 868 677 attenta
895 612 945 677 sui
969 619 1131 696 egestate,
1158 611 1291 676 labores
1314 632 1432 696 graves
1456 612 1622 679 sustinuit.

260 716 362 802 Supp.
377 715 467 781 idem
494 736 607 781 comes
622 721 714 800 quat.
737 734 813 779 cum
829 714 923 781 dicto
939 716 1027 795 cler.,
1043 714 1135 799 quod
1149 723 1378 799 quotcumque
1393 716 1568 797 beneficia,
1585 738 1620 782 se
1664 798 1667 801 ῃ

260 820 304 885 ad
318 820 462 884 invicem
478 819 730 905 compatientia,
747 818 878 883 etiamsi
895 839 1013 883 eorum
1029 818 1172 883 alterum
1190 818 1291 903 dign,
1307 838 1393 904 pers.
1408 820 1463 883 vel
1479 819 1545 898 off,
1562 829 1621 885 aut

260 924 294 987 in
312 923 557 988 cathedralibus
572 922 721 988 ecclesiis
737 922 894 1001 existant,
920 922 1025 1007 possit
1044 922 1141 986 simul
1154 930 1189 987 et
1213 922 1399 987 successive
1421 923 1524 987 libere
1539 924 1622 988 reci-

260 1046 338 1111 pere
353 1034 389 1091 et
403 1026 494 1091 licite
509 1027 662 1106 retinere,
677 1026 705 1091 si
729 1026 790 1090 sibi
822 1026 987 1092 canonice
1016 1025 1159 1092 conferri
1190 1026 1367 1111 contingat
1391 1026 1620 1112 imposterum,

260 1129 411 1214 predicto
426 1129 561 1195 defectu
576 1136 611 1194 et
626 1130 777 1214 qualibet
793 1130 1035 1195 constitutione
1051 1150 1110 1195 seu
1125 1129 1260 1195 statutis
1275 1138 1311 1195 et
1327 1131 1622 1196 consuetudinibus

260 1234 314 1297 vel
329 1234 507 1319 privilegiis
523 1235 739 1299 ecclesiarum
755 1234 912 1319 ipsarum,
929 1234 1047 1318 quavis
1072 1234 1275 1300 auctoritate
1299 1234 1435 1301 indultis
1458 1257 1516 1301 seu
1542 1256 1623 1302 con-

261 1338 369 1417 cessiS,
387 1338 570 1420 contrariis,
590 1338 791 1423 jurament0,
820 1346 895 1419 etc,
920 1359 1133 1423 nequaquam
1160 1339 1381 1421 obstantibus,
1397 1339 1478 1404 licet
1504 1338 1547 1404 de
1573 1337 1622 1402 eis
1742 1355 1746 1357 ’

260 1441 388 1506 mentio
413 1441 598 1526 exigeretur
624 1441 786 1526 specialis,
818 1449 877 1507 aut
901 1445 961 1507 sub
992 1463 1265 1527 quorumcunque
1294 1446 1471 1508 verborum
1504 1450 1623 1507 tenore

261 1544 456 1630 specificata
482 1546 536 1611 vel
563 1567 730 1633 expressa,
757 1545 939 1631 dignemini
964 1555 1053 1612 auct.
1076 1556 1185 1633 apost.
1201 1548 1384 1612 clementer
1407 1547 1621 1633 dispensare;

261 1648 417 1733 quodque
444 1650 548 1735 possit
573 1672 613 1716 ea
643 1658 843 1736 permutare,
861 1672 902 1716 ac
926 1650 953 1714 si
978 1659 1065 1715 esset
1089 1650 1131 1716 de
1155 1651 1305 1735 legitimo
1329 1650 1428 1716 thoro
1445 1659 1553 1730 natus,
1578 1648 1621 1714 de

262 1753 415 1839 ampliori
445 1756 553 1839 gratia
583 1755 765 1840 dignemini
792 1754 1049 1820 misericorditer
1060 1755 1257 1821 concedere.
1277 1792 1309 1802 —
1342 1754 1419 1819 Fiat
1434 1754 1477 1819 de
1491 1753 1621 1818 duobus

240 1858 440 1939 ,beneficiis
465 1858 597 1923 etiamsi
622 1860 764 1925 alterum
791 1859 833 1924 sit
861 1867 1023 1940 curatum,
1040 1868 1075 1925 et
1101 1860 1233 1924 etiamsi
1264 1860 1406 1924 alterum
1428 1859 1470 1924 sit
1496 1879 1570 1923 can.
1586 1865 1623 1921 et

261 1964 352 2046 preb.
374 1962 408 2026 in
425 1964 566 2029 ecclesia
581 1963 776 2045 cathedrali,
802 1972 837 2028 et
862 1964 953 2048 quod
968 1964 1073 2049 possit
1089 1985 1130 2029 ea
1152 1972 1354 2050 permutare,
1370 1972 1436 2028 etc.
1453 1960 1490 2026 R.

248 2156 254 2171 .
305 2065 385 2130 Dat.
402 2087 457 2151 ap.
473 2067 757 2155 Villamnovama
774 2068 816 2134 id.
841 2088 916 2153 aug.
933 2076 967 2134 a⁰
987 2076 1026 2134 1⁰.
1043 2068 1086 2154 (l,
1108 2069 1194 2153 127).

314 2192 423 2273 148.
1323 2230 1417 2294 1542,
1435 2230 1475 2273 12
1491 2210 1579 2273 aaut.

306 2310 554 2396 Supp.,Nevelo
569 2311 611 2377 de
629 2310 880 2393 Monachim'lla,
897 2312 1006 2378 dictus
1020 2312 1063 2377 de
1087 2313 1232 2396 Chaaliz,
1259 2313 1301 2378 de
1327 2312 1413 2379 dioc.
1444 2310 1622 2376 Belvacen.

260 2415 427 2495 oriundus,
444 2416 702 2501 capellanusque
730 2416 862 2482 comitis
877 2417 1064 2497 Alenconii,
1077 2425 1168 2501 quat.
1184 2417 1226 2483 de
1239 2438 1310 2483 can.
1334 2417 1416 2481 eccl.
1444 2414 1621 2479 Belvacen.

262 2518 322 2583 sibi
338 2518 518 2603 dignemini
534 2520 719 2605 providere,
736 2542 776 2586 ac
793 2523 883 2607 preb.
900 2522 987 2603 [vac.
1003 2521 1056 2585 vel
1073 2522 1210 2604 vacat.],
1235 2541 1335 2605 quam
1358 2518 1488 2584 duxerit
1504 2537 1623 2602 accep-

262 2623 411 2704 tandam,
437 2624 547 2690 eidem
584 2645 784 2705 reservare3
818 2646 886 2691 non
922 2628 1008 2691 obst.
1044 2624 1135 2710 quod
1159 2626 1193 2690 in
1220 2623 1416 2690 Laudunen.
1444 2630 1478 2686 et
1505 2619 1544 2685 B.
1572 2618 1622 2684 M.

262 2727 305 2793 de
335 2726 550 2793 Claromonte
588 2750 662 2795 can.
693 2738 728 2795 et
769 2733 872 2815 preb,
909 2751 950 2795 ac
979 2731 1014 2794 in
1041 2728 1079 2795 B.
1115 2728 1161 2794 M.
1199 2730 1233 2795 in
1267 2728 1356 2793 Dam
1397 2727 1528 2812 capell,
1564 2744 1624 2789 seu

263 2832 368 2897 altare
385 2829 423 2896 B.
440 2830 608 2898 Laurentii
624 2834 706 2899 eccl.
723 2834 1034 2921 parrochialemque
1063 2833 1145 2899 eccl.
1173 2832 1215 2899 de
1242 2832 1416 2918 Digniaco,
1432 2829 1625 2907 Belvacen.,

263 2935 448 3001 Tornacen.
456 2943 491 3000 et
507 2935 684 3004 Carnoten.
692 2937 787 3018 dioc,
796 2937 927 3002 obtinet
936 2935 1062 3015 ;dictas
1078 2944 1192 3000 autem
1204 2936 1447 3021 parrocheccl.
1459 2942 1494 2999 et
1506 2932 1622 3018 capell.

188 3059 191 3066 ·
265 3038 363 3116 offert
378 3059 413 3102 se
420 3038 639 3120 dimissurum,
647 3041 673 3104 si
686 3040 940 3127 S.V.placuerit,
953 3059 1029 3105 cum
1041 3039 1207 3105 dictorum
1220 3060 1290 3105 can.
1304 3047 1339 3104 et
1351 3041 1439 3125 preb.
1447 3037 1623 3124 pacificam

265 3141 508 3226 possessionem
524 3141 621 3207 fuerit
636 3152 815 3226 assecutus,
833 3153 868 3210 et
891 3145 1016 3210 fructus
1041 3144 1169 3228 integre
1195 3143 1381 3229 perceperit
1408 3163 1451 3208 ex
1473 3140 1625 3220 eisdem;

231 3319 234 3326 Ι
266 3246 319 3309 vel
335 3244 438 3311 modo
453 3245 550 3310 simili
566 3246 600 3310 in
616 3247 757 3316 ecclesia
774 3247 961 3334 Ebroycen.
982 3285 1016 3296 -
1036 3247 1112 3313 Fiat
1129 3247 1167 3312 R.

309 3348 387 3413 Dat.
405 3370 458 3435 ap.
475 3349 722 3418 Villamnovam
748 3373 764 3416 2
782 3352 823 3418 id.
840 3372 913 3436 aug.
930 3360 963 3416 a⁰
983 3359 1022 3417 1⁰.
1040 3350 1081 3432 (I,
1109 3354 1167 3416 128
1181 3356 1219 3435 Y).

320 3477 428 3558 149.
461 3523 468 3540 ·
1324 3511 1419 3575 1542,
1437 3510 1476 3573 13
1493 3494 1582 3554 aortt.

310 3595 411 3683 Supp.
428 3597 554 3662 scabini
570 3609 605 3663 et
632 3599 855 3664 communitas
881 3599 959 3664 ville
987 3597 1176 3676 InsulensiS,
1193 3595 1380 3660 Tomacen.
1407 3593 1504 3675 dioc,
1532 3599 1627 3677 quat.

266 3698 299 3783 [J
303 3703 410 3766 acobo
425 3699 583 3784 Goumer,
599 3701 633 3766 in
648 3710 709 3767 art.
726 3702 779 3768 lic.
794 3712 812 3782 ¹,
828 3702 871 3768 de
887 3702 979 3767 dicta
995 3703 1075 3767 villa
1092 3700 1254 3766 insulensi
1270 3697 1420 3779 oriundo,
1438 3697 1529 3780 cleu]
1545 3695 1630 3760 Tor-

266 3825 384 3870 nacen.
397 3802 498 3884 dioc.,'
507 3804 549 3870 de
565 3827 637 3872 can.
649 3806 731 3872 eccl.
742 3807 773 3872 S.
785 3806 885 3888 Petri,
897 3805 988 3871 dicte
1000 3807 1078 3871 ville
1092 3806 1280 3885 Insulensis,
1293 3824 1332 3869 ac
1342 3806 1434 3888 preb.
1443 3801 1626 3888 dignemini

266 3908 449 3993 providere.
472 3947 503 3958 -
526 3909 602 3976 Fiat
619 3909 660 3976 R.

309 4011 390 4077 Dat.
406 4033 458 4099 ap.
475 4013 723 4080 Villamnovam
739 4015 780 4081 id.
797 4036 872 4100 aug.
889 4024 923 4082 a⁰
942 4023 983 4081 1⁰.
998 4015 1039 4097 (l,
1061 4015 1147 4098 123).

321 4140 555 4224 150-153.
1326 4169 1421 4233 1342,
1438 4168 1478 4231 13
1495 4151 1585 4212 aott.

310 4255 411 4343 Supp.
428 4257 621 4344 archiepisc.
638 4258 868 4344 Lugdunensis
883 4267 894 4292 ²
909 4266 1001 4342 quat.
1024 4278 1112 4342 mag.
1129 4256 1309 4322 Guillelmo
1325 4253 1468 4340 Coyndi,
1490 4273 1578 4338 mag.
1593 4253 1628 4316 in

267 4365 329 4422 art.
345 4368 380 4422 et
395 4359 428 4423 in
442 4360 514 4444 jure
529 4361 647 4447 perito,
664 4383 738 4448 cap.
755 4383 824 4441 suo,
841 4357 883 4426 de
899 4382 974 4428 can.
990 4368 1025 4425 et
1040 4364 1132 4445 preb.
1148 4359 1398 4425 Claromonten.
1415 4357 1497 4422 eccl.
1512 4356 1630 4441 digne-

266 4449 348 4523 mini
364 4461 547 4545 providere,
564 4484 632 4530 non
648 4467 732 4529 obst.
749 4464 839 4548 quod
855 4465 1042 4530 chorariam
1062 4465 1213 4550 parroch.
1229 4464 1311 4528 eccl.
1335 4461 1366 4527 S.
1394 4460 1489 4525 Pauli
1515 4459 1629 4524 Claro

267 4571 414 4627 monten.
442 4573 477 4629 et
504 4567 624 4651 capell.
651 4565 689 4632 B.
708 4566 756 4632 M.
773 4568 815 4633 de
831 4569 961 4649 Alosto,
978 4567 1193 4633 Cameracen.
1209 4562 1307 4645 dioc',
1324 4575 1359 4629 et
1375 4584 1449 4629 can.
1476 4572 1513 4628 et
1537 4566 1633 4649 preb.

268 4667 350 4733 eccl.
367 4666 534 4733 Vivarien.
550 4671 691 4735 obtinet.
714 4707 746 4719 -
768 4670 843 4735 Fiat
861 4669 900 4738 R.

302 4823 324 4870 1.
343 4822 382 4870 Cf.
395 4823 545 4882 Hautcoeur,
563 4825 719 4885 Documenta,
734 4829 786 4885 llb,
802 4829 853 4884 153,
867 4829 921 4886 232,
934 4831 989 4877 239.
1003 4857 1033 4862 —
1050 4831 1072 4877 2.
1085 4829 1144 4890 (luy
1155 4828 1187 4876 de
1201 4827 1337 4888 Boulogne,
1350 4805 1395 4886 qui
1412 4826 1501 4874 derint
1513 4823 1628 4873 cardinal

268 4895 292 4943 le
304 4897 335 4942 20
346 4897 491 4958 septembre
510 4899 570 4944 1342
582 4897 682 4957 (Ilubel,
696 4899 715 4956 l,
731 4901 778 4958 17).
1390 4914 1397 4928 ·
