3650 5675
298 507 364 572 490
833 508 920 582 1350,
944 508 985 572 30
1004 508 1131 590 janvier.

300 658 450 745 partibus
465 658 643 743 legationis
654 657 768 724 officio
782 658 983 744 fungeretur,
999 660 1113 725 extitit
1127 661 1269 746 pacifice
1284 669 1466 743 assecutus,
1482 662 1663 745 dignemini

301 762 499 848 providere3
527 782 594 827 non
623 764 780 827 obstante
805 762 896 847 quod
917 764 994 828 ben.
1019 765 1101 828 eccl.
1118 784 1147 828 c.
1163 785 1192 829 c.
1208 765 1262 828 vel
1286 785 1311 829 s.
1328 785 1357 830 c.
1380 766 1422 831 ad
1447 766 1663 831 collationem

302 866 460 952 episcopi,
483 865 602 933 decani
618 874 653 931 et
669 866 806 951 capituli
831 866 1102 951 singulorumque
1127 868 1365 933 canonicorum
1388 878 1423 934 et
1446 890 1663 955 personarum

301 969 442 1035 ecclesie
458 969 657 1051 Tornacen.,
673 970 775 1034 etiam
792 970 818 1034 si
835 969 867 1034 in
884 970 967 1035 eccl.
983 969 1167 1035 cathedrali
1183 970 1315 1052 existat,
1328 980 1363 1037 et
1378 973 1481 1038 etiam
1496 974 1523 1039 si
1539 974 1663 1039 vicaria

302 1072 408 1154 fuerit,
424 1073 626 1139 auctoritate
646 1072 686 1138 E.
702 1072 734 1138 S.
749 1073 900 1139 noscitur
921 1082 1112 1159 expectare.
1126 1114 1169 1125 —
1186 1073 1264 1140 Fiat
1280 1075 1321 1141 R.

298 1171 304 1185 '
342 1173 423 1241 Dat.
438 1177 539 1242 Avin.
557 1197 574 1261 3
592 1176 658 1242 kal.
677 1176 758 1242 febr.
775 1184 808 1241 a⁰
825 1178 868 1242 8⁰.
885 1178 957 1262 (18,
979 1178 1068 1262 142).

352 1314 492 1397 1881.
1309 1350 1326 1394 r
1327 1350 1404 1413 350,
1418 1329 1618 1414 jojanvr'er.

343 1435 431 1520 Sign.
448 1433 609 1519 P(etrus),
632 1432 684 1497 tit.
702 1431 733 1497 S.
761 1432 910 1497 Susanne
935 1432 1099 1517 presbiter
1121 1433 1309 1513 cardinalis,
1334 1433 1424 1518 quod
1439 1455 1546 1520 nuper
1573 1433 1612 1499 E.
1629 1434 1661 1499 S.

299 1537 402 1603 nobili
418 1537 491 1602 viro
507 1537 686 1623 Radulpho
701 1537 743 1603 de
761 1536 932 1602 Couciaco
948 1552 957 1577 ¹
985 1535 1027 1601 de
1044 1558 1117 1603 can.
1134 1546 1168 1603 et
1184 1538 1355 1604 decanatu
1377 1538 1519 1604 ecclesie
1546 1538 1577 1603 S.
1593 1540 1662 1603 Au-

299 1640 438 1721 domari,
456 1638 621 1707 Morinen.
638 1641 736 1721 dioc,
752 1650 833 1706 tunc
860 1660 920 1727 per
935 1643 990 1705 ob.
1006 1642 1178 1724 quondam
1207 1640 1345 1709 Milonis
1372 1641 1415 1707 de
1432 1641 1637 1727 Frigincuria
1653 1653 1663 1677 ²

299 1752 394 1809 extra
410 1744 508 1810 Rom.
524 1745 649 1811 curiam
664 1743 859 1811 decedentis
875 1751 910 1807 et
930 1742 1000 1807 sedi
1018 1751 1126 1828 apost.
1139 1744 1314 1810 reservatis
1326 1744 1461 1831 proprio
1475 1751 1571 1809 motu
1587 1764 1662 1830 pro-

299 1847 383 1912 vidit
398 1848 535 1933 ipseque
553 1848 748 1935 Radulphus
763 1844 1099 1934 postmodum,nullis
1113 1866 1213 1932 super
1227 1847 1319 1912 dicta
1335 1846 1527 1932 provisione
1543 1846 1663 1912 litteris

301 1949 473 2031 confectis,
490 1972 563 2018 can.
576 1961 610 2017 et
625 1952 851 2019 decanatuum
867 1949 1056 2035 hujusmodi
1072 1958 1107 2014 et
1118 1969 1235 2030 eorum
1243 1949 1423 2036 provisioni
1439 1948 1589 2035 predicte
1604 1970 1665 2034 per

300 2052 435 2118 Petrum
453 2054 590 2120 Roberti
604 2055 645 2120 de
657 2055 790 2139 Aquila,
802 2054 960 2120 clericum
973 2053 1170 2120 Laudunen.
1185 2054 1283 2135 dioc,
1299 2061 1550 2139 procuratorem
1566 2072 1662 2117 suum

299 2159 421 2225 adhoc
444 2160 633 2245 specialiter
657 2160 889 2241 constitutum,
908 2158 1113 2244 simpliciter,
1137 2179 1219 2243 pure
1242 2166 1277 2223 et
1299 2158 1402 2223 libere
1422 2157 1604 2242 resignavit
1628 2165 1662 2221 et

298 2264 507 2329 renunciavit
522 2264 556 2328 in
571 2264 726 2328 manibus
741 2262 822 2328 dicti
839 2260 1015 2328 cardinalis
1028 2283 1037 2342 3
1054 2282 1155 2346 quare
1172 2281 1268 2347 supp.
1280 2259 1369 2324 idem
1382 2259 1559 2325 cardinalis
1570 2268 1662 2343 quat.

299 2366 473 2451 capellano
494 2374 529 2431 et
551 2366 703 2432 familiari
719 2387 780 2433 suo
795 2366 959 2432 continuo
971 2365 1188 2431 commensali
1201 2364 1305 2430 nobili
1316 2364 1388 2429 viro
1403 2385 1491 2448 mag.
1505 2363 1663 2449 Philippo

294 2468 340 2535 de
363 2466 511 2555 Tivemy
531 2470 574 2535 de
590 2491 665 2536 can.
682 2477 717 2535 et
732 2470 900 2535 decanatu
915 2468 1075 2554 predictis
1090 2468 1137 2533 sic
1153 2467 1327 2553 resignatis
1350 2466 1534 2552 dignemini
1550 2466 1663 2552 provi-

297 2571 378 2638 dere
393 2596 402 2653 ;
419 2594 486 2640 non
504 2576 589 2639 obst.
607 2574 697 2658 quod
713 2594 786 2639 can.
802 2581 837 2638 et
853 2575 946 2659 preb.
959 2571 1156 2637 Laudunen.
1173 2580 1208 2636 et
1224 2570 1429 2637 Noviomen.
1445 2571 1664 2636 ecclesiarum

299 2697 339 2742 ac
354 2696 446 2763 perp.
471 2678 636 2763 capellan.
664 2684 699 2742 et
715 2676 943 2762 episcopalem
971 2672 1202 2740 Laudunensis
1228 2695 1362 2740 necnon
1384 2681 1603 2761 personatum
1619 2673 1663 2739 de

299 2777 523 2862 Mauricourt,
538 2782 752 2847 Attrebaten.
769 2779 866 2862 dioc,
882 2778 1032 2845 noscitur
1047 2779 1209 2845 obtinere.
1224 2819 1268 2828 -
1293 2778 1370 2845 Fiat
1388 2777 1428 2844 R.

342 2884 422 2950 Dat.
437 2885 541 2952 Avin.
555 2905 572 2968 3
589 2883 656 2950 kal.
673 2884 753 2949 febr.
769 2891 802 2948 a⁰
819 2886 865 2950 8⁰.
879 2885 952 2969 (18,
972 2884 1074 2967 143').

351 3021 657 3104 1882-1884.
1307 3054 1402 3117 1350,
1417 3055 1461 3117 3ο
1471 3032 1617 3115 jamu'er.

306 3149 308 3156 ’
342 3139 506 3224 Dignetur
522 3139 553 3204 S.
569 3138 609 3204 V.
637 3138 856 3204 collationem
882 3144 917 3201 et
941 3137 1167 3230 provisionem
1195 3137 1319 3202 factam
1344 3136 1492 3202 Guidoni
1520 3139 1662 3218 Alberti,

297 3242 420 3308 clerico
445 3242 662 3308 Lemovicen.
682 3241 780 3322 dioc,
807 3240 849 3306 de
876 3261 950 3307 can.
977 3249 1011 3305 et
1035 3244 1127 3326 preb.
1155 3242 1296 3306 ecclesie
1323 3241 1354 3306 S.
1382 3241 1472 3307 Petri
1502 3241 1663 3321 AriensiS,

300 3345 457 3412 Morinen
473 3346 571 3428 dioc„
587 3367 661 3412 vac.
678 3366 739 3431 per
754 3348 808 3411 ob.
826 3342 845 3421 J
849 3345 994 3410 ohannis
1010 3344 1169 3431 Pipelart‚
1186 3344 1355 3429 quondam
1371 3345 1490 3412 decani
1507 3354 1542 3411 et
1557 3367 1663 3413 cano·

297 3450 364 3516 nici
391 3450 587 3536 prebendati
614 3450 716 3536 ipsius
740 3449 881 3514 ecclesie
897 3461 919 3529 ³,
945 3448 1001 3533 qui
1027 3457 1122 3513 extra
1151 3447 1251 3514 Rom.
1273 3448 1399 3514 curiam
1424 3449 1516 3515 diem
1542 3451 1664 3516 clausit

293 3563 493 3636 extremum,
509 3575 569 3642 per
584 3553 772 3620 Arnaldum
787 3553 918 3618 Alberti
928 3568 950 3633 ⁴,
965 3552 1174 3638 prepositum
1185 3553 1325 3618 ecclesie
1341 3553 1482 3639 prefate,
1499 3552 1543 3618 ad
1559 3574 1662 3639 quem

294 3659 534 3726 canonicorum
559 3658 726 3724 institutio
753 3665 788 3722 et
813 3656 1060 3743 prebendarum
1085 3656 1222 3722 collatio
1246 3657 1348 3742 pleno
1371 3657 1445 3741 jure
1475 3657 1663 3723 dinoscitur

296 3765 472 3850 pertinere,
489 3772 523 3829 et
549 3783 747 3847 quecunque
764 3761 842 3827 inde
858 3769 984 3840 secuta,
1012 3760 1142 3826 etiamsi
1166 3760 1356 3846 specialiter
1381 3763 1436 3826 vel
1459 3763 1663 3847 generaliter

296 3867 418 3934 fuerint
433 3875 614 3949 reservata,
630 3873 758 3952 gratam
775 3873 810 3930 et
825 3872 934 3930 ratam
958 3864 1091 3946 habere,
1107 3871 1142 3930 et
1158 3864 1337 3930 decernere
1361 3864 1451 3949 quod
1473 3866 1609 3931 valeant
1624 3877 1663 3931 et

297 3971 445 4038 habeant
460 3973 597 4058 plenam
612 3970 740 4036 roboris
756 3969 950 4034 fimritatem
965 3969 1104 4055 perinde
1129 3968 1269 4034 aeside
1285 3969 1333 4033 eis
1356 3969 1450 4034 nulla
1475 3969 1663 4035 reservatio

298 4079 387 4144 facta
417 4076 513 4156 foret,
544 4096 621 4141 cum
646 4073 801 4139 omnibus
823 4093 892 4137 non
918 4077 1005 4139 obst.
1032 4081 1067 4137 et
1086 4073 1241 4138 clausulis
1265 4073 1463 4158 oportunis;
1486 4093 1545 4138 seu
1569 4073 1663 4158 quod

297 4181 390 4248 dicto
405 4179 550 4245 Guidoni
566 4178 608 4244 de
622 4197 694 4244 cau.
711 4184 746 4242 et
761 4179 854 4261 preb.
870 4176 1012 4241 ecclesie
1036 4173 1253 4240 Lemovicen.
1279 4195 1339 4260 per
1358 4175 1398 4241 ιδ.
1413 4174 1453 4240 V.
1471 4174 1569 4241 fuerit
1584 4197 1663 4261 pro·

298 4285 417 4365 visum,
432 4283 474 4348 de
501 4283 620 4368 quibus
635 4280 881 4367 possessionem
896 4279 1047 4346 nondum
1064 4287 1115 4344 est
1130 4287 1311 4344 assecutus.
1334 4317 1365 4326 -
1383 4279 1603 4345 Providemus
1619 4280 1664 4347 R.

343 4427 443 4489 1883.
462 4420 549 4486 Item
564 4419 707 4485 similem
722 4419 862 4504 gratiam
878 4417 988 4484 facere
998 4417 1181 4502 dignemini
1192 4416 1398 4503 Raymundo
1406 4417 1449 4482 de
1460 4416 1663 4500 Rofinnaco,

294 4525 418 4591 clerico
430 4523 519 4590 dicte
532 4521 748 4589 Lemovicen.
765 4522 863 4604 dioc,
890 4521 933 4587 de
959 4522 1165 4587 thesauraria
1187 4529 1221 4587 et
1248 4541 1322 4587 can.
1338 4529 1373 4586 et
1399 4521 1492 4605 preb.
1509 4521 1665 4606 predicte

292 4629 435 4694 ecclesie
450 4627 607 4708 Ariensis,
625 4625 715 4692 dicte
742 4625 829 4692 dioc.
858 4624 1036 4707 Morinen.‚
1063 4647 1135 4691 vac.
1152 4645 1210 4711 per
1227 4629 1281 4692 ob.
1307 4624 1479 4689 Guillelmi
1498 4624 1664 4708 Quantle,

297 4785 549 4798 ——-—

329 4877 350 4924 l.
363 4876 424 4923 Voir
436 4891 461 4923 n.
475 4875 543 4930 1760.
559 4879 628 4926 1771.
640 4903 672 4911 -
684 4879 706 4924 2.
721 4877 782 4925 Voir
792 4891 817 4925 n.
830 4878 868 4936 ³1,
881 4880 935 4936 511,
950 4879 1020 4925 1160.
1031 4905 1061 4914 -
1073 4879 1096 4924 3.
1108 4876 1191 4934 Vidnl
1205 4891 1230 4924 n.
1243 4877 1314 4924 8561.
1324 4905 1355 4914 -
1366 4877 1390 4925 4.
1402 4876 1465 4924 Voir
1476 4889 1500 4924 n.
1514 4877 1570 4924 773.
1585 4876 1609 4924 ll
1623 4884 1663 4926 est

293 4947 346 4997 cite
358 4963 389 4996 en
401 4955 469 4997 cette
486 4950 619 5010 qualitate
638 4953 651 4999 1
665 4965 732 4999 mars
745 4953 808 4998 1319
819 4949 952 5012 (Berliere
966 4951 1063 4998 [ruent.
1075 4949 1153 5011 unul„
1167 4964 1191 4998 n.
1205 4949 1273 5010 178).
