3650 5675
274 449 336 513 160
832 444 920 515 1344.
944 443 979 507 18
1001 460 1091 507 mars.

279 598 434 664 ductus...
463 618 481 661 2
487 616 502 680 5
520 596 576 661 lib.
590 593 668 660 Tur.
684 614 789 680 parv,
806 613 871 657 sec.
888 602 958 657 tax.
974 591 1116 673 decime,
1131 593 1281 659 valorem
1297 613 1446 658 annuum
1462 615 1531 659 non
1546 614 1643 660 exce-

273 700 362 765 dunt
378 724 386 781 ;
404 720 507 783 quam
523 698 657 783 quidem
673 697 755 762 eccl.
773 696 862 761 idem
878 695 957 761 cler.
972 716 1041 760 non
1056 695 1206 781 possidet
1221 716 1285 761 nec
1310 697 1469 782 possedit,
1486 700 1643 763 obstante

276 804 339 868 sibi
355 804 445 868 dom.
467 801 667 885 Bald(uin)o
683 800 725 865 de
741 798 887 884 Layens,
910 797 1060 884 ejusdem
1083 799 1165 865 eccl.
1188 820 1380 885 possessore
1403 823 1445 866 ex
1461 803 1643 868 collatione

274 908 339 973 sibi
367 907 466 986 facta,
488 914 525 970 ut
548 905 678 985 dicitur,
703 924 762 989 per
789 902 880 967 R¹¹¹¹¹¹¹¹
907 901 944 967 P.
972 901 1063 968 dom.
1091 903 1193 989 episc.
1218 903 1408 986 Tusculan,
1432 905 1519 971 sedis
1535 914 1643 992 apost.

275 1022 360 1076 tunc
374 1011 521 1094 legatum
539 1028 559 1091 ¹,
576 1009 628 1074 cui
645 1007 785 1073 ecclesie
801 1016 836 1072 et
851 1006 911 1087 liti,
925 1027 989 1091 que
1008 1028 1106 1093 super
1122 1008 1193 1093 ipsa
1207 1009 1344 1094 pendet,
1360 1030 1403 1075 ex
1417 1012 1643 1096 appellatione

274 1115 360 1180 dicti
376 1114 466 1180 dom.
484 1112 673 1198 Bald(uin)i
691 1119 809 1177 contra
826 1111 935 1196 ipsum
951 1111 1119 1192 clericum,
1132 1121 1270 1197 paratus
1282 1121 1333 1178 est
1345 1115 1540 1179 renunciare
1553 1114 1642 1179 idem

278 1220 368 1297 cler,
392 1239 468 1284 cum
484 1216 729 1304 possessionem
753 1214 931 1301 pacificam
953 1214 1091 1300 alicujus
1117 1216 1282 1297 beneficii,
1307 1218 1430 1283 virtute
1454 1219 1644 1303 hujusmodi

277 1324 385 1407 gratie
409 1322 506 1387 fuerit
530 1329 723 1401 assecutus;
752 1328 786 1385 et
810 1318 901 1404 quod
923 1319 1084 1405 premissa
1112 1327 1288 1385 transeant
1310 1330 1347 1385 ut
1369 1331 1531 1407 petuntur
1543 1345 1552 1402 ;
1575 1343 1644 1388 non

277 1430 366 1492 obst.
384 1426 461 1491 stilo
477 1424 684 1505 cancellarie,
702 1444 769 1509 quo
787 1430 800 1457 '¹
824 1431 961 1489 cavetur
987 1423 1078 1507 quod
1094 1424 1223 1509 petenti
1246 1425 1388 1509 gratiam
1411 1424 1454 1490 de
1476 1429 1552 1491 ben.
1570 1447 1598 1491 c.
1616 1448 1645 1491 c.

281 1532 335 1595 vel
351 1552 376 1595 s.
393 1551 431 1609 c.,
449 1530 552 1595 etiam
569 1529 594 1593 si
611 1530 654 1595 sit
672 1528 771 1614 dign,
789 1530 842 1593 vel
866 1549 962 1615 pers,
979 1550 1038 1593 seu
1054 1528 1120 1609 oft,
1136 1550 1205 1594 non
1223 1528 1321 1595 detur
1335 1550 1395 1616 per
1410 1532 1644 1596 cancellariam

276 1634 427 1719 dignitas
449 1642 524 1714 etc,
547 1633 609 1697 nisi
634 1632 673 1698 V.
697 1633 728 1698 S.
752 1632 903 1698 scribat:
928 1630 1007 1697 Fiat
1029 1633 1132 1697 etiam
1160 1633 1202 1699 de
1229 1632 1402 1717 dignitate,
1418 1642 1484 1699 etc.
1501 1673 1543 1685 —
1566 1632 1645 1699 Fiat

283 1738 431 1803 etiamsi
454 1736 608 1823 dignitas
632 1746 698 1803 etc.
723 1736 765 1803 R.

328 1842 409 1909 Dat.
425 1863 478 1927 ap.
495 1838 743 1907 Villamnovam
760 1842 802 1907 id.
819 1850 916 1906 mart.
933 1848 967 1904 a⁰
983 1850 1025 1905 2⁰.
1043 1841 1094 1925 (4,
1113 1842 1202 1927 247).

337 1978 577 2062 681-682.
1329 2011 1424 2076 1344,
1441 1996 1483 2058 18
1498 2016 1601 2059 mars.

328 2099 428 2185 Supp.
446 2098 477 2163 S.
494 2098 533 2162 V.
546 2098 687 2163 servitor
702 2097 858 2180 antiquus
874 2094 1091 2161 Theobaldus
1102 2096 1145 2161 de
1159 2095 1479 2187 Meldis-quondam
1490 2099 1532 2163 cl.
1544 2118 1645 2162 mem.

278 2203 375 2269 dom.
387 2202 499 2287 regine
515 2201 702 2266 Clementie
712 2211 722 2235 ²
734 2200 941 2280 secretarius,
955 2220 1029 2265 can.
1046 2199 1274 2281 Cameracen.,
1285 2209 1389 2285 quat,
1406 2201 1471 2265 Dei
1483 2222 1596 2268 amore
1611 2209 1647 2265 et

284 2306 412 2392 prefate
436 2305 572 2371 domine
596 2325 663 2385 sue,
682 2324 816 2370 necnon
840 2312 875 2368 et
899 2306 978 2368 bon.
994 2325 1094 2369 mem.
1110 2303 1201 2369 dom.
1218 2304 1353 2390 P(etri),
1370 2305 1542 2389 quondam
1557 2304 1647 2371 card.

278 2408 574 2489 Antisiodorensis,
592 2408 731 2492 quinon
748 2407 819 2473 siue
834 2427 936 2473 causa
955 2408 1082 2472 sincere
1106 2407 1266 2491 diligebat
1281 2408 1436 2491 eundem,
1452 2430 1493 2475 ac
1508 2410 1647 2475 aliorum
1773 2436 1780 2445 ·

277 2513 494 2578 dominorum
506 2532 639 2577 suorum
656 2532 740 2596 quos
755 2510 917 2577 dilexistis
936 2511 1234 2596 contemplatione,
1250 2512 1387 2578 eosdem
1403 2533 1478 2579 can.
1494 2522 1529 2579 et
1544 2516 1647 2599 preb,

280 2636 366 2701 quos
389 2616 534 2682 obtinuit
557 2636 617 2701 per
636 2636 672 2699 14
696 2636 802 2681 annos
818 2615 1012 2701 etamplius
1036 2614 1176 2710 paciljce
1192 2624 1227 2680 et
1242 2616 1365 2699 quiete,
1381 2624 1417 2681 et
1431 2636 1491 2702 per
1506 2638 1647 2701 quorum

283 2720 500 2807 adeptionem
524 2719 649 2785 dimisit
674 2740 746 2785 can.
772 2728 807 2783 ct
831 2722 923 2805 preb.
944 2739 985 2784 ac
1008 2718 1193 2784 sacristiam
1214 2721 1355 2786 ecclesie
1370 2721 1568 2803 Tholonen,
1584 2721 1645 2787 sibi

278 2824 464 2910 dignemini
483 2824 679 2890 conlinnare
694 2846 702 2903 ;
719 2844 788 2888 non
805 2826 890 2889 obst.
906 2823 1132 2889 reservatione
1149 2832 1266 2910 apost,
1279 2824 1306 2891 si
1321 2824 1432 2890 forsan
1442 2825 1485 2891 de
1496 2825 1576 2912 ipsis
1590 2826 1645 2889 vel

282 2930 348 2994 alia
364 2929 534 3016 prebenda
551 2927 766 2994 Cameracen.
783 2929 924 2994 ecclesie
940 2927 1027 2993 sacta
1043 2928 1151 3010 fuerit,
1168 2929 1259 3013 quod
1273 2930 1451 3013 ignoratur,
1468 2949 1644 3015 perquam

279 3033 493 3117 contingeret
515 3033 623 3118 ipsum
646 3031 880 3096 Theobaldum
896 3053 917 3096 a
933 3052 994 3096 sno
1015 3032 1132 3097 ordine
1155 3032 1332 3113 immutari,
1348 3032 1428 3097 dum
1443 3042 1559 3099 tamen
1575 3053 1645 3098 non

282 3136 326 3199 sit
339 3135 434 3200 alteri
448 3137 502 3220 jus
518 3135 686 3219 quesitum
699 3158 707 3215 ;
725 3156 783 3200 seu
799 3135 890 3218 quod
913 3136 1002 3201 idem
1018 3135 1232 3201 Theobaldus
1247 3136 1328 3201 eccl.
1344 3137 1496 3222 parrocb.
1512 3137 1555 3202 de
1570 3135 1646 3220 Ore,

278 3259 322 3304 ac
346 3239 465 3324 capell.
482 3238 513 3303 S.
531 3237 717 3303 Katberine
739 3259 828 3304 nove
848 3239 948 3304 sitam
963 3239 997 3303 in
1013 3240 1095 3304 eccl.
1113 3239 1144 3304 S.
1162 3238 1257 3304 Britii
1272 3238 1470 3322 Tornacen,
1488 3241 1647 3307 Camera-

278 3363 357 3408 cen.
372 3342 476 3436 dioc,
486 3342 634 3408 noscitur
650 3343 811 3408 obtinere.
828 3384 871 3390 —
887 3341 965 3408 Fiat
982 3341 1023 3408 R.

326 3481 410 3542 682.
425 3474 512 3541 Item
529 3499 634 3565 supp,
648 3489 738 3564 quat.
752 3501 825 3546 can.
839 3491 873 3546 et
885 3484 977 3567 preb.
988 3482 1070 3547 eccl.
1083 3480 1243 3562 Melden,
1254 3503 1338 3566 quos
1350 3483 1419 3568 ipse
1431 3478 1647 3545 Theobaldus

277 3599 360 3644 cum
376 3578 533 3668 Philippo
548 3583 649 3648 fratre
665 3605 725 3649 suo
742 3584 785 3649 ad
801 3605 873 3650 can.
890 3593 925 3649 et
941 3587 1033 3672 preb.
1050 3587 1132 3651 eccl.
1160 3585 1191 3650 S.
1219 3584 1394 3671 Gaugerici
1418 3584 1646 3664 Cameracen.,

279 3685 413 3751 necnon
439 3695 474 3750 et
498 3687 634 3753 eosdem
660 3709 734 3754 can.
756 3697 791 3754 et
813 3692 905 3776 preb.
937 3691 1019 3755 eccl.
1036 3690 1067 3754 S.
1084 3689 1270 3774 Gangetici,
1295 3711 1379 3774 quos
1395 3709 1472 3755 cum
1488 3685 1590 3752 Petro
1604 3685 1648 3752 de

277 3785 415 3870 Meldis,
433 3792 682 3876 consanguineo
692 3814 762 3874 su0,
775 3792 818 3858 ad
829 3792 955 3859 dictam
968 3793 1086 3878 capell.
1100 3794 1131 3858 S.
1145 3793 1329 3859 Katberine
1341 3793 1503 3860 canonice
1515 3811 1647 3876 pennu-

276 3892 376 3974 tavit,
402 3893 529 3960 eisdem
552 3894 709 3982 Philippo
725 3905 759 3961 et
775 3896 887 3977 Petro,
903 3896 959 3980 qui
976 3897 1042 3961 alia
1059 3897 1287 3963 ecclesiastica
1303 3901 1380 3964 ben.
1395 3917 1464 3963 non
1480 3894 1646 3976 obtinent,

275 3995 464 4080 dignemini
491 4001 707 4081 confirmarc;
736 4021 804 4065 non
832 4003 989 4066 obstante
1014 4001 1040 4066 si
1067 4010 1103 4067 et
1128 3999 1218 4086 quod
1241 4002 1333 4068 dicta
1355 4004 1431 4067 ben.
1453 3999 1507 4064 vel
1530 4019 1647 4064 eorum

277 4100 426 4166 alterum
441 4102 508 4168 sint
523 4104 578 4168 vel
594 4104 716 4170 fuerint
732 4104 802 4169 sedi
819 4113 928 4189 apost.
945 4114 1123 4172 reservata.
1136 4145 1179 4155 -—
1196 4105 1273 4172 Fiat
1290 4105 1331 4172 R.

328 4203 416 4270 Item
431 4225 526 4292 supp.
543 4216 634 4292 quat.
650 4208 731 4274 dare
746 4208 930 4293 dignemini
946 4209 1029 4293 [ind
1044 4210 1078 4274 in
1094 4219 1157 4276 art.
1172 4209 1288 4296 mort]
1306 4247 1351 4262 —
1366 4209 1443 4275 Fiat
1462 4207 1505 4273 R.

327 4305 408 4374 Dat.
424 4329 479 4396 ap.
495 4307 744 4378 villamnovam
765 4331 800 4396 15
818 4311 885 4378 kal.
899 4313 993 4398 april.
1010 4320 1044 4378 a⁰
1061 4321 1104 4379 2⁰.
1120 4315 1170 4397 (4,
1189 4316 1278 4399 248).

336 4439 451 4525 683.
682 4545 685 4552 ¹
1335 4465 1603 4549 1344,18mors

325 4557 430 4644 Supp.
457 4557 577 4643 Guido,
598 4561 650 4628 tit.
675 4563 706 4630 S.
731 4563 856 4632 Cecilie
878 4570 988 4653 presb.
1008 4567 1108 4651 card,
1131 4578 1225 4653 quat.
1240 4567 1352 4636 eidem
1374 4568 1418 4635 de
1440 4568 1589 4654 prioratu
1604 4565 1648 4633 de

315 4730 344 4794 a)
361 4729 418 4780 (Μ.
430 4733 511 4788 Quod.

318 4883 341 4932 l.
353 4882 414 4931 Voir
426 4897 450 4932 n.
462 4885 517 4933 706.
528 4913 560 4920 -
572 4887 595 4934 2.
609 4885 742 4938 Clemenee
753 4889 785 4939 de
799 4889 918 4954 Hongrie,
931 4890 1026 4957 epouse
1036 4893 1069 4944 de
1080 4893 1158 4944 Iouis
1167 4893 1200 4954 X,
1211 4895 1248 4942 roi
1257 4893 1290 4944 de
1299 4891 1406 4953 Franoe,
1414 4887 1564 4941 daeeddeen
1575 4889 1647 4939 1³28.
