3650 5675
564 532 652 601 1349.
673 532 714 597 24
735 531 928 599 novembre-5
951 530 1114 599 decembre.
1466 536 1523 600 481

213 679 358 766 1849.
1126 714 1221 780 1399,
1238 716 1280 779 39
1297 698 1480 762 novembre.

202 802 304 888 Supp.
320 800 515 880 Ademarus,
532 800 583 864 tit.
600 798 632 864 S.
649 799 826 863 Anastasie
846 798 1008 884 presbiter
1023 798 1208 880 cardinalis,
1224 808 1315 883 quat.
1334 798 1525 887 [capellano

159 927 219 972 suo
235 903 454 971 commensali
478 901 627 979 Johanni
653 901 744 987 Pape
769 903 811 967 al.
836 901 879 966 de
904 900 1041 967 Casleto
1068 909 1087 983 ¹,
1111 901 1308 988 presbitero,
1333 904 1376 968 de
1400 924 1474 969 can.
1491 916 1525 969 et

159 1012 251 1095 preb.
277 1028 353 1073 cum
378 1007 615 1093 supplemento
642 1005 781 1071 ecclesie
807 1004 1009 1092 Trajecten,
1036 1026 1120 1089 quos
1138 1005 1305 1073 Hernicus
1328 1007 1370 1073 de
1385 1007 1525 1087 Jutfaes,

160 1113 308 1179 decanus
333 1110 482 1196 ejusdem
508 1109 659 1190 ecclesie,
684 1109 740 1192 qui
765 1130 871 1194 nuper
896 1117 991 1174 extra
1020 1109 1117 1175 Rom.
1145 1111 1270 1175 curiam
1293 1112 1383 1176 diem
1406 1112 1526 1178 clausit

159 1224 390 1295 extremum...
403 1214 588 1293 obtinebat,
601 1210 783 1297 dignemini
800 1210 994 1298 providere3
1010 1233 1080 1278 non
1096 1214 1182 1279 obst.
1195 1214 1285 1298 quod
1294 1215 1431 1300 paroch.
1442 1217 1525 1281 eccl.

158 1320 201 1386 de
231 1317 438 1403 Alinghetun
468 1314 617 1381 noscitur
643 1315 795 1411 obtinere
820 1323 855 1380 et
880 1315 970 1400 quod
996 1336 1057 1403 per
1083 1316 1115 1382 S.
1141 1314 1181 1382 V.
1206 1317 1248 1382 de
1276 1339 1349 1384 can.
1376 1326 1411 1383 et
1434 1322 1525 1405 preb.

158 1422 190 1488 S.
221 1420 410 1487 Donaciani
442 1418 630 1505 Brugensis‚
662 1416 849 1485 Tornacen.
880 1420 978 1501 dioc,
1005 1435 1041 1485 et
1070 1420 1112 1485 de
1145 1422 1334 1507 capellania
1365 1444 1390 1488 s.
1422 1445 1451 1489 c.
1482 1422 1524 1487 de

160 1522 390 1606 Hekelsbeka,
423 1520 590 1589 Morinen.
621 1522 718 1603 dioc,
749 1520 810 1588 sibi
842 1522 955 1588 extitit
990 1524 1172 1610 provisum,
1211 1526 1303 1611 cujus
1341 1526 1525 1612 capellanie

160 1628 404 1715 possessionem
421 1624 571 1692 nondum
587 1624 700 1690 extitit
715 1633 895 1691 assecutus.
918 1664 949 1673 -
971 1625 1048 1691 Fiat
1065 1625 1104 1692 R.

206 1732 284 1797 Dat.
300 1731 399 1796 Avin.
416 1732 434 1795 8
451 1728 518 1795 kal.
534 1730 607 1795 dec.
625 1736 659 1794 a⁰
676 1731 717 1794 8⁰.
736 1730 807 1813 (18,
825 1728 904 1813 88l).

216 1904 361 1989 1850.
502 1874 504 1877 Ι
1131 1936 1225 2003 1349,
1242 1940 1283 2001 24
1300 1918 1484 1983 novembre.

206 2022 371 2106 Dignetur
384 2021 416 2085 S.
433 2018 473 2085 V.
489 2020 625 2107 proprio
640 2028 736 2085 motu
758 2018 935 2105 providere
951 2020 985 2084 in
1001 2040 1181 2105 personam
1198 2018 1339 2087 Henrici
1354 2021 1396 2087 de
1413 2018 1528 2103 Bours,

163 2126 315 2191 familiari
353 2146 393 2190 ac
431 2124 582 2189 servitori
620 2122 789 2204 Johanne,
828 2122 971 2188 Francie
998 2132 1034 2189 et
1058 2123 1212 2191 Navarre
1237 2126 1361 2211 regine,
1389 2146 1529 2192 consan-

160 2230 284 2315 guineo
299 2248 360 2295 suo
376 2226 395 2305 J
399 2226 525 2293 ohanni
544 2226 710 2310 Fauqueti
722 2243 743 2308 ²,
760 2226 963 2293 Ambianen.
986 2228 1084 2309 dioc,
1108 2249 1195 2314 mag.
1220 2229 1254 2293 in
1282 2239 1344 2295 art.
1360 2236 1395 2293 et
1411 2229 1530 2304 scolari

160 2334 196 2398 in
213 2332 317 2398 theol.
333 2352 353 2398 a
369 2331 515 2416 quinque
531 2330 626 2397 annis
641 2339 676 2395 et
692 2330 789 2411 ultra,
807 2329 849 2395 de
865 2349 939 2396 can.
953 2338 988 2395 et
1003 2333 1095 2418 preb.
1108 2332 1140 2397 S.
1153 2331 1313 2398 Germani
1330 2330 1529 2413 Montensis,

164 2434 379 2501 Cameracen.
402 2434 499 2514 dioc,
525 2453 598 2499 vac.
614 2432 648 2498 in
673 2432 773 2499 Rom.
789 2434 879 2499 curia
895 2454 955 2519 per
970 2435 1025 2499 ob.
1042 2454 1128 2519 mag.
1144 2432 1164 2512 J
1167 2436 1263 2502 acobi
1280 2433 1322 2501 de
1338 2434 1426 2501 Villa
1436 2446 1457 2517 ³,
1474 2436 1529 2521 qui

165 2541 198 2606 in
215 2538 305 2607 dicta
321 2540 412 2606 curia
428 2539 518 2605 diem
534 2536 652 2603 clausit
675 2544 874 2603 extremum.
894 2576 938 2585 -
962 2534 1039 2602 Fiat
1055 2536 1095 2602 R.

209 2642 290 2709 Dat.
306 2644 406 2709 Avin.
424 2645 441 2708 8
458 2640 526 2707 kal.
542 2640 615 2707 dec.
632 2644 666 2704 a⁰
683 2642 725 2705 8⁰.
750 2640 821 2725 (18,
840 2638 908 2723 93).

220 2815 358 2899 1851.
1132 2844 1227 2912 1399,
1245 2847 1287 2909 25
1304 2825 1487 2893 novembre.

168 2953 171 2958 ·
210 2933 311 3020 Supp.
339 2932 528 2999 Bemardus
543 2932 585 2997 de
602 2929 770 3011 Nexonio,
796 2931 935 2996 clericus
959 2949 1090 2995 camere
1106 2930 1138 2996 S.
1153 2929 1192 2997 E.
1204 2945 1227 3013 ⁴,
1243 2939 1333 3015 quat.
1360 2931 1530 3018 [familiari
1599 2969 1602 2974 -

166 3057 227 3104 suo
242 3035 262 3115 J
266 3037 390 3102 ohanni
406 3037 499 3102 dicto
522 3037 553 3100 le
566 3033 723 3100 Flament
739 3034 781 3099 de
798 3033 942 3099 Lehuno
954 3043 976 3115 ⁵,
992 3033 1194 3121 presbitero]
1212 3034 1415 3102 Ambianen.
1431 3034 1529 3114 dioc,

166 3141 209 3206 de
224 3141 337 3224 aliquo
352 3141 428 3206 ben.
445 3140 487 3205 ad
502 3139 600 3204 coll...
617 3139 755 3224 capituli
767 3137 908 3205 ecclesie
925 3136 1131 3204 Noviomen.
1147 3138 1329 3223 dignemini
1345 3139 1530 3226 providere,

168 3263 238 3309 non
255 3247 341 3310 obst.
358 3244 448 3329 quod
464 3263 539 3308 can.
556 3245 615 3308 sub
628 3263 704 3328 exp.
717 3245 809 3329 preb.
827 3241 858 3307 S.
870 3241 1008 3307 Firmini
1024 3243 1226 3310 Ambianen.
1243 3250 1278 3307 et
1293 3242 1432 3328 paroch.
1448 3244 1531 3308 eccl.

167 3347 210 3413 de
227 3344 578 3428 Cormetis,Morinen.
589 3345 686 3426 dioc,
700 3365 841 3431 quorum
857 3344 1008 3412 nondum
1024 3354 1076 3411 est
1090 3346 1336 3432 possessionem
1351 3355 1531 3426 assecutus,

170 3451 320 3516 noscitur
335 3449 498 3530 obtinere,
514 3469 615 3533 quam
631 3449 809 3515 ecclesiam
824 3455 962 3535 paratus
977 3458 1029 3515 est
1044 3448 1224 3516 dimittere.
1239 3489 1282 3501 -
1300 3450 1376 3516 Fiat
1393 3451 1433 3516 R.

214 3554 292 3620 Dat.
308 3553 407 3618 Avin.
425 3571 443 3637 7
459 3551 526 3618 kal.
541 3553 615 3618 dec.
632 3559 665 3617 a⁰
681 3555 724 3618 8⁰.
742 3554 813 3638 (18,
828 3555 910 3638 93”)·

225 3725 364 3810 1852.
1160 3761 1256 3826 1399,
1271 3760 1292 3822 5
1308 3742 1487 3807 decernere.

213 3847 314 3932 Supp.
331 3844 452 3926 Guido,
468 3846 520 3911 tit.
537 3845 568 3912 S.
586 3845 710 3911 Cecilie
733 3845 896 3930 presbiter
919 3844 1106 3927 cardinalis,
1123 3854 1215 3929 quat.
1231 3865 1318 3928 mag.
1335 3843 1531 3909 Durandum

170 3947 299 4016 Girardi
315 3949 337 4030 ⁶,
353 3949 406 4015 lic.
422 3949 457 4014 in
470 3951 543 4034 leg,
555 3949 774 4014 camerarium
790 3969 896 4029 suum,
907 3949 942 4013 in
959 3949 1051 4014 omni
1064 3949 1137 4034 jure
1154 3957 1190 4013 et
1205 3949 1249 4014 ad
1263 3968 1364 4014 omne
1376 3948 1430 4033 jus
1441 3948 1532 4031 quod

171 4051 205 4119 N
208 4053 318 4120 icolao
327 4052 370 4118 de
383 4050 750 4138 Lucemburgo,[ipsius
765 4052 943 4119 cardinalis
958 4051 1113 4118 familiari
1129 4050 1289 4119 defuncto
1301 4051 1462 4139 ⁷],mortis
1473 4073 1531 4118 sue

171 4165 324 4242 tempore
339 4155 373 4219 in
389 4175 463 4221 can.
479 4164 515 4221 et
529 4158 621 4241 preb.
649 4156 789 4222 ecclesie
814 4155 986 4236 Leodien,
1002 4176 1064 4241 pro
1080 4156 1198 4239 quibus
1214 4155 1303 4220 idem
1319 4153 1481 4221 Nicolaus
1497 4157 1531 4221 in
1583 4208 1591 4226 .

171 4267 285 4325 vestro
299 4278 394 4325 sacro
410 4279 584 4324 causarum
600 4259 725 4345 palatio
741 4279 854 4326 coram
870 4259 973 4345 ipsius
987 4259 1104 4344 palatii
1121 4259 1326 4325 auditoribus
1342 4279 1400 4324 sue
1415 4261 1532 4326 mortis

171 4371 326 4450 tempore
337 4363 499 4447 litigabat,
515 4381 648 4429 necnon
665 4363 749 4428 etin
765 4365 837 4448 ipsa
859 4362 919 4427 lite
942 4362 1124 4446 dignemini
1149 4365 1337 4447 subrogare,
1353 4383 1421 4428 non
1446 4364 1531 4429 obst.

173 4465 263 4550 quod
287 4465 377 4531 idem
402 4466 614 4552 D(urandus)
640 4487 715 4534 can.
732 4474 766 4531 et
781 4467 873 4552 preb.
896 4474 932 4531 et
954 4467 1156 4531 decanatum
1173 4467 1206 4530 in
1224 4465 1390 4548 Enaniaci,
1419 4467 1532 4533 Claro-

172 4577 312 4635 monten
328 4569 426 4651 dioc,
444 4589 518 4636 can.
535 4579 570 4636 et
585 4573 677 4657 preb.
691 4569 723 4636 S.
732 4569 917 4635 Audomari
932 4569 967 4634 in
983 4569 1014 4635 S.
1026 4569 1233 4651 Audomaro,
1250 4569 1417 4637 Morinen.
1435 4572 1532 4653 dioc,

209 4821 230 4868 l.
248 4819 310 4867 Voir
327 4834 351 4867 n.
370 4819 449 4876 15783
470 4818 561 4878 Brom,
575 4817 648 4867 Brut.
665 4818 776 4882 f‘rnjerf,
790 4835 815 4867 n.
828 4820 940 4868 1291),-
951 4819 1047 4868 nvoir
1058 4834 1083 4868 n.
1096 4820 1210 4869 11111-
1221 4821 1243 4868 3.
1255 4821 1318 4868 Voir
1329 4835 1354 4868 n.
1369 4822 1432 4879 137;
1450 4821 1532 4881 Vidul,

174 4907 200 4942 11.
212 4895 283 4942 5012.
295 4917 328 4928 —
344 4893 367 4941 l.
380 4893 442 4940 Voir
454 4906 478 4941 11.
493 4893 563 4942 1501.
579 4917 612 4928 -
629 4895 651 4941 5.
663 4893 726 4940 Voir
742 4905 767 4942 n.
787 4894 857 4942 1505.
869 4919 901 4928 -
919 4893 1016 4942 6.1Ῑοί1
1032 4907 1058 4942 n.
1076 4893 1130 4953 934,
1149 4895 1215 4952 9883
1235 4893 1333 4954 Kirsch,
1347 4893 1422 4956 Koll,
1436 4897 1491 4944 279.
1502 4922 1534 4930 -

177 4969 200 5016 7.
211 4965 274 5014 Voir
285 4981 311 5014 n.
330 4967 377 5013 613
390 4981 396 5022 ;
409 4964 509 5025 Kirsch,
524 4963 600 5026 Koll,
614 4968 667 5026 171,
683 4967 735 5027 191,
748 4969 803 5027 215,
815 4967 870 5026 ete,
884 4967 939 5017 271.

227 5055 290 5097 Auel.
301 5055 352 5097 Vct.
362 5053 423 5104 aug.
1463 5071 1486 5110 3¹
