3650 5675
259 198 319 265 872
544 198 566 261 1.
589 219 629 245 —
644 197 742 262 ¹Index
762 194 915 261 nominum
937 209 1129 271 personarum
1151 201 1181 261 ot
1202 197 1342 263 locorum.

259 359 364 419 Petrus
378 360 417 418 de
432 359 538 418 Croco.
790 371 792 374 ·

259 458 364 516 Petrus
378 457 416 517 de
431 454 606 535 Cuigneriis.
651 460 665 513 .“

258 554 363 613 Petrus
378 554 416 614 de
434 555 598 631 Damouzy.
617 579 628 583 ··

257 651 362 711 Petrus
376 652 414 710 de
430 652 618 712 Dedechem.
679 703 683 712 .

257 749 362 809 Petrus
376 750 415 808 de
431 749 519 809 Dielf.

258 847 363 907 Petrus
378 847 417 905 de
433 845 597 907 Dionanto.
634 873 636 876 ·

257 944 361 1002 Petrus
376 944 414 1003 de
430 944 558 1003 Dohem.

256 1042 361 1101 Petrus
375 1042 414 1100 de
429 1043 534 1101 Duras.

257 1140 361 1200 Petrus
376 1140 414 1199 de
431 1141 519 1198 Esne.

256 1238 360 1298 Petrus
374 1240 413 1298 de
428 1237 575 1298 Ferreriis.

256 1335 360 1395 Petrus
374 1337 413 1396 de
428 1334 588 1396 Flesseriis.
677 1346 680 1349 ’

256 1435 361 1493 Petrus
376 1436 415 1494 de
431 1436 560 1495 Foresta.

257 1532 361 1591 Petrus
378 1534 416 1592 de
433 1532 565 1591 Fossina.
600 1586 604 1595 .

255 1626 357 1692 Petrus
371 1630 410 1689 de
425 1631 533 1688 Fumo.
590 1683 594 1687 n

255 1728 361 1787 Petrus
375 1728 414 1787 de
430 1727 583 1786 Gandavo.

255 1828 360 1887 Petrus
374 1830 413 1888 de
427 1825 555 1888 Gedino.
635 1829 639 1835 ’

255 1930 360 1989 Petrus
375 1930 414 1990 de
428 1928 571 1991 Gironda.

254 2032 360 2090 Petrus
374 2032 413 2091 de
427 2032 571 2108 Gracey0.

256 2133 361 2191 Petrus
376 2133 415 2192 de
431 2134 619 2209 Hangnesto.

255 2217 359 2294 lsetrus
373 2236 412 2295 de
428 2236 563 2296 Hanuto.
661 2243 664 2246 ’

260 2338 364 2425 Petrus
379 2340 418 2398 de
433 2340 530 2415 Haye.

256 2442 361 2500 Petrus
375 2442 414 2501 de
427 2443 562 2518 Jusseyo.

255 2544 360 2604 Petrus
374 2546 413 2604 de
429 2546 596 2605 Kemmele.

257 2647 361 2707 Petrus
376 2648 414 2707 de
430 2646 587 2723 Kirperch.
639 2658 642 2662 ’

255 2747 359 2806 Petrus
373 2746 412 2807 de
427 2738 626 2824 Lamaynadn

255 2850 360 2908 Petrus
375 2850 413 2909 de
427 2850 548 2909 Laubel.
640 2855 644 2862 '

255 2951 360 3010 Petrus
375 2951 424 3010 del
439 2951 608 3012 Eschamel.

257 3053 362 3113 Petrus
375 3054 415 3113 de
430 3053 562 3130 Leyden.

256 3153 361 3216 Petrus
377 3156 416 3216 de
432 3156 536 3233 longa
549 3148 641 3235 aquas

256 3254 361 3312 Petrus
375 3254 415 3313 de
432 3253 561 3313 Lnbeca.

256 3351 360 3410 Petrus
375 3351 414 3410 de
430 3351 592 3428 Lupisaltn.
625 3355 628 3360 ’

258 3446 362 3506 Petrus
376 3448 415 3507 de
430 3447 566 3508 Machiis.
624 3439 627 3444 ¹

258 3544 362 3604 Petrus
377 3545 416 3604 de
431 3546 592 3605 Manhaco.

257 3642 363 3701 Petrus
379 3643 418 3702 de
435 3642 644 3705 Marchineles.

258 3739 363 3799 Petrus
377 3741 416 3800 de
432 3740 529 3800 Manli.

258 3837 363 3897 Petrus
377 3838 417 3897 de
432 3837 652 3900 Mediomonte.
681 3826 686 3830 ”

257 3936 362 3995 Petrus
377 3936 416 3996 de
431 3935 551 3997 Meldis.
650 3963 659 3976 ·

257 4036 362 4095 Petrus
377 4036 416 4095 de
432 4035 591 4096 Meretino.

258 4134 363 4194 Petrus
380 4133 419 4192 de
435 4133 623 4194 Molendino.

258 4230 363 4289 Petrus
378 4230 417 4289 de
434 4231 607 4291 Montaneo.
704 4245 707 4249 ’

258 4330 364 4388 Petrus
379 4329 417 4388 de
433 4328 642 4389 Mortuomari.

258 4428 363 4488 Petrus
377 4427 416 4486 de
432 4428 527 4487 Moto.

257 4525 362 4585 Petrus
376 4525 415 4584 de
430 4525 562 4601 Negella.
624 4546 626 4549 ·

257 4624 361 4683 Petrus
376 4623 415 4682 de
430 4621 552 4684 Officiis

967 356 1071 415 Petrus
1086 356 1125 418 de
1140 358 1282 420 Omonte.

966 454 1070 513 Petrus
1084 456 1123 517 de
1138 456 1277 517 Ovencis.

967 554 1073 613 Petrus
1087 554 1127 615 de
1141 556 1253 615 Palma.

966 653 1071 712 Petrus
1086 654 1125 713 de
1140 654 1321 731 Peparescis.

966 751 1070 811 Petrus
1085 752 1124 812 de
1139 752 1358 813 Petrabufleria.

967 850 1069 909 Petrus
1084 851 1122 909 de
1137 849 1274 928 Pipemo.

966 948 1072 1007 Petrus
1088 950 1126 1009 de
1144 951 1264 1026 Poget0.

966 1046 1070 1105 Petrus
1084 1047 1123 1106 de
1139 1047 1241 1107 Pratis.

965 1144 1070 1204 Petrus
1085 1146 1124 1205 de
1139 1145 1324 1211 Probavilla:

965 1243 1071 1303 Petrus
1085 1245 1124 1304 de
1139 1245 1268 1320 Quercu.

966 1342 1069 1401 Petrus
1083 1344 1122 1403 de
1139 1343 1286 1403 Resbaco.

965 1439 1069 1499 Petrus
1083 1440 1122 1500 de
1137 1440 1323 1502 Riederbart.

967 1538 1068 1598 Petrus
1083 1540 1121 1599 de
1137 1539 1223 1599 Rivo.

963 1637 1067 1694 Petrus
1081 1636 1120 1696 de
1135 1637 1267 1709 Roseria.

964 1736 1068 1793 Petrus
1082 1736 1121 1795 de
1137 1735 1278 1796 Rollario.

964 1834 1068 1892 Petrus
1083 1835 1122 1893 de
1137 1836 1340 1896 Ruremonde.

965 1931 1069 1989 Petrus
1084 1932 1123 1990 de
1137 1932 1165 1989 S.
1184 1932 1340 1992 Fusciano.
1372 1918 1373 1921 Ἴ

965 2032 1071 2091 Petrus
1085 2033 1124 2093 de
1139 2033 1167 2092 S.
1186 2033 1324 2094 Martiale

966 2130 1071 2189 Petrus
1085 2132 1124 2191 de
1140 2132 1168 2191 S.
1185 2132 1284 2209 Oyn0.

966 2233 1070 2291 Petrus
1086 2234 1124 2292 de
1140 2234 1169 2293 S.
1186 2236 1288 2298 Paulo.

966 2334 1070 2393 Petrus
1085 2336 1124 2394 de
1139 2336 1166 2395 S.
1185 2338 1327 2397 Romano

965 2436 1070 2493 Petrus
1085 2436 1124 2495 de
1139 2436 1279 2497 Sarcone.

966 2536 1070 2595 Petrus
1085 2536 1124 2595 de
1140 2536 1315 2598 Savinhaco.

966 2638 1073 2696 Petrus
1086 2638 1125 2697 de
1140 2639 1274 2699 Senone.

966 2735 1071 2794 Petrus
1086 2736 1125 2795 de
1140 2734 1229 2796 Sitiis.

967 2833 1071 2893 Petrus
1085 2834 1124 2894 de
1139 2833 1268 2895 Stirlant.
1332 2819 1334 2823 ¹

967 2933 1072 2991 Petrus
1086 2933 1125 2992 de
1140 2932 1322 2992 Suanicuria.

937 3006 939 3129 fl
966 3032 1069 3089 Petrus
1084 3030 1123 3089 de
1137 3030 1281 3091 Tosectis.

937 3121 946 3247 >¹
967 3130 1069 3190 Petrus
1084 3131 1123 3190 de
1137 3132 1284 3206 Trajecto.

966 3232 1070 3290 Petrus
1085 3233 1125 3292 de
1140 3232 1241 3293 Ulmo.

966 3330 1070 3388 Petrus
1083 3330 1123 3389 de
1136 3329 1313 3390 Valerianis.

965 3432 1070 3512 Petrus
1084 3431 1124 3491 de
1137 3429 1385 3491 Vallemontonis.

966 3533 1070 3592 Petrus
1084 3533 1123 3592 de
1138 3531 1281 3593 Vallibus.

968 3637 1069 3695 Petrus
1084 3636 1123 3695 de
1137 3635 1287 3695 Verberia.

964 3737 1069 3795 Petrus
1083 3737 1121 3796 de
1135 3737 1313 3798 Veterivilla.

964 3838 1069 3897 Petrus
1084 3839 1123 3898 de
1136 3837 1231 3898 Viers.

966 3941 1067 3999 Petrus
1082 3941 1121 4000 de
1136 3939 1269 4000 Vissaco.

963 4039 1067 4097 Petrus
1081 4039 1120 4098 de
1135 4039 1191 4116 Vy.

936 4136 939 4209 l
962 4136 1067 4194 Petrus
1082 4137 1121 4196 de
1137 4137 1261 4197 Waben.

936 4270 938 4323 Α
962 4234 1066 4292 Petrus
1081 4235 1119 4294 de
1134 4233 1354 4294 Wanlaineurin

936 4342 938 4421 l
961 4331 1065 4390 Petrus
1080 4332 1119 4392 de
1133 4331 1261 4410 Wargni.

935 4448 938 4525 4
963 4430 1066 4488 Petrus
1081 4430 1120 4489 de
1135 4430 1430 4491 Wascomolendino.

961 4527 1066 4586 Petrus
1081 4528 1121 4588 de
1134 4529 1270 4605 Ypelare.

964 4625 1068 4684 Petrus
1082 4626 1121 4685 de
1136 4623 1316 4686 Zinnebeke.
