<?xml version="1.0" encoding="UTF-8"?>
<!DOCTYPE html PUBLIC "-//W3C//DTD XHTML 1.0 Transitional//EN"
    "http://www.w3.org/TR/xhtml1/DTD/xhtml1-transitional.dtd">
<html xmlns="http://www.w3.org/1999/xhtml" xml:lang="en" lang="en">
 <head>
  <title>
</title>
<meta http-equiv="Content-Type" content="text/html;charset=utf-8" />
  <meta name='ocr-system' content='tesseract 3.04.00' />
  <meta name='ocr-capabilities' content='ocr_page ocr_carea ocr_par ocr_line ocrx_word'/>
</head>
<body>
  <div class='ocr_page' id='page_1' title='image "./suppliquesdeclm00berlgoog_0163.png"; bbox 0 0 3650 5675; ppageno 0'>
   <div class='ocr_carea' id='block_1_1' title="bbox 265 533 1080 624">
    <p class='ocr_par' dir='ltr' id='par_1_1' title="bbox 265 533 1080 624">
     <span class='ocr_line' id='line_1_1' title="bbox 265 533 1080 624; baseline 0 -22"><span class='ocrx_word' id='word_1_1' title='bbox 265 533 322 602; x_wconf 80' lang='grc'>’118</span> <span class='ocrx_word' id='word_1_2' title='bbox 716 619 720 624; x_wconf 85' lang='lat'><strong>.</strong></span> <span class='ocrx_word' id='word_1_3' title='bbox 770 590 773 596; x_wconf 92' lang='lat'><strong>.</strong></span> <span class='ocrx_word' id='word_1_4' title='bbox 805 535 895 615; x_wconf 83' lang='grc'>1343,</span> <span class='ocrx_word' id='word_1_5' title='bbox 921 535 941 600; x_wconf 86' lang='grc'>6</span> <span class='ocrx_word' id='word_1_6' title='bbox 962 535 1080 602; x_wconf 80' lang='lat' dir='ltr'><strong>octobre</strong></span> 
     </span>
    </p>
   </div>
   <div class='ocr_carea' id='block_1_2' title="bbox 275 685 1626 880">
    <p class='ocr_par' dir='ltr' id='par_1_2' title="bbox 275 685 1626 880">
     <span class='ocr_line' id='line_1_2' title="bbox 315 685 1626 775; baseline 0.002 -24"><span class='ocrx_word' id='word_1_7' title='bbox 315 690 400 751; x_wconf 87' lang='lat'><strong>522.</strong></span> <span class='ocrx_word' id='word_1_8' title='bbox 425 687 521 767; x_wconf 85' lang='lat' dir='ltr'><strong>Item,</strong></span> <span class='ocrx_word' id='word_1_9' title='bbox 538 685 667 764; x_wconf 91' lang='lat' dir='ltr'><strong>Jacobo</strong></span> <span class='ocrx_word' id='word_1_10' title='bbox 683 687 800 775; x_wconf 85' lang='lat' dir='ltr'><strong>Vulpis</strong></span> <span class='ocrx_word' id='word_1_11' title='bbox 815 687 857 754; x_wconf 91' lang='lat' dir='ltr'><strong>de</strong></span> <span class='ocrx_word' id='word_1_12' title='bbox 873 686 1046 769; x_wconf 86' lang='lat' dir='ltr'><strong>Gandavo,</strong></span> <span class='ocrx_word' id='word_1_13' title='bbox 1063 685 1250 755; x_wconf 90' lang='lat' dir='ltr'><strong>Tomacen.</strong></span> <span class='ocrx_word' id='word_1_14' title='bbox 1267 687 1364 770; x_wconf 73' lang='lat' dir='ltr'><strong>dioc,</strong></span> <span class='ocrx_word' id='word_1_15' title='bbox 1389 709 1475 774; x_wconf 84' lang='lat' dir='ltr'><strong>mag.</strong></span> <span class='ocrx_word' id='word_1_16' title='bbox 1496 687 1530 754; x_wconf 94' lang='lat' dir='ltr'><strong>in</strong></span> <span class='ocrx_word' id='word_1_17' title='bbox 1554 695 1626 770; x_wconf 77' lang='lat' dir='ltr'><strong>art,</strong></span> 
     </span>
     <span class='ocr_line' id='line_1_3' title="bbox 275 790 1039 880; baseline 0.003 -24"><span class='ocrx_word' id='word_1_18' title='bbox 275 790 352 878; x_wconf 91' lang='lat' dir='ltr'><strong>[pro</strong></span> <span class='ocrx_word' id='word_1_19' title='bbox 367 791 434 858; x_wconf 85' lang='lat' dir='ltr'><strong>ind.</strong></span> <span class='ocrx_word' id='word_1_20' title='bbox 450 792 483 856; x_wconf 92' lang='lat' dir='ltr'><strong>in</strong></span> <span class='ocrx_word' id='word_1_21' title='bbox 499 801 559 859; x_wconf 89' lang='lat' dir='ltr'><strong>art.</strong></span> <span class='ocrx_word' id='word_1_22' title='bbox 575 793 690 880; x_wconf 78' lang='lat' dir='ltr'><strong>mort]</strong></span> <span class='ocrx_word' id='word_1_23' title='bbox 715 831 747 842; x_wconf 90' lang='lat'><em>—</em></span> <span class='ocrx_word' id='word_1_24' title='bbox 768 793 844 858; x_wconf 87' lang='lat' dir='ltr'><strong>Fiat</strong></span> <span class='ocrx_word' id='word_1_25' title='bbox 861 791 900 858; x_wconf 93' lang='lat' dir='ltr'><strong>R.</strong></span> <span class='ocrx_word' id='word_1_26' title='bbox 1035 807 1039 810; x_wconf 82' lang='grc'><strong><em>·</em></strong></span> 
     </span>
    </p>
   </div>
   <div class='ocr_carea' id='block_1_3' title="bbox 245 928 1632 1622">
    <p class='ocr_par' dir='ltr' id='par_1_3' title="bbox 245 928 1632 1622">
     <span class='ocr_line' id='line_1_4' title="bbox 245 928 1629 1018; baseline 0.004 -25"><span class='ocrx_word' id='word_1_27' title='bbox 245 996 248 1003; x_wconf 73' lang='grc'>,</span> <span class='ocrx_word' id='word_1_28' title='bbox 316 932 397 993; x_wconf 86' lang='grc'><strong>523.</strong></span> <span class='ocrx_word' id='word_1_29' title='bbox 416 928 512 1011; x_wconf 86' lang='lat' dir='ltr'>Item,</span> <span class='ocrx_word' id='word_1_30' title='bbox 528 930 675 1009; x_wconf 90' lang='lat' dir='ltr'><strong>Johanui</strong></span> <span class='ocrx_word' id='word_1_31' title='bbox 699 932 741 998; x_wconf 93' lang='lat' dir='ltr'><strong>de</strong></span> <span class='ocrx_word' id='word_1_32' title='bbox 768 931 865 1013; x_wconf 90' lang='lat' dir='ltr'><strong>Ysca,</strong></span> <span class='ocrx_word' id='word_1_33' title='bbox 894 931 1053 999; x_wconf 91' lang='lat' dir='ltr'><strong>Leodien.</strong></span> <span class='ocrx_word' id='word_1_34' title='bbox 1070 933 1167 1014; x_wconf 76' lang='lat' dir='ltr'><strong>dioc,</strong></span> <span class='ocrx_word' id='word_1_35' title='bbox 1196 955 1281 1018; x_wconf 89' lang='lat' dir='ltr'><strong>mag.</strong></span> <span class='ocrx_word' id='word_1_36' title='bbox 1299 933 1332 998; x_wconf 92' lang='lat' dir='ltr'><strong>in</strong></span> <span class='ocrx_word' id='word_1_37' title='bbox 1347 941 1420 1014; x_wconf 79' lang='lat' dir='ltr'><strong>art,</strong></span> <span class='ocrx_word' id='word_1_38' title='bbox 1436 934 1478 999; x_wconf 93' lang='lat' dir='ltr'><strong>de</strong></span> <span class='ocrx_word' id='word_1_39' title='bbox 1499 953 1572 999; x_wconf 89' lang='lat' dir='ltr'><strong>can.</strong></span> <span class='ocrx_word' id='word_1_40' title='bbox 1596 939 1629 998; x_wconf 90' lang='lat' dir='ltr'><strong>et</strong></span> 
     </span>
     <span class='ocr_line' id='line_1_5' title="bbox 273 1034 1631 1124; baseline 0.003 -28"><span class='ocrx_word' id='word_1_41' title='bbox 273 1034 365 1118; x_wconf 89' lang='lat' dir='ltr'><strong>preb.</strong></span> <span class='ocrx_word' id='word_1_42' title='bbox 382 1036 462 1099; x_wconf 91' lang='lat' dir='ltr'><strong>eccl.</strong></span> <span class='ocrx_word' id='word_1_43' title='bbox 479 1035 510 1100; x_wconf 88' lang='lat' dir='ltr'><strong>S.</strong></span> <span class='ocrx_word' id='word_1_44' title='bbox 527 1035 755 1103; x_wconf 84' lang='lat' dir='ltr'><strong>Bartholomei</strong></span> <span class='ocrx_word' id='word_1_45' title='bbox 772 1037 943 1117; x_wconf 69' lang='lat' dir='ltr'><strong>Leodien,</strong></span> <span class='ocrx_word' id='word_1_46' title='bbox 960 1058 1028 1103; x_wconf 91' lang='lat' dir='ltr'><strong>non</strong></span> <span class='ocrx_word' id='word_1_47' title='bbox 1056 1039 1141 1102; x_wconf 89' lang='lat' dir='ltr'><strong>obst.</strong></span> <span class='ocrx_word' id='word_1_48' title='bbox 1157 1058 1204 1122; x_wconf 88' lang='lat' dir='ltr'><strong>gr.</strong></span> <span class='ocrx_word' id='word_1_49' title='bbox 1229 1037 1374 1122; x_wconf 90' lang='lat' dir='ltr'><strong>generali</strong></span> <span class='ocrx_word' id='word_1_50' title='bbox 1391 1038 1451 1104; x_wconf 93' lang='lat' dir='ltr'><strong>sibi</strong></span> <span class='ocrx_word' id='word_1_51' title='bbox 1469 1038 1557 1104; x_wconf 85' lang='lat' dir='ltr'><strong>facta</strong></span> <span class='ocrx_word' id='word_1_52' title='bbox 1572 1057 1631 1124; x_wconf 90' lang='lat' dir='ltr'><strong>per</strong></span> 
     </span>
     <span class='ocr_line' id='line_1_6' title="bbox 274 1136 1629 1225; baseline 0.004 -24"><span class='ocrx_word' id='word_1_53' title='bbox 274 1137 305 1202; x_wconf 90' lang='lat' dir='ltr'><strong>S.</strong></span> <span class='ocrx_word' id='word_1_54' title='bbox 318 1136 357 1202; x_wconf 94' lang='lat' dir='ltr'><strong>V.</strong></span> <span class='ocrx_word' id='word_1_55' title='bbox 373 1138 415 1203; x_wconf 93' lang='lat' dir='ltr'><strong>ad</strong></span> <span class='ocrx_word' id='word_1_56' title='bbox 431 1141 538 1205; x_wconf 71' lang='lat' dir='ltr'><strong>coll...</strong></span> <span class='ocrx_word' id='word_1_57' title='bbox 563 1142 638 1207; x_wconf 75' lang='lat' dir='ltr'><strong>abb.</strong></span> <span class='ocrx_word' id='word_1_58' title='bbox 654 1151 688 1207; x_wconf 90' lang='lat' dir='ltr'><strong>et</strong></span> <span class='ocrx_word' id='word_1_59' title='bbox 705 1163 802 1207; x_wconf 86' lang='lat' dir='ltr'><strong>conv.</strong></span> <span class='ocrx_word' id='word_1_60' title='bbox 819 1141 1010 1207; x_wconf 90' lang='lat' dir='ltr'><strong>monasterii</strong></span> <span class='ocrx_word' id='word_1_61' title='bbox 1029 1141 1059 1207; x_wconf 91' lang='lat' dir='ltr'><strong>S.</strong></span> <span class='ocrx_word' id='word_1_62' title='bbox 1086 1141 1267 1223; x_wconf 91' lang='lat' dir='ltr'><strong>Laurentii,</strong></span> <span class='ocrx_word' id='word_1_63' title='bbox 1285 1141 1326 1208; x_wconf 94' lang='lat' dir='ltr'><strong>O.</strong></span> <span class='ocrx_word' id='word_1_64' title='bbox 1343 1141 1374 1207; x_wconf 90' lang='lat' dir='ltr'><strong>S.</strong></span> <span class='ocrx_word' id='word_1_65' title='bbox 1398 1141 1447 1225; x_wconf 81' lang='grc' dir='ltr'><strong>Β,</strong></span> <span class='ocrx_word' id='word_1_66' title='bbox 1472 1142 1629 1210; x_wconf 87' lang='lat' dir='ltr'><strong>Leodien.</strong></span> 
     </span>
     <span class='ocr_line' id='line_1_7' title="bbox 274 1239 1630 1332; baseline 0.004 -27"><span class='ocrx_word' id='word_1_67' title='bbox 274 1239 371 1320; x_wconf 75' lang='lat' dir='ltr'><strong>dioc,</strong></span> <span class='ocrx_word' id='word_1_68' title='bbox 388 1244 610 1309; x_wconf 91' lang='lat' dir='ltr'><strong>communiter</strong></span> <span class='ocrx_word' id='word_1_69' title='bbox 625 1247 679 1310; x_wconf 91' lang='lat' dir='ltr'><strong>vel</strong></span> <span class='ocrx_word' id='word_1_70' title='bbox 695 1245 837 1325; x_wconf 70' lang='lat' dir='ltr'><strong>divisim,</strong></span> <span class='ocrx_word' id='word_1_71' title='bbox 854 1245 895 1310; x_wconf 89' lang='lat' dir='ltr'><strong>de</strong></span> <span class='ocrx_word' id='word_1_72' title='bbox 911 1266 977 1330; x_wconf 88' lang='lat' dir='ltr'><strong>qua</strong></span> <span class='ocrx_word' id='word_1_73' title='bbox 1003 1265 1049 1330; x_wconf 90' lang='lat' dir='ltr'><strong>gr.</strong></span> <span class='ocrx_word' id='word_1_74' title='bbox 1065 1247 1194 1311; x_wconf 92' lang='lat' dir='ltr'><strong>nullum</strong></span> <span class='ocrx_word' id='word_1_75' title='bbox 1210 1245 1355 1312; x_wconf 87' lang='lat' dir='ltr'><strong>fructum</strong></span> <span class='ocrx_word' id='word_1_76' title='bbox 1372 1257 1483 1332; x_wconf 86' lang='lat' dir='ltr'>sperat</span> <span class='ocrx_word' id='word_1_77' title='bbox 1499 1247 1630 1326; x_wconf 90' lang='lat' dir='ltr'><strong>habere,</strong></span> 
     </span>
     <span class='ocr_line' id='line_1_8' title="bbox 275 1347 1630 1437; baseline 0.002 -26"><span class='ocrx_word' id='word_1_78' title='bbox 275 1366 353 1411; x_wconf 92' lang='lat' dir='ltr'><strong>cum</strong></span> <span class='ocrx_word' id='word_1_79' title='bbox 367 1347 530 1413; x_wconf 88' lang='lat' dir='ltr'><strong>beneficia</strong></span> <span class='ocrx_word' id='word_1_80' title='bbox 545 1349 578 1413; x_wconf 92' lang='lat' dir='ltr'><strong>in</strong></span> <span class='ocrx_word' id='word_1_81' title='bbox 594 1349 710 1416; x_wconf 88' lang='lat' dir='ltr'><strong>eadem</strong></span> <span class='ocrx_word' id='word_1_82' title='bbox 727 1350 960 1416; x_wconf 86' lang='lat' dir='ltr'><strong>collvacantia</strong></span> <span class='ocrx_word' id='word_1_83' title='bbox 975 1371 1035 1436; x_wconf 89' lang='lat' dir='ltr'><strong>per</strong></span> <span class='ocrx_word' id='word_1_84' title='bbox 1050 1359 1299 1437; x_wconf 89' lang='lat' dir='ltr'><strong>procuratorem</strong></span> <span class='ocrx_word' id='word_1_85' title='bbox 1316 1351 1491 1416; x_wconf 87' lang='lat' dir='ltr'><strong>cardinalis</strong></span> <span class='ocrx_word' id='word_1_86' title='bbox 1507 1350 1630 1417; x_wconf 87' lang='lat' dir='ltr'>ibidem</span> 
     </span>
     <span class='ocr_line' id='line_1_9' title="bbox 276 1449 1632 1540; baseline 0.002 -26"><span class='ocrx_word' id='word_1_87' title='bbox 276 1449 431 1534; x_wconf 82' lang='lat' dir='ltr'><strong>assignati</strong></span> <span class='ocrx_word' id='word_1_88' title='bbox 447 1459 673 1538; x_wconf 86' lang='lat' dir='ltr'>acceptentur,</span> <span class='ocrx_word' id='word_1_89' title='bbox 689 1453 870 1538; x_wconf 85' lang='lat' dir='ltr'><strong>dignemini</strong></span> <span class='ocrx_word' id='word_1_90' title='bbox 886 1452 1083 1538; x_wconf 82' lang='lat' dir='ltr'><strong>providere3</strong></span> <span class='ocrx_word' id='word_1_91' title='bbox 1101 1455 1153 1520; x_wconf 92' lang='lat' dir='ltr'><strong>cui</strong></span> <span class='ocrx_word' id='word_1_92' title='bbox 1169 1455 1274 1539; x_wconf 86' lang='lat' dir='ltr'><strong>gratie</strong></span> <span class='ocrx_word' id='word_1_93' title='bbox 1285 1462 1421 1540; x_wconf 90' lang='lat' dir='ltr'><strong>paratus</strong></span> <span class='ocrx_word' id='word_1_94' title='bbox 1437 1462 1487 1520; x_wconf 87' lang='lat' dir='ltr'><strong>est</strong></span> <span class='ocrx_word' id='word_1_95' title='bbox 1511 1474 1632 1519; x_wconf 92' lang='lat' dir='ltr'><strong>renun-</strong></span> 
     </span>
     <span class='ocr_line' id='line_1_10' title="bbox 276 1553 573 1622; baseline 0.007 -2"><span class='ocrx_word' id='word_1_96' title='bbox 276 1554 370 1620; x_wconf 92' lang='lat' dir='ltr'><strong>tiare.</strong></span> <span class='ocrx_word' id='word_1_97' title='bbox 393 1594 419 1603; x_wconf 98' lang='lat'>-</span> <span class='ocrx_word' id='word_1_98' title='bbox 441 1553 517 1621; x_wconf 88' lang='lat' dir='ltr'><strong>Fiat</strong></span> <span class='ocrx_word' id='word_1_99' title='bbox 533 1555 573 1622; x_wconf 91' lang='lat' dir='ltr'><strong>R.</strong></span> 
     </span>
    </p>
   </div>
   <div class='ocr_carea' id='block_1_4' title="bbox 278 1691 1634 2407">
    <p class='ocr_par' dir='ltr' id='par_1_4' title="bbox 278 1691 1634 2407">
     <span class='ocr_line' id='line_1_11' title="bbox 322 1691 1632 1782; baseline 0.001 -23"><span class='ocrx_word' id='word_1_100' title='bbox 322 1698 408 1759; x_wconf 83' lang='lat'><strong>524.</strong></span> <span class='ocrx_word' id='word_1_101' title='bbox 426 1691 523 1774; x_wconf 84' lang='lat' dir='ltr'>Item,</span> <span class='ocrx_word' id='word_1_102' title='bbox 540 1693 721 1763; x_wconf 90' lang='lat' dir='ltr'><strong>Lamberto</strong></span> <span class='ocrx_word' id='word_1_103' title='bbox 736 1697 778 1763; x_wconf 93' lang='lat' dir='ltr'><strong>de</strong></span> <span class='ocrx_word' id='word_1_104' title='bbox 794 1695 972 1762; x_wconf 89' lang='lat' dir='ltr'><strong>Hostende</strong></span> <span class='ocrx_word' id='word_1_105' title='bbox 988 1706 1007 1778; x_wconf 91' lang='lat'><strong>¹,</strong></span> <span class='ocrx_word' id='word_1_106' title='bbox 1024 1697 1075 1762; x_wconf 92' lang='lat' dir='ltr'><strong>cui</strong></span> <span class='ocrx_word' id='word_1_107' title='bbox 1093 1699 1152 1762; x_wconf 94' lang='lat' dir='ltr'><strong>sub</strong></span> <span class='ocrx_word' id='word_1_108' title='bbox 1168 1696 1246 1762; x_wconf 86' lang='lat' dir='ltr'><strong>data</strong></span> <span class='ocrx_word' id='word_1_109' title='bbox 1261 1695 1348 1762; x_wconf 91' lang='lat' dir='ltr'>XIII</span> <span class='ocrx_word' id='word_1_110' title='bbox 1365 1697 1431 1762; x_wconf 85' lang='lat' dir='ltr'><strong>kal.</strong></span> <span class='ocrx_word' id='word_1_111' title='bbox 1444 1696 1516 1782; x_wconf 90' lang='lat' dir='ltr'><strong>julii</strong></span> <span class='ocrx_word' id='word_1_112' title='bbox 1538 1704 1632 1782; x_wconf 91' lang='lat' dir='ltr'><strong>pont.</strong></span> 
     </span>
     <span class='ocr_line' id='line_1_12' title="bbox 278 1796 1632 1887; baseline 0.004 -28"><span class='ocrx_word' id='word_1_113' title='bbox 278 1796 378 1861; x_wconf 89' lang='lat' dir='ltr'><strong>vestri</strong></span> <span class='ocrx_word' id='word_1_114' title='bbox 394 1805 428 1862; x_wconf 90' lang='lat' dir='ltr'><strong>a⁰</strong></span> <span class='ocrx_word' id='word_1_115' title='bbox 447 1806 486 1878; x_wconf 87' lang='lat'><strong>1⁰,</strong></span> <span class='ocrx_word' id='word_1_116' title='bbox 503 1798 533 1863; x_wconf 94' lang='lat' dir='ltr'><strong>S.</strong></span> <span class='ocrx_word' id='word_1_117' title='bbox 551 1797 590 1863; x_wconf 89' lang='lat' dir='ltr'><strong>V.</strong></span> <span class='ocrx_word' id='word_1_118' title='bbox 606 1799 648 1864; x_wconf 90' lang='lat' dir='ltr'><strong>de</strong></span> <span class='ocrx_word' id='word_1_119' title='bbox 664 1820 738 1866; x_wconf 89' lang='lat' dir='ltr'><strong>can.</strong></span> <span class='ocrx_word' id='word_1_120' title='bbox 754 1801 835 1866; x_wconf 90' lang='lat' dir='ltr'><strong>eccl.</strong></span> <span class='ocrx_word' id='word_1_121' title='bbox 848 1800 880 1866; x_wconf 92' lang='lat' dir='ltr'><strong>S.</strong></span> <span class='ocrx_word' id='word_1_122' title='bbox 897 1799 1037 1866; x_wconf 91' lang='lat' dir='ltr'><strong>Lebuini</strong></span> <span class='ocrx_word' id='word_1_123' title='bbox 1051 1800 1312 1883; x_wconf 89' lang='lat' dir='ltr'><strong>Daventriensis,</strong></span> <span class='ocrx_word' id='word_1_124' title='bbox 1324 1801 1513 1887; x_wconf 89' lang='lat' dir='ltr'><strong>Trajecten.</strong></span> <span class='ocrx_word' id='word_1_125' title='bbox 1536 1800 1632 1878; x_wconf 75' lang='lat' dir='ltr'><strong>dioc,</strong></span> 
     </span>
     <span class='ocr_line' id='line_1_13' title="bbox 279 1901 1631 1992; baseline 0.003 -28"><span class='ocrx_word' id='word_1_126' title='bbox 279 1901 339 1965; x_wconf 91' lang='lat' dir='ltr'><strong>sub</strong></span> <span class='ocrx_word' id='word_1_127' title='bbox 354 1922 429 1987; x_wconf 86' lang='lat' dir='ltr'><strong>exp.</strong></span> <span class='ocrx_word' id='word_1_128' title='bbox 445 1904 538 1986; x_wconf 89' lang='lat' dir='ltr'><strong>preb.</strong></span> <span class='ocrx_word' id='word_1_129' title='bbox 553 1905 700 1988; x_wconf 69' lang='lat' dir='ltr'><strong>proridit</strong></span> <span class='ocrx_word' id='word_1_130' title='bbox 714 1915 748 1984; x_wconf 78' lang='lat'><strong>²3</strong></span> <span class='ocrx_word' id='word_1_131' title='bbox 766 1913 800 1970; x_wconf 92' lang='lat' dir='ltr'><strong>et</strong></span> <span class='ocrx_word' id='word_1_132' title='bbox 827 1926 902 1971; x_wconf 90' lang='lat' dir='ltr'><strong>cum</strong></span> <span class='ocrx_word' id='word_1_133' title='bbox 930 1905 964 1969; x_wconf 92' lang='lat' dir='ltr'><strong>in</strong></span> <span class='ocrx_word' id='word_1_134' title='bbox 980 1905 1052 1990; x_wconf 89' lang='lat' dir='ltr'><strong>ipsa</strong></span> <span class='ocrx_word' id='word_1_135' title='bbox 1076 1906 1157 1970; x_wconf 90' lang='lat' dir='ltr'><strong>eccl.</strong></span> <span class='ocrx_word' id='word_1_136' title='bbox 1180 1904 1245 1970; x_wconf 90' lang='lat' dir='ltr'><strong>sint</strong></span> <span class='ocrx_word' id='word_1_137' title='bbox 1273 1925 1308 1985; x_wconf 92' lang='lat'><strong>19</strong></span> <span class='ocrx_word' id='word_1_138' title='bbox 1340 1904 1508 1992; x_wconf 86' lang='lat' dir='ltr'><strong>prebende</strong></span> <span class='ocrx_word' id='word_1_139' title='bbox 1533 1912 1567 1969; x_wconf 92' lang='lat' dir='ltr'><strong>et</strong></span> <span class='ocrx_word' id='word_1_140' title='bbox 1596 1923 1631 1987; x_wconf 89' lang='lat'><strong>15</strong></span> 
     </span>
     <span class='ocr_line' id='line_1_14' title="bbox 278 2005 1631 2095; baseline 0.002 -27"><span class='ocrx_word' id='word_1_141' title='bbox 278 2005 520 2090; x_wconf 90' lang='lat' dir='ltr'><strong>supplementa,</strong></span> <span class='ocrx_word' id='word_1_142' title='bbox 544 2028 608 2091; x_wconf 89' lang='lat' dir='ltr'><strong>que</strong></span> <span class='ocrx_word' id='word_1_143' title='bbox 630 2017 761 2075; x_wconf 91' lang='lat' dir='ltr'><strong>tantum</strong></span> <span class='ocrx_word' id='word_1_144' title='bbox 786 2009 954 2075; x_wconf 91' lang='lat' dir='ltr'><strong>canonicis</strong></span> <span class='ocrx_word' id='word_1_145' title='bbox 976 2009 1189 2095; x_wconf 88' lang='lat' dir='ltr'><strong>prebendatis</strong></span> <span class='ocrx_word' id='word_1_146' title='bbox 1212 2009 1245 2073; x_wconf 94' lang='lat' dir='ltr'><strong>in</strong></span> <span class='ocrx_word' id='word_1_147' title='bbox 1268 2009 1385 2076; x_wconf 91' lang='lat' dir='ltr'><strong>eadem</strong></span> <span class='ocrx_word' id='word_1_148' title='bbox 1401 2009 1631 2093; x_wconf 86' lang='lat' dir='ltr'><strong>assignantur;</strong></span> 
     </span>
     <span class='ocr_line' id='line_1_15' title="bbox 278 2107 1632 2200; baseline 0.003 -28"><span class='ocrx_word' id='word_1_149' title='bbox 278 2107 320 2172; x_wconf 91' lang='lat' dir='ltr'><strong>de</strong></span> <span class='ocrx_word' id='word_1_150' title='bbox 347 2111 582 2195; x_wconf 90' lang='lat' dir='ltr'><strong>supplemento</strong></span> <span class='ocrx_word' id='word_1_151' title='bbox 608 2110 696 2198; x_wconf 90' lang='lat' dir='ltr'><strong>[vac.</strong></span> <span class='ocrx_word' id='word_1_152' title='bbox 720 2115 774 2178; x_wconf 91' lang='lat' dir='ltr'><strong>vel</strong></span> <span class='ocrx_word' id='word_1_153' title='bbox 798 2112 923 2200; x_wconf 81' lang='lat' dir='ltr'><strong>vacat]</strong></span> <span class='ocrx_word' id='word_1_154' title='bbox 950 2113 1060 2178; x_wconf 92' lang='lat' dir='ltr'><strong>eidem</strong></span> <span class='ocrx_word' id='word_1_155' title='bbox 1084 2112 1266 2178; x_wconf 89' lang='lat' dir='ltr'><strong>Lamberto</strong></span> <span class='ocrx_word' id='word_1_156' title='bbox 1287 2112 1468 2198; x_wconf 75' lang='lat' dir='ltr'><strong>dIgnemini</strong></span> <span class='ocrx_word' id='word_1_157' title='bbox 1499 2112 1541 2177; x_wconf 94' lang='lat' dir='ltr'><strong>de</strong></span> <span class='ocrx_word' id='word_1_158' title='bbox 1565 2132 1632 2176; x_wconf 90' lang='lat' dir='ltr'><strong>am-</strong></span> 
     </span>
     <span class='ocr_line' id='line_1_16' title="bbox 278 2211 1634 2303; baseline 0.003 -28"><span class='ocrx_word' id='word_1_159' title='bbox 278 2211 374 2297; x_wconf 92' lang='lat' dir='ltr'><strong>pliori</strong></span> <span class='ocrx_word' id='word_1_160' title='bbox 390 2232 436 2296; x_wconf 91' lang='lat' dir='ltr'><strong>gr.</strong></span> <span class='ocrx_word' id='word_1_161' title='bbox 452 2213 649 2299; x_wconf 82' lang='lat' dir='ltr'><strong>providere3</strong></span> <span class='ocrx_word' id='word_1_162' title='bbox 678 2225 713 2281; x_wconf 92' lang='lat' dir='ltr'><strong>et</strong></span> <span class='ocrx_word' id='word_1_163' title='bbox 736 2216 825 2302; x_wconf 91' lang='lat' dir='ltr'><strong>quod</strong></span> <span class='ocrx_word' id='word_1_164' title='bbox 849 2216 1036 2302; x_wconf 89' lang='lat' dir='ltr'><strong>hujusmodi</strong></span> <span class='ocrx_word' id='word_1_165' title='bbox 1062 2218 1332 2303; x_wconf 89' lang='lat' dir='ltr'><strong>supplementum</strong></span> <span class='ocrx_word' id='word_1_166' title='bbox 1356 2237 1422 2282; x_wconf 89' lang='lat' dir='ltr'><strong>una</strong></span> <span class='ocrx_word' id='word_1_167' title='bbox 1449 2237 1524 2282; x_wconf 92' lang='lat' dir='ltr'><strong>cum</strong></span> <span class='ocrx_word' id='word_1_168' title='bbox 1545 2215 1634 2282; x_wconf 87' lang='lat' dir='ltr'><strong>dicta</strong></span> 
     </span>
     <span class='ocr_line' id='line_1_17' title="bbox 279 2315 1634 2407; baseline 0.003 -29"><span class='ocrx_word' id='word_1_169' title='bbox 279 2316 370 2400; x_wconf 91' lang='lat' dir='ltr'><strong>preb.</strong></span> <span class='ocrx_word' id='word_1_170' title='bbox 386 2315 476 2381; x_wconf 86' lang='lat' dir='ltr'><strong>lleite</strong></span> <span class='ocrx_word' id='word_1_171' title='bbox 507 2318 617 2383; x_wconf 88' lang='lat' dir='ltr'><strong>valeat</strong></span> <span class='ocrx_word' id='word_1_172' title='bbox 632 2328 807 2407; x_wconf 85' lang='lat' dir='ltr'><strong>acceptare</strong></span> <span class='ocrx_word' id='word_1_173' title='bbox 831 2329 866 2385; x_wconf 91' lang='lat' dir='ltr'><strong>et</strong></span> <span class='ocrx_word' id='word_1_174' title='bbox 890 2320 1041 2385; x_wconf 91' lang='lat' dir='ltr'><strong>obtinere</strong></span> <span class='ocrx_word' id='word_1_175' title='bbox 1056 2342 1064 2398; x_wconf 92' lang='lat'>;</span> <span class='ocrx_word' id='word_1_176' title='bbox 1091 2341 1158 2384; x_wconf 92' lang='lat' dir='ltr'><strong>non</strong></span> <span class='ocrx_word' id='word_1_177' title='bbox 1175 2323 1260 2387; x_wconf 91' lang='lat' dir='ltr'><strong>obst.</strong></span> <span class='ocrx_word' id='word_1_178' title='bbox 1277 2322 1367 2405; x_wconf 93' lang='lat' dir='ltr'><strong>quod</strong></span> <span class='ocrx_word' id='word_1_179' title='bbox 1383 2321 1415 2386; x_wconf 93' lang='lat' dir='ltr'><strong>in</strong></span> <span class='ocrx_word' id='word_1_180' title='bbox 1432 2319 1470 2385; x_wconf 92' lang='lat' dir='ltr'><strong>B.</strong></span> <span class='ocrx_word' id='word_1_181' title='bbox 1489 2318 1537 2385; x_wconf 92' lang='lat' dir='ltr'><strong>M.</strong></span> <span class='ocrx_word' id='word_1_182' title='bbox 1554 2319 1634 2383; x_wconf 90' lang='lat' dir='ltr'><strong>Bru-</strong></span> 
     </span>
    </p>
   </div>
   <div class='ocr_carea' id='block_1_5' title="bbox 278 2420 1634 2594">
    <p class='ocr_par' dir='ltr' id='par_1_5' title="bbox 278 2420 1634 2594">
     <span class='ocr_line' id='line_1_18' title="bbox 278 2420 1634 2512; baseline 0.002 -29"><span class='ocrx_word' id='word_1_183' title='bbox 278 2420 388 2503; x_wconf 91' lang='lat' dir='ltr'><strong>geusis</strong></span> <span class='ocrx_word' id='word_1_184' title='bbox 412 2429 446 2486; x_wconf 88' lang='lat' dir='ltr'><strong>et</strong></span> <span class='ocrx_word' id='word_1_185' title='bbox 473 2420 511 2486; x_wconf 93' lang='lat' dir='ltr'><strong>B.</strong></span> <span class='ocrx_word' id='word_1_186' title='bbox 538 2421 626 2488; x_wconf 91' lang='lat' dir='ltr'><strong>Petri</strong></span> <span class='ocrx_word' id='word_1_187' title='bbox 651 2425 693 2491; x_wconf 92' lang='lat' dir='ltr'><strong>de</strong></span> <span class='ocrx_word' id='word_1_188' title='bbox 717 2423 905 2506; x_wconf 91' lang='lat' dir='ltr'><strong>Hostende,</strong></span> <span class='ocrx_word' id='word_1_189' title='bbox 922 2424 1108 2490; x_wconf 87' lang='lat' dir='ltr'><strong>Tomacen.</strong></span> <span class='ocrx_word' id='word_1_190' title='bbox 1124 2425 1221 2506; x_wconf 78' lang='lat' dir='ltr'><strong>dioc,</strong></span> <span class='ocrx_word' id='word_1_191' title='bbox 1234 2427 1394 2511; x_wconf 88' lang='lat' dir='ltr'><strong>quasdam</strong></span> <span class='ocrx_word' id='word_1_192' title='bbox 1410 2446 1501 2512; x_wconf 89' lang='lat' dir='ltr'><strong>perp.</strong></span> <span class='ocrx_word' id='word_1_193' title='bbox 1519 2424 1634 2510; x_wconf 83' lang='lat' dir='ltr'><strong>capell.</strong></span> 
     </span>
     <span class='ocr_line' id='line_1_19' title="bbox 279 2524 811 2594; baseline 0.015 -7"><span class='ocrx_word' id='word_1_194' title='bbox 279 2524 427 2590; x_wconf 91' lang='lat' dir='ltr'><strong>noscitur</strong></span> <span class='ocrx_word' id='word_1_195' title='bbox 442 2526 603 2593; x_wconf 89' lang='lat' dir='ltr'><strong>obtinere.</strong></span> <span class='ocrx_word' id='word_1_196' title='bbox 625 2565 657 2576; x_wconf 90' lang='lat'><em>—</em></span> <span class='ocrx_word' id='word_1_197' title='bbox 678 2528 754 2594; x_wconf 85' lang='lat' dir='ltr'><strong>Fiat</strong></span> <span class='ocrx_word' id='word_1_198' title='bbox 772 2528 811 2594; x_wconf 91' lang='lat' dir='ltr'><strong>R.</strong></span> 
     </span>
    </p>
   </div>
   <div class='ocr_carea' id='block_1_6' title="bbox 279 2660 1635 3165">
    <p class='ocr_par' dir='ltr' id='par_1_6' title="bbox 279 2660 1635 3165">
     <span class='ocr_line' id='line_1_20' title="bbox 322 2660 1635 2753; baseline -0.002 -22"><span class='ocrx_word' id='word_1_199' title='bbox 322 2669 407 2732; x_wconf 89' lang='grc'>525.</span> <span class='ocrx_word' id='word_1_200' title='bbox 436 2660 534 2745; x_wconf 88' lang='lat' dir='ltr'>Item,</span> <span class='ocrx_word' id='word_1_201' title='bbox 565 2663 711 2741; x_wconf 87' lang='lat' dir='ltr'><strong>Johanni</strong></span> <span class='ocrx_word' id='word_1_202' title='bbox 739 2666 926 2750; x_wconf 89' lang='lat' dir='ltr'><strong>Chevalier,</strong></span> <span class='ocrx_word' id='word_1_203' title='bbox 951 2687 1037 2753; x_wconf 89' lang='lat' dir='ltr'><strong>mag.</strong></span> <span class='ocrx_word' id='word_1_204' title='bbox 1065 2669 1098 2732; x_wconf 95' lang='lat' dir='ltr'><strong>in</strong></span> <span class='ocrx_word' id='word_1_205' title='bbox 1125 2675 1197 2746; x_wconf 79' lang='lat' dir='ltr'><strong>art,</strong></span> <span class='ocrx_word' id='word_1_206' title='bbox 1213 2667 1256 2734; x_wconf 88' lang='lat' dir='ltr'><strong>de</strong></span> <span class='ocrx_word' id='word_1_207' title='bbox 1282 2689 1354 2734; x_wconf 90' lang='lat' dir='ltr'><strong>can.</strong></span> <span class='ocrx_word' id='word_1_208' title='bbox 1382 2675 1417 2732; x_wconf 92' lang='lat' dir='ltr'><strong>et</strong></span> <span class='ocrx_word' id='word_1_209' title='bbox 1442 2668 1534 2752; x_wconf 91' lang='lat' dir='ltr'><strong>preb.</strong></span> <span class='ocrx_word' id='word_1_210' title='bbox 1554 2666 1635 2731; x_wconf 91' lang='lat' dir='ltr'><strong>eccl.</strong></span> 
     </span>
     <span class='ocr_line' id='line_1_21' title="bbox 280 2763 1634 2859; baseline 0.002 -31"><span class='ocrx_word' id='word_1_211' title='bbox 280 2765 311 2830; x_wconf 93' lang='lat' dir='ltr'><strong>S.</strong></span> <span class='ocrx_word' id='word_1_212' title='bbox 324 2763 511 2852; x_wconf 85' lang='lat' dir='ltr'><strong>Walburgis</strong></span> <span class='ocrx_word' id='word_1_213' title='bbox 527 2766 717 2853; x_wconf 77' lang='lat' dir='ltr'><strong>FumensiS,</strong></span> <span class='ocrx_word' id='word_1_214' title='bbox 734 2769 901 2836; x_wconf 91' lang='lat' dir='ltr'><strong>Morinen.</strong></span> <span class='ocrx_word' id='word_1_215' title='bbox 918 2771 1015 2853; x_wconf 76' lang='lat' dir='ltr'><strong>dioc,</strong></span> <span class='ocrx_word' id='word_1_216' title='bbox 1035 2769 1123 2859; x_wconf 85' lang='lat' dir='ltr'><strong>[vac.</strong></span> <span class='ocrx_word' id='word_1_217' title='bbox 1140 2773 1194 2836; x_wconf 92' lang='lat' dir='ltr'><strong>vel</strong></span> <span class='ocrx_word' id='word_1_218' title='bbox 1209 2771 1335 2858; x_wconf 85' lang='lat' dir='ltr'><strong>vacat]</strong></span> <span class='ocrx_word' id='word_1_219' title='bbox 1362 2769 1543 2856; x_wconf 86' lang='lat' dir='ltr'><strong>dignemini</strong></span> <span class='ocrx_word' id='word_1_220' title='bbox 1560 2788 1634 2855; x_wconf 91' lang='lat' dir='ltr'><strong>pro·</strong></span> 
     </span>
     <span class='ocr_line' id='line_1_22' title="bbox 279 2872 1633 2962; baseline 0.001 -26"><span class='ocrx_word' id='word_1_221' title='bbox 279 2872 393 2938; x_wconf 91' lang='lat' dir='ltr'><strong>videre</strong></span> <span class='ocrx_word' id='word_1_222' title='bbox 408 2896 416 2952; x_wconf 90' lang='lat'>;</span> <span class='ocrx_word' id='word_1_223' title='bbox 433 2895 501 2940; x_wconf 92' lang='lat' dir='ltr'><strong>non</strong></span> <span class='ocrx_word' id='word_1_224' title='bbox 517 2878 602 2942; x_wconf 90' lang='lat' dir='ltr'><strong>obst.</strong></span> <span class='ocrx_word' id='word_1_225' title='bbox 619 2876 708 2960; x_wconf 90' lang='lat' dir='ltr'><strong>quod</strong></span> <span class='ocrx_word' id='word_1_226' title='bbox 723 2877 874 2962; x_wconf 87' lang='lat' dir='ltr'><strong>parroch.</strong></span> <span class='ocrx_word' id='word_1_227' title='bbox 891 2878 973 2941; x_wconf 90' lang='lat' dir='ltr'><strong>eccl.</strong></span> <span class='ocrx_word' id='word_1_228' title='bbox 990 2876 1032 2942; x_wconf 92' lang='lat' dir='ltr'><strong>de</strong></span> <span class='ocrx_word' id='word_1_229' title='bbox 1060 2875 1303 2957; x_wconf 84' lang='lat' dir='ltr'><strong>Foucaucourt,</strong></span> <span class='ocrx_word' id='word_1_230' title='bbox 1319 2876 1518 2941; x_wconf 84' lang='lat' dir='ltr'><strong>Ambianen.</strong></span> <span class='ocrx_word' id='word_1_231' title='bbox 1539 2873 1633 2947; x_wconf 72' lang='lat' dir='ltr'><strong>dioc,</strong></span> 
     </span>
     <span class='ocr_line' id='line_1_23' title="bbox 280 2976 1631 3064; baseline -0.001 -23"><span class='ocrx_word' id='word_1_232' title='bbox 280 2978 373 3062; x_wconf 89' lang='lat' dir='ltr'><strong>cujus</strong></span> <span class='ocrx_word' id='word_1_233' title='bbox 388 2980 544 3046; x_wconf 85' lang='lat' dir='ltr'><strong>fructus...</strong></span> <span class='ocrx_word' id='word_1_234' title='bbox 563 2999 602 3064; x_wconf 89' lang='lat'><strong>27</strong></span> <span class='ocrx_word' id='word_1_235' title='bbox 619 2981 674 3044; x_wconf 93' lang='lat' dir='ltr'><strong>lib.</strong></span> <span class='ocrx_word' id='word_1_236' title='bbox 691 2979 803 3061; x_wconf 80' lang='lat' dir='ltr'><strong>Pan‘s,</strong></span> <span class='ocrx_word' id='word_1_237' title='bbox 830 3001 896 3046; x_wconf 89' lang='lat' dir='ltr'><strong>sec.</strong></span> <span class='ocrx_word' id='word_1_238' title='bbox 923 2988 991 3045; x_wconf 80' lang='lat' dir='ltr'><strong>tax,</strong></span> <span class='ocrx_word' id='word_1_239' title='bbox 1007 2980 1147 3061; x_wconf 87' lang='lat' dir='ltr'><strong>decime,</strong></span> <span class='ocrx_word' id='word_1_240' title='bbox 1163 3000 1231 3045; x_wconf 90' lang='lat' dir='ltr'><strong>non</strong></span> <span class='ocrx_word' id='word_1_241' title='bbox 1258 2980 1424 3045; x_wconf 85' lang='lat' dir='ltr'><strong>excedunt</strong></span> <span class='ocrx_word' id='word_1_242' title='bbox 1450 2976 1631 3055; x_wconf 87' lang='lat' dir='ltr'><strong>annuatim,</strong></span> 
     </span>
     <span class='ocr_line' id='line_1_24' title="bbox 281 3078 1630 3165; baseline 0.001 -22"><span class='ocrx_word' id='word_1_243' title='bbox 281 3082 429 3148; x_wconf 88' lang='lat' dir='ltr'><strong>noscitur</strong></span> <span class='ocrx_word' id='word_1_244' title='bbox 444 3084 606 3149; x_wconf 90' lang='lat' dir='ltr'><strong>obtinere.</strong></span> <span class='ocrx_word' id='word_1_245' title='bbox 621 3124 665 3132; x_wconf 98' lang='lat'><strong>—</strong></span> <span class='ocrx_word' id='word_1_246' title='bbox 681 3082 756 3148; x_wconf 89' lang='lat' dir='ltr'><strong>Fiat</strong></span> <span class='ocrx_word' id='word_1_247' title='bbox 771 3083 805 3148; x_wconf 92' lang='lat' dir='ltr'><strong>in</strong></span> <span class='ocrx_word' id='word_1_248' title='bbox 822 3084 903 3149; x_wconf 89' lang='lat' dir='ltr'><strong>eccl.</strong></span> <span class='ocrx_word' id='word_1_249' title='bbox 921 3084 952 3149; x_wconf 93' lang='lat' dir='ltr'><strong>S.</strong></span> <span class='ocrx_word' id='word_1_250' title='bbox 970 3082 1058 3148; x_wconf 89' lang='lat' dir='ltr'><strong>Petri</strong></span> <span class='ocrx_word' id='word_1_251' title='bbox 1075 3083 1117 3149; x_wconf 93' lang='lat' dir='ltr'><strong>de</strong></span> <span class='ocrx_word' id='word_1_252' title='bbox 1134 3082 1255 3165; x_wconf 86' lang='lat' dir='ltr'><strong>Insula,</strong></span> <span class='ocrx_word' id='word_1_253' title='bbox 1277 3082 1460 3149; x_wconf 89' lang='lat' dir='ltr'><strong>Tomacen.</strong></span> <span class='ocrx_word' id='word_1_254' title='bbox 1476 3081 1572 3163; x_wconf 75' lang='lat' dir='ltr'><strong>dioc,</strong></span> <span class='ocrx_word' id='word_1_255' title='bbox 1591 3078 1630 3144; x_wconf 93' lang='lat' dir='ltr'><strong>R.</strong></span> 
     </span>
    </p>
   </div>
   <div class='ocr_carea' id='block_1_7' title="bbox 281 3186 1636 4045">
    <p class='ocr_par' dir='ltr' id='par_1_7' title="bbox 282 3186 452 3273">
     <span class='ocr_line' id='line_1_25' title="bbox 282 3186 452 3273; baseline 0.012 -23"><span class='ocrx_word' id='word_1_256' title='bbox 282 3186 330 3269; x_wconf 83' lang='lat'><strong>(3,</strong></span> <span class='ocrx_word' id='word_1_257' title='bbox 348 3188 452 3273; x_wconf 69' lang='lat'><strong>246&#39;).</strong></span> 
     </span>
    </p>

    <p class='ocr_par' dir='ltr' id='par_1_8' title="bbox 281 3322 1636 3821">
     <span class='ocr_line' id='line_1_26' title="bbox 325 3322 1634 3411; baseline -0.005 -19"><span class='ocrx_word' id='word_1_258' title='bbox 325 3331 407 3392; x_wconf 88' lang='grc'><strong>526.</strong></span> <span class='ocrx_word' id='word_1_259' title='bbox 435 3326 532 3407; x_wconf 88' lang='lat' dir='ltr'><strong>Item,</strong></span> <span class='ocrx_word' id='word_1_260' title='bbox 556 3326 702 3405; x_wconf 89' lang='lat' dir='ltr'><strong>Johanni</strong></span> <span class='ocrx_word' id='word_1_261' title='bbox 730 3325 891 3392; x_wconf 88' lang='lat' dir='ltr'><strong>Blankart</strong></span> <span class='ocrx_word' id='word_1_262' title='bbox 904 3336 926 3409; x_wconf 89' lang='lat'><strong>³,</strong></span> <span class='ocrx_word' id='word_1_263' title='bbox 953 3348 1038 3411; x_wconf 87' lang='lat' dir='ltr'><strong>mag.</strong></span> <span class='ocrx_word' id='word_1_264' title='bbox 1065 3326 1098 3391; x_wconf 94' lang='lat' dir='ltr'><strong>in</strong></span> <span class='ocrx_word' id='word_1_265' title='bbox 1130 3334 1201 3405; x_wconf 74' lang='lat' dir='ltr'><strong>art,</strong></span> <span class='ocrx_word' id='word_1_266' title='bbox 1217 3324 1259 3390; x_wconf 91' lang='lat' dir='ltr'><strong>de</strong></span> <span class='ocrx_word' id='word_1_267' title='bbox 1275 3344 1347 3390; x_wconf 92' lang='lat' dir='ltr'><strong>can.</strong></span> <span class='ocrx_word' id='word_1_268' title='bbox 1377 3332 1412 3388; x_wconf 92' lang='lat' dir='ltr'><strong>et</strong></span> <span class='ocrx_word' id='word_1_269' title='bbox 1437 3324 1529 3408; x_wconf 89' lang='lat' dir='ltr'><strong>preb.</strong></span> <span class='ocrx_word' id='word_1_270' title='bbox 1552 3322 1634 3388; x_wconf 89' lang='lat' dir='ltr'><strong>eccl.</strong></span> 
     </span>
     <span class='ocr_line' id='line_1_27' title="bbox 282 3424 1636 3515; baseline -0.005 -18"><span class='ocrx_word' id='word_1_271' title='bbox 282 3433 311 3498; x_wconf 91' lang='lat' dir='ltr'><strong>S.</strong></span> <span class='ocrx_word' id='word_1_272' title='bbox 328 3432 417 3497; x_wconf 91' lang='lat' dir='ltr'><strong>Petri</strong></span> <span class='ocrx_word' id='word_1_273' title='bbox 434 3430 623 3512; x_wconf 90' lang='lat' dir='ltr'><strong>Insulensis,</strong></span> <span class='ocrx_word' id='word_1_274' title='bbox 640 3430 825 3497; x_wconf 91' lang='lat' dir='ltr'><strong>Tomacen.</strong></span> <span class='ocrx_word' id='word_1_275' title='bbox 840 3431 938 3511; x_wconf 75' lang='lat' dir='ltr'><strong>dioc,</strong></span> <span class='ocrx_word' id='word_1_276' title='bbox 951 3430 1131 3515; x_wconf 88' lang='lat' dir='ltr'><strong>dignemini</strong></span> <span class='ocrx_word' id='word_1_277' title='bbox 1148 3428 1344 3515; x_wconf 81' lang='lat' dir='ltr'><strong>providere3</strong></span> <span class='ocrx_word' id='word_1_278' title='bbox 1361 3446 1429 3492; x_wconf 92' lang='lat' dir='ltr'><strong>non</strong></span> <span class='ocrx_word' id='word_1_279' title='bbox 1445 3427 1531 3491; x_wconf 89' lang='lat' dir='ltr'><strong>obst.</strong></span> <span class='ocrx_word' id='word_1_280' title='bbox 1547 3424 1636 3509; x_wconf 92' lang='lat' dir='ltr'><strong>quod</strong></span> 
     </span>
     <span class='ocr_line' id='line_1_28' title="bbox 281 3528 1635 3623; baseline -0.007 -21"><span class='ocrx_word' id='word_1_281' title='bbox 281 3536 449 3623; x_wconf 91' lang='lat' dir='ltr'><strong>quandam</strong></span> <span class='ocrx_word' id='word_1_282' title='bbox 465 3537 605 3622; x_wconf 88' lang='lat' dir='ltr'><strong>cappell.</strong></span> <span class='ocrx_word' id='word_1_283' title='bbox 618 3536 651 3601; x_wconf 92' lang='lat' dir='ltr'><strong>in</strong></span> <span class='ocrx_word' id='word_1_284' title='bbox 661 3536 810 3622; x_wconf 87' lang='lat' dir='ltr'><strong>parroch.</strong></span> <span class='ocrx_word' id='word_1_285' title='bbox 821 3537 902 3602; x_wconf 89' lang='lat' dir='ltr'><strong>eccl.</strong></span> <span class='ocrx_word' id='word_1_286' title='bbox 915 3535 957 3600; x_wconf 89' lang='lat' dir='ltr'><strong>de</strong></span> <span class='ocrx_word' id='word_1_287' title='bbox 970 3534 1150 3614; x_wconf 87' lang='lat' dir='ltr'><strong>Lambeke,</strong></span> <span class='ocrx_word' id='word_1_288' title='bbox 1163 3532 1253 3599; x_wconf 88' lang='lat' dir='ltr'><strong>dicte</strong></span> <span class='ocrx_word' id='word_1_289' title='bbox 1263 3532 1360 3611; x_wconf 74' lang='lat' dir='ltr'><strong>dioc,</strong></span> <span class='ocrx_word' id='word_1_290' title='bbox 1371 3531 1463 3615; x_wconf 89' lang='lat' dir='ltr'><strong>cujus</strong></span> <span class='ocrx_word' id='word_1_291' title='bbox 1479 3528 1635 3594; x_wconf 86' lang='lat' dir='ltr'><strong>fructus...</strong></span> 
     </span>
     <span class='ocr_line' id='line_1_29' title="bbox 282 3630 1636 3724; baseline -0.01 -17"><span class='ocrx_word' id='word_1_292' title='bbox 282 3662 300 3724; x_wconf 90' lang='lat'>9</span> <span class='ocrx_word' id='word_1_293' title='bbox 316 3641 372 3707; x_wconf 96' lang='lat' dir='ltr'><strong>lib.</strong></span> <span class='ocrx_word' id='word_1_294' title='bbox 389 3639 490 3706; x_wconf 89' lang='lat' dir='ltr'><strong>Paris.</strong></span> <span class='ocrx_word' id='word_1_295' title='bbox 505 3640 655 3705; x_wconf 88' lang='lat' dir='ltr'><strong>valorem</strong></span> <span class='ocrx_word' id='word_1_296' title='bbox 672 3661 829 3719; x_wconf 88' lang='lat' dir='ltr'><strong>annuum,</strong></span> <span class='ocrx_word' id='word_1_297' title='bbox 846 3640 879 3702; x_wconf 91' lang='lat' dir='ltr'><strong>in</strong></span> <span class='ocrx_word' id='word_1_298' title='bbox 896 3638 995 3703; x_wconf 90' lang='lat' dir='ltr'><strong>scolis</strong></span> <span class='ocrx_word' id='word_1_299' title='bbox 1016 3637 1201 3717; x_wconf 90' lang='lat' dir='ltr'><strong>residend0,</strong></span> <span class='ocrx_word' id='word_1_300' title='bbox 1218 3656 1287 3701; x_wconf 92' lang='lat' dir='ltr'><strong>non</strong></span> <span class='ocrx_word' id='word_1_301' title='bbox 1300 3633 1477 3713; x_wconf 88' lang='lat' dir='ltr'><strong>excedunt,</strong></span> <span class='ocrx_word' id='word_1_302' title='bbox 1490 3630 1636 3697; x_wconf 90' lang='lat' dir='ltr'><strong>noscitur</strong></span> 
     </span>
     <span class='ocr_line' id='line_1_30' title="bbox 282 3734 1475 3821; baseline -0.008 -9"><span class='ocrx_word' id='word_1_303' title='bbox 282 3746 443 3812; x_wconf 90' lang='lat' dir='ltr'><strong>obtinere.</strong></span> <span class='ocrx_word' id='word_1_304' title='bbox 464 3782 496 3792; x_wconf 98' lang='lat'>-</span> <span class='ocrx_word' id='word_1_305' title='bbox 518 3743 594 3809; x_wconf 88' lang='lat' dir='ltr'><strong>Fiat</strong></span> <span class='ocrx_word' id='word_1_306' title='bbox 609 3744 642 3810; x_wconf 92' lang='lat' dir='ltr'><strong>in</strong></span> <span class='ocrx_word' id='word_1_307' title='bbox 659 3744 740 3810; x_wconf 93' lang='lat' dir='ltr'><strong>eccl.</strong></span> <span class='ocrx_word' id='word_1_308' title='bbox 757 3743 785 3806; x_wconf 91' lang='lat' dir='ltr'><strong>S.</strong></span> <span class='ocrx_word' id='word_1_309' title='bbox 803 3742 892 3807; x_wconf 89' lang='lat' dir='ltr'><strong>Petri</strong></span> <span class='ocrx_word' id='word_1_310' title='bbox 910 3742 1104 3821; x_wconf 88' lang='lat' dir='ltr'><strong>Duacensis,</strong></span> <span class='ocrx_word' id='word_1_311' title='bbox 1120 3742 1314 3806; x_wconf 85' lang='lat' dir='ltr'><strong>Atrebaten.</strong></span> <span class='ocrx_word' id='word_1_312' title='bbox 1331 3737 1416 3803; x_wconf 93' lang='lat' dir='ltr'><strong>dioc.</strong></span> <span class='ocrx_word' id='word_1_313' title='bbox 1434 3734 1475 3802; x_wconf 96' lang='lat' dir='ltr'><strong>R.</strong></span> 
     </span>
    </p>

    <p class='ocr_par' dir='ltr' id='par_1_9' title="bbox 326 3840 1387 3937">
     <span class='ocr_line' id='line_1_31' title="bbox 326 3840 1387 3937; baseline -0.008 -21"><span class='ocrx_word' id='word_1_314' title='bbox 326 3850 371 3916; x_wconf 92' lang='lat' dir='ltr'><strong>Et</strong></span> <span class='ocrx_word' id='word_1_315' title='bbox 386 3850 517 3937; x_wconf 90' lang='lat' dir='ltr'><strong>placeat</strong></span> <span class='ocrx_word' id='word_1_316' title='bbox 533 3849 564 3914; x_wconf 93' lang='lat' dir='ltr'><strong>S.</strong></span> <span class='ocrx_word' id='word_1_317' title='bbox 582 3848 621 3915; x_wconf 92' lang='lat' dir='ltr'><strong>V.</strong></span> <span class='ocrx_word' id='word_1_318' title='bbox 637 3847 728 3933; x_wconf 91' lang='lat' dir='ltr'><strong>quod</strong></span> <span class='ocrx_word' id='word_1_319' title='bbox 740 3848 811 3914; x_wconf 92' lang='lat' dir='ltr'><strong>sine</strong></span> <span class='ocrx_word' id='word_1_320' title='bbox 827 3848 981 3912; x_wconf 84' lang='lat' dir='ltr'><strong>examine</strong></span> <span class='ocrx_word' id='word_1_321' title='bbox 997 3854 1179 3913; x_wconf 86' lang='lat' dir='ltr'><strong>transeant.</strong></span> <span class='ocrx_word' id='word_1_322' title='bbox 1199 3884 1236 3892; x_wconf 89' lang='lat'>-</span> <span class='ocrx_word' id='word_1_323' title='bbox 1255 3842 1330 3908; x_wconf 88' lang='lat' dir='ltr'><strong>Fiat</strong></span> <span class='ocrx_word' id='word_1_324' title='bbox 1347 3840 1387 3907; x_wconf 94' lang='lat' dir='ltr'><strong>R.</strong></span> 
     </span>
    </p>

    <p class='ocr_par' dir='ltr' id='par_1_10' title="bbox 326 3950 1217 4045">
     <span class='ocr_line' id='line_1_32' title="bbox 326 3950 1217 4045; baseline -0.008 -25"><span class='ocrx_word' id='word_1_325' title='bbox 326 3954 405 4020; x_wconf 94' lang='lat' dir='ltr'><strong>Dat.</strong></span> <span class='ocrx_word' id='word_1_326' title='bbox 420 3976 473 4042; x_wconf 91' lang='lat' dir='ltr'><strong>ap.</strong></span> <span class='ocrx_word' id='word_1_327' title='bbox 490 3954 737 4019; x_wconf 88' lang='lat' dir='ltr'><strong>Villamnovam</strong></span> <span class='ocrx_word' id='word_1_328' title='bbox 754 3971 771 4037; x_wconf 89' lang='lat'>5</span> <span class='ocrx_word' id='word_1_329' title='bbox 788 3950 854 4017; x_wconf 86' lang='lat' dir='ltr'><strong>kal.</strong></span> <span class='ocrx_word' id='word_1_330' title='bbox 870 3958 938 4045; x_wconf 86' lang='lat' dir='ltr'><strong>oct.</strong></span> <span class='ocrx_word' id='word_1_331' title='bbox 954 3958 986 4016; x_wconf 90' lang='lat' dir='ltr'><strong>a⁰</strong></span> <span class='ocrx_word' id='word_1_332' title='bbox 1003 3958 1045 4016; x_wconf 88' lang='lat'><strong>2⁰.</strong></span> <span class='ocrx_word' id='word_1_333' title='bbox 1062 3950 1110 4034; x_wconf 81' lang='lat'><strong>(3,</strong></span> <span class='ocrx_word' id='word_1_334' title='bbox 1129 3950 1217 4033; x_wconf 85' lang='lat'><strong>247).</strong></span> 
     </span>
    </p>
   </div>
   <div class='ocr_carea' id='block_1_8' title="bbox 327 4092 1638 4297">
    <p class='ocr_par' dir='ltr' id='par_1_11' title="bbox 327 4092 1638 4297">
     <span class='ocr_line' id='line_1_33' title="bbox 333 4092 1594 4179; baseline -0.013 -6"><span class='ocrx_word' id='word_1_335' title='bbox 333 4092 443 4175; x_wconf 84' lang='lat'><strong>527.</strong></span> <span class='ocrx_word' id='word_1_336' title='bbox 1310 4117 1328 4160; x_wconf 92' lang='lat' dir='ltr'><strong>r</strong></span> <span class='ocrx_word' id='word_1_337' title='bbox 1329 4116 1371 4179; x_wconf 76' lang='lat'><strong>34</strong></span> <span class='ocrx_word' id='word_1_338' title='bbox 1372 4116 1405 4179; x_wconf 82' lang='lat'><strong>3,</strong></span> <span class='ocrx_word' id='word_1_339' title='bbox 1422 4094 1442 4160; x_wconf 85' lang='grc' dir='ltr'><em>ό</em></span> <span class='ocrx_word' id='word_1_340' title='bbox 1457 4093 1594 4159; x_wconf 84' lang='lat' dir='ltr'><strong>octobre.</strong></span> 
     </span>
     <span class='ocr_line' id='line_1_34' title="bbox 327 4194 1638 4297; baseline -0.012 -22"><span class='ocrx_word' id='word_1_341' title='bbox 327 4211 429 4297; x_wconf 88' lang='lat' dir='ltr'><strong>Supp.</strong></span> <span class='ocrx_word' id='word_1_342' title='bbox 446 4210 563 4275; x_wconf 91' lang='lat' dir='ltr'><strong>Petrus</strong></span> <span class='ocrx_word' id='word_1_343' title='bbox 579 4208 708 4289; x_wconf 90' lang='lat' dir='ltr'><strong>Vitalis,</strong></span> <span class='ocrx_word' id='word_1_344' title='bbox 736 4207 831 4287; x_wconf 81' lang='lat' dir='ltr'><strong>diac,</strong></span> <span class='ocrx_word' id='word_1_345' title='bbox 848 4226 921 4271; x_wconf 90' lang='lat' dir='ltr'><strong>can.</strong></span> <span class='ocrx_word' id='word_1_346' title='bbox 949 4205 1031 4271; x_wconf 91' lang='lat' dir='ltr'><strong>eccl.</strong></span> <span class='ocrx_word' id='word_1_347' title='bbox 1057 4203 1089 4269; x_wconf 93' lang='lat' dir='ltr'><strong>S.</strong></span> <span class='ocrx_word' id='word_1_348' title='bbox 1113 4200 1295 4269; x_wconf 87' lang='lat' dir='ltr'><strong>Andomari</strong></span> <span class='ocrx_word' id='word_1_349' title='bbox 1311 4211 1332 4281; x_wconf 87' lang='lat'><strong>⁴,</strong></span> <span class='ocrx_word' id='word_1_350' title='bbox 1350 4198 1517 4265; x_wconf 90' lang='lat' dir='ltr'><strong>Morinen.</strong></span> <span class='ocrx_word' id='word_1_351' title='bbox 1541 4194 1638 4275; x_wconf 75' lang='lat' dir='ltr'><strong>dioc,</strong></span> 
     </span>
    </p>
   </div>
   <div class='ocr_carea' id='block_1_9' title="bbox 283 4301 1641 4818">
    <p class='ocr_par' dir='ltr' id='par_1_12' title="bbox 283 4301 1641 4818">
     <span class='ocr_line' id='line_1_35' title="bbox 283 4301 1638 4401; baseline -0.013 -20"><span class='ocrx_word' id='word_1_352' title='bbox 283 4315 373 4399; x_wconf 90' lang='lat' dir='ltr'><strong>quod</strong></span> <span class='ocrx_word' id='word_1_353' title='bbox 403 4315 474 4401; x_wconf 90' lang='lat' dir='ltr'><strong>ipse</strong></span> <span class='ocrx_word' id='word_1_354' title='bbox 504 4314 630 4378; x_wconf 90' lang='lat' dir='ltr'><strong>habens</strong></span> <span class='ocrx_word' id='word_1_355' title='bbox 659 4313 693 4377; x_wconf 92' lang='lat' dir='ltr'><strong>in</strong></span> <span class='ocrx_word' id='word_1_356' title='bbox 724 4312 841 4377; x_wconf 85' lang='lat' dir='ltr'><strong>eadem</strong></span> <span class='ocrx_word' id='word_1_357' title='bbox 872 4310 954 4375; x_wconf 91' lang='lat' dir='ltr'><strong>eccl.</strong></span> <span class='ocrx_word' id='word_1_358' title='bbox 983 4310 1075 4393; x_wconf 92' lang='lat' dir='ltr'><strong>preb.</strong></span> <span class='ocrx_word' id='word_1_359' title='bbox 1098 4307 1318 4384; x_wconf 87' lang='lat' dir='ltr'><strong>diaconalem,</strong></span> <span class='ocrx_word' id='word_1_360' title='bbox 1349 4324 1413 4388; x_wconf 91' lang='lat' dir='ltr'><strong>que</strong></span> <span class='ocrx_word' id='word_1_361' title='bbox 1444 4301 1638 4368; x_wconf 88' lang='lat' dir='ltr'><strong>continuam</strong></span> 
     </span>
     <span class='ocr_line' id='line_1_36' title="bbox 283 4407 1639 4504; baseline -0.013 -20"><span class='ocrx_word' id='word_1_362' title='bbox 283 4427 318 4484; x_wconf 92' lang='lat' dir='ltr'><strong>et</strong></span> <span class='ocrx_word' id='word_1_363' title='bbox 347 4418 556 4504; x_wconf 88' lang='lat' dir='ltr'><strong>personalem</strong></span> <span class='ocrx_word' id='word_1_364' title='bbox 580 4415 795 4482; x_wconf 83' lang='lat' dir='ltr'><strong>residentiam</strong></span> <span class='ocrx_word' id='word_1_365' title='bbox 821 4413 968 4498; x_wconf 89' lang='lat' dir='ltr'><strong>requirit,</strong></span> <span class='ocrx_word' id='word_1_366' title='bbox 989 4411 1113 4497; x_wconf 87' lang='lat' dir='ltr'><strong>juravit</strong></span> <span class='ocrx_word' id='word_1_367' title='bbox 1143 4410 1230 4475; x_wconf 90' lang='lat' dir='ltr'><strong>inter</strong></span> <span class='ocrx_word' id='word_1_368' title='bbox 1260 4416 1371 4473; x_wconf 88' lang='lat' dir='ltr'><strong>cetera</strong></span> <span class='ocrx_word' id='word_1_369' title='bbox 1401 4407 1433 4470; x_wconf 93' lang='lat' dir='ltr'><strong>in</strong></span> <span class='ocrx_word' id='word_1_370' title='bbox 1462 4426 1502 4471; x_wconf 87' lang='lat' dir='ltr'><strong>ea</strong></span> <span class='ocrx_word' id='word_1_371' title='bbox 1527 4422 1639 4491; x_wconf 87' lang='lat' dir='ltr'><strong>perso·</strong></span> 
     </span>
     <span class='ocr_line' id='line_1_37' title="bbox 283 4507 1639 4605; baseline -0.012 -18"><span class='ocrx_word' id='word_1_372' title='bbox 283 4521 403 4588; x_wconf 89' lang='lat' dir='ltr'><strong>naliter</strong></span> <span class='ocrx_word' id='word_1_373' title='bbox 429 4521 581 4601; x_wconf 89' lang='lat' dir='ltr'><strong>residere,</strong></span> <span class='ocrx_word' id='word_1_374' title='bbox 606 4528 749 4605; x_wconf 88' lang='lat' dir='ltr'><strong>postque</strong></span> <span class='ocrx_word' id='word_1_375' title='bbox 774 4516 937 4583; x_wconf 90' lang='lat' dir='ltr'><strong>affectans</strong></span> <span class='ocrx_word' id='word_1_376' title='bbox 961 4514 1072 4581; x_wconf 88' lang='lat' dir='ltr'><strong>studio</strong></span> <span class='ocrx_word' id='word_1_377' title='bbox 1105 4514 1292 4579; x_wconf 87' lang='lat' dir='ltr'><strong>litterarum</strong></span> <span class='ocrx_word' id='word_1_378' title='bbox 1319 4511 1479 4591; x_wconf 89' lang='lat' dir='ltr'><strong>insistere,</strong></span> <span class='ocrx_word' id='word_1_379' title='bbox 1503 4507 1639 4575; x_wconf 90' lang='lat' dir='ltr'><strong>tandem</strong></span> 
     </span>
     <span class='ocr_line' id='line_1_38' title="bbox 284 4613 1641 4712; baseline -0.013 -21"><span class='ocrx_word' id='word_1_380' title='bbox 284 4626 391 4712; x_wconf 91' lang='lat' dir='ltr'><strong>petita</strong></span> <span class='ocrx_word' id='word_1_381' title='bbox 417 4646 437 4689; x_wconf 93' lang='lat' dir='ltr'><strong>a</strong></span> <span class='ocrx_word' id='word_1_382' title='bbox 463 4625 610 4711; x_wconf 93' lang='lat' dir='ltr'><strong>capitulo</strong></span> <span class='ocrx_word' id='word_1_383' title='bbox 626 4623 774 4709; x_wconf 88' lang='lat' dir='ltr'><strong>ejusdem</strong></span> <span class='ocrx_word' id='word_1_384' title='bbox 789 4623 870 4687; x_wconf 91' lang='lat' dir='ltr'><strong>eccl.</strong></span> <span class='ocrx_word' id='word_1_385' title='bbox 886 4620 1022 4686; x_wconf 90' lang='lat' dir='ltr'><strong>licentia</strong></span> <span class='ocrx_word' id='word_1_386' title='bbox 1043 4619 1086 4684; x_wconf 92' lang='lat' dir='ltr'><strong>de</strong></span> <span class='ocrx_word' id='word_1_387' title='bbox 1113 4618 1222 4683; x_wconf 90' lang='lat' dir='ltr'><strong>eundo</strong></span> <span class='ocrx_word' id='word_1_388' title='bbox 1249 4616 1292 4681; x_wconf 90' lang='lat' dir='ltr'><strong>ad</strong></span> <span class='ocrx_word' id='word_1_389' title='bbox 1319 4613 1464 4680; x_wconf 90' lang='lat' dir='ltr'><strong>studium</strong></span> <span class='ocrx_word' id='word_1_390' title='bbox 1491 4624 1526 4679; x_wconf 86' lang='lat' dir='ltr'><strong>et</strong></span> <span class='ocrx_word' id='word_1_391' title='bbox 1541 4613 1574 4676; x_wconf 93' lang='lat' dir='ltr'><strong>in</strong></span> <span class='ocrx_word' id='word_1_392' title='bbox 1600 4630 1641 4675; x_wconf 91' lang='lat' dir='ltr'><strong>eo</strong></span> 
     </span>
     <span class='ocr_line' id='line_1_39' title="bbox 284 4716 1640 4818; baseline -0.013 -22"><span class='ocrx_word' id='word_1_393' title='bbox 284 4751 344 4818; x_wconf 88' lang='lat' dir='ltr'><strong>per</strong></span> <span class='ocrx_word' id='word_1_394' title='bbox 368 4728 621 4815; x_wconf 90' lang='lat' dir='ltr'><strong>quadriennium</strong></span> <span class='ocrx_word' id='word_1_395' title='bbox 648 4726 866 4807; x_wconf 90' lang='lat' dir='ltr'><strong>immorand0,</strong></span> <span class='ocrx_word' id='word_1_396' title='bbox 882 4733 918 4789; x_wconf 90' lang='lat' dir='ltr'><strong>et</strong></span> <span class='ocrx_word' id='word_1_397' title='bbox 940 4744 1017 4789; x_wconf 90' lang='lat' dir='ltr'><strong>cum</strong></span> <span class='ocrx_word' id='word_1_398' title='bbox 1032 4720 1228 4788; x_wconf 84' lang='lat' dir='ltr'><strong>difficultate</strong></span> <span class='ocrx_word' id='word_1_399' title='bbox 1253 4722 1402 4799; x_wconf 90' lang='lat' dir='ltr'><strong>obtenta,</strong></span> <span class='ocrx_word' id='word_1_400' title='bbox 1426 4717 1469 4784; x_wconf 93' lang='lat' dir='ltr'><strong>ad</strong></span> <span class='ocrx_word' id='word_1_401' title='bbox 1495 4716 1640 4783; x_wconf 90' lang='lat' dir='ltr'><strong>studium</strong></span> 
     </span>
    </p>
   </div>
   <div class='ocr_carea' id='block_1_10' title="bbox 285 4910 1642 5059">
    <p class='ocr_par' dir='ltr' id='par_1_13' title="bbox 285 4910 1642 5059">
     <span class='ocr_line' id='line_1_40' title="bbox 320 4910 1642 4987; baseline -0.014 -12"><span class='ocrx_word' id='word_1_402' title='bbox 320 4931 342 4976; x_wconf 95' lang='lat' dir='ltr'><strong>l.</strong></span> <span class='ocrx_word' id='word_1_403' title='bbox 354 4926 439 4987; x_wconf 84' lang='lat' dir='ltr'><strong>Brom,</strong></span> <span class='ocrx_word' id='word_1_404' title='bbox 451 4942 476 4975; x_wconf 89' lang='lat' dir='ltr'><strong>n.</strong></span> <span class='ocrx_word' id='word_1_405' title='bbox 488 4926 560 4974; x_wconf 81' lang='lat'><strong>1099.</strong></span> <span class='ocrx_word' id='word_1_406' title='bbox 571 4954 603 4959; x_wconf 86' lang='lat'><strong>—</strong></span> <span class='ocrx_word' id='word_1_407' title='bbox 614 4928 637 4973; x_wconf 80' lang='lat'><strong>2.</strong></span> <span class='ocrx_word' id='word_1_408' title='bbox 650 4922 726 4981; x_wconf 74' lang='lat' dir='ltr'><strong>rota,</strong></span> <span class='ocrx_word' id='word_1_409' title='bbox 738 4938 764 4972; x_wconf 89' lang='lat' dir='ltr'><strong>n.</strong></span> <span class='ocrx_word' id='word_1_410' title='bbox 776 4924 831 4971; x_wconf 79' lang='grc'>999.</span> <span class='ocrx_word' id='word_1_411' title='bbox 842 4950 875 4957; x_wconf 83' lang='lat'><strong>—-</strong></span> <span class='ocrx_word' id='word_1_412' title='bbox 886 4924 908 4970; x_wconf 84' lang='lat'><strong>3.</strong></span> <span class='ocrx_word' id='word_1_413' title='bbox 923 4920 1029 4976; x_wconf 81' lang='lat' dir='ltr'><strong>Denifle,</strong></span> <span class='ocrx_word' id='word_1_414' title='bbox 1046 4918 1168 4979; x_wconf 68' lang='lat' dir='ltr'><strong>Citor‘tnl,</strong></span> <span class='ocrx_word' id='word_1_415' title='bbox 1182 4918 1217 4976; x_wconf 90' lang='lat'><strong>11,</strong></span> <span class='ocrx_word' id='word_1_416' title='bbox 1230 4919 1285 4976; x_wconf 70' lang='lat'><strong>64⁴,</strong></span> <span class='ocrx_word' id='word_1_417' title='bbox 1298 4917 1352 4973; x_wconf 79' lang='lat'><strong>646,</strong></span> <span class='ocrx_word' id='word_1_418' title='bbox 1365 4916 1427 4973; x_wconf 75' lang='lat'><strong>6773</strong></span> <span class='ocrx_word' id='word_1_419' title='bbox 1444 4914 1476 4961; x_wconf 84' lang='lat' dir='ltr'><strong>de</strong></span> <span class='ocrx_word' id='word_1_420' title='bbox 1493 4913 1588 4966; x_wconf 84' lang='lat' dir='ltr'><strong>Tbeux,</strong></span> <span class='ocrx_word' id='word_1_421' title='bbox 1606 4910 1642 4969; x_wconf 85' lang='lat' dir='ltr'><strong>II,</strong></span> 
     </span>
     <span class='ocr_line' id='line_1_41' title="bbox 285 4995 1041 5059; baseline -0.013 -8"><span class='ocrx_word' id='word_1_422' title='bbox 285 5003 385 5051; x_wconf 80' lang='grc'><strong>99-101.</strong></span> <span class='ocrx_word' id='word_1_423' title='bbox 396 5028 428 5037; x_wconf 97' lang='grc'>-</span> <span class='ocrx_word' id='word_1_424' title='bbox 439 5001 464 5049; x_wconf 76' lang='lat' dir='ltr'><strong>l.</strong></span> <span class='ocrx_word' id='word_1_425' title='bbox 474 4998 559 5059; x_wconf 80' lang='lat' dir='ltr'><strong>Vidnl,</strong></span> <span class='ocrx_word' id='word_1_426' title='bbox 571 5012 597 5047; x_wconf 88' lang='lat' dir='ltr'><strong>n.</strong></span> <span class='ocrx_word' id='word_1_427' title='bbox 606 5000 654 5047; x_wconf 74' lang='grc'><strong>569</strong></span> <span class='ocrx_word' id='word_1_428' title='bbox 666 5013 673 5056; x_wconf 87' lang='grc'><strong>;</strong></span> <span class='ocrx_word' id='word_1_429' title='bbox 683 4998 739 5045; x_wconf 78' lang='lat' dir='ltr'><strong>voir</strong></span> <span class='ocrx_word' id='word_1_430' title='bbox 749 4996 810 5059; x_wconf 78' lang='lat' dir='ltr'><strong>plue</strong></span> <span class='ocrx_word' id='word_1_431' title='bbox 819 4996 883 5045; x_wconf 73' lang='lat' dir='ltr'><strong>haut</strong></span> <span class='ocrx_word' id='word_1_432' title='bbox 895 5009 923 5043; x_wconf 88' lang='lat' dir='ltr'><strong>n.</strong></span> <span class='ocrx_word' id='word_1_433' title='bbox 934 4997 973 5053; x_wconf 80' lang='grc'><strong>56,</strong></span> <span class='ocrx_word' id='word_1_434' title='bbox 986 4995 1041 5041; x_wconf 80' lang='lat'><strong>411.</strong></span> 
     </span>
    </p>
   </div>
   <div class='ocr_carea' id='block_1_11' title="bbox 0 0 1845 5668">
    <p class='ocr_par' dir='ltr' id='par_1_14' title="bbox 0 0 1845 5668">
     <span class='ocr_line' id='line_1_42' title="bbox 0 0 1845 5668; baseline 0 0"><span class='ocrx_word' id='word_1_435' title='bbox 0 0 1845 5668; x_wconf 95' lang='lat' dir='ltr'><strong> </strong></span> 
     </span>
    </p>
   </div>
  </div>
 </body>
</html>
