3650 5675
576 495 662 569 1847,
686 494 726 558 28
748 493 941 559 novembress
963 493 1123 558 decembre.
1469 497 1532 563 847

227 646 363 731 1310.
1134 675 1229 741 1347,
1247 661 1289 723 28
1305 660 1489 725 novembre.

216 762 338 848 Supp...
351 761 470 828 Petrus
482 761 632 843 Cruilier,
644 763 807 848 presbiter
820 761 1036 828 Lemovicen.
1048 761 1146 843 dioc,
1155 771 1248 846 quat.
1259 763 1352 830 sibi...
1365 765 1407 829 de
1420 763 1533 830 officio

172 866 351 950 vulgariter
374 874 570 952 nuncupato
594 865 741 952 parreria
767 865 810 931 de
837 863 1098 947 Mostrencourt,
1123 865 1340 932 Cameracen.
1365 867 1475 949 dioc..
1490 868 1532 933 ad

173 968 339 1034 decimam
351 990 420 1035 non
435 977 562 1051 taxata,
580 968 624 1034 ad
640 970 716 1036 coll.
733 968 881 1055 episcopi
897 967 1147 1034 Cameracensis
1173 978 1349 1056 spectante
1368 985 1389 1051 ¹,
1405 990 1478 1036 vac.
1490 973 1532 1038 ad

174 1093 307 1159 presens
322 1073 356 1138 in
373 1071 464 1141 curia
481 1073 636 1140 Romana
652 1094 713 1159 per
728 1076 782 1140 ob.
797 1071 817 1151 J
820 1073 965 1139 ohannis
979 1072 1022 1138 de
1038 1072 1164 1154 Borto²,
1182 1074 1345 1160 capellani
1362 1073 1532 1158 quondam

173 1177 259 1242 sedis
273 1179 469 1264 apostolice,
486 1177 596 1264 ipsum
612 1176 760 1244 officium
776 1175 972 1258 obtinentis,
988 1177 1043 1262 qui
1069 1185 1164 1242 extra
1189 1177 1378 1243 Romanam
1403 1177 1530 1243 curiam

173 1279 229 1345 diu
244 1289 322 1347 ante
348 1281 510 1347 kalendas
524 1282 673 1347 octobris
699 1280 854 1367 proximo
876 1273 1059 1367 preteritas¹
1067 1280 1159 1346 diem
1176 1282 1295 1348 clausit
1320 1273 1506 1346 extremum
1522 1291 1534 1325 ³

173 1382 354 1467 dignemini
383 1385 582 1472 providere3
613 1406 681 1451 non
710 1387 796 1451 obst.
831 1383 922 1470 quod
948 1384 1099 1472 parroch.
1127 1385 1209 1450 eccl.
1237 1377 1280 1450 de
1305 1383 1533 1466 Behericourt,

176 1483 378 1553 Noviomen.
394 1487 491 1571 dioc,
508 1482 681 1571 obtineat,⁸
690 1498 726 1554 et
741 1488 831 1574 quod
847 1482 878 1554 S.
888 1486 929 1554 V.
939 1489 982 1555 de
993 1490 1114 1576 capell.
1124 1488 1166 1554 de
1177 1497 1288 1555 castro
1302 1481 1532 1572 Mellimontis‚

175 1587 354 1656 Belvacen.
370 1591 467 1675 dioc,
479 1593 539 1659 sibi
555 1594 700 1678 gratiam
715 1591 841 1659 iecerit.
856 1633 900 1642 --
924 1591 1000 1660 Fiat
1016 1589 1056 1657 R.

219 1694 297 1761 Dat.
313 1696 413 1762 Avin.
429 1720 449 1781 4
465 1696 530 1762 kal.
547 1696 620 1763 dec.
638 1703 672 1761 a⁰
689 1701 730 1761 6⁰.
748 1696 819 1781 (13,
837 1696 905 1779 66).
1012 1691 1016 1698 '

229 1857 355 1942 l3ll.
446 1867 449 1871 ’
1136 1889 1230 1956 1347,
1248 1875 1290 1936 28
1307 1872 1488 1937 novembre.

218 1973 340 2061 Supp...
367 1975 578 2042 Bennundus
601 1975 644 2041 de
672 1974 788 2056 Faet0,
805 1975 894 2061 prior
920 1975 1085 2061 prioratus
1110 1977 1216 2062 sancti
1241 1976 1387 2042 Severini
1404 1987 1426 2056 ⁴,
1455 1974 1531 2040 Clu-

176 2077 305 2150 niacen.
321 2079 402 2161 ord..
414 2089 507 2164 quat.
523 2079 584 2145 sibi
610 2078 859 2164 indulgenciam
878 2079 929 2166 [in
957 2088 1018 2146 art.
1034 2078 1185 2166 mort.]...
1211 2079 1395 2148 concedere
1418 2078 1532 2164 digne-

177 2181 289 2248 mini...
304 2223 348 2232 -
363 2182 440 2248 Fiat
456 2183 497 2249 R.
976 2247 979 2250 .

221 2284 299 2352 Dat.
313 2287 412 2353 Avin.
428 2311 448 2373 4
464 2309 543 2354 non.
558 2287 633 2354 dec.
649 2293 681 2351 a⁰
699 2291 741 2352 6⁰.
758 2287 828 2370 (13,
846 2287 901 2369 63)

230 2447 360 2533 1312.
1167 2480 1261 2545 1547,
1277 2484 1293 2546 3
1312 2467 1487 2528 decembre.

219 2563 337 2649 Sign...
354 2551 520 2632 Gerardus
542 2565 652 2634 dictus
675 2567 799 2633 Fures⁵
813 2576 848 2631 et
864 2565 1038 2644 Johannes
1059 2566 1168 2632 dictus
1190 2565 1233 2631 de
1258 2565 1428 2648 Hanikiel,
1446 2587 1535 2652 pres-

175 2667 271 2732 biteri
301 2667 489 2736 Tornacen.
519 2671 616 2752 dioc,
655 2672 745 2756 quod
775 2669 816 2737 G.
846 2669 889 2735 de
921 2669 1085 2755 Lamaing
1114 2678 1149 2735 et
1180 2668 1355 2748 Johannes
1393 2670 1533 2756 predicti

176 2771 207 2835 S.
224 2769 379 2838 Mauricii
396 2771 578 2840 Insulensis
593 2775 748 2861 parroch.
764 2774 932 2855 ecclesias,
945 2773 1074 2860 prefate
1084 2773 1267 2858 dioc.,quos
1277 2781 1358 2840 tunc
1372 2773 1534 2859 temporis

176 2875 374 2941 obtinebant
390 2898 432 2942 ex
447 2898 549 2943 causa
564 2878 826 2964 pennutacionis
842 2878 875 2942 in
891 2878 1044 2943 manibus
1068 2878 1108 2943 R.
1125 2877 1162 2943 P.
1180 2877 1221 2943 D.
1238 2876 1411 2963 Stephani,
1433 2878 1533 2964 episc.

176 2980 208 3044 S.
221 2980 336 3046 Poncii
348 2979 614 3064 Thomeriarum‚
627 2983 799 3048 camerarii
812 2982 924 3063 vestri,
936 3003 996 3069 per
1010 2990 1242 3068 procuratores
1251 3003 1367 3048 eorum
1382 2983 1535 3068 ydoneos

175 3083 308 3152 noviter
322 3085 583 3170 resignaverunt,
600 3086 776 3171 dictusque
799 3085 900 3173 episc.
917 3087 1163 3171 resignaciones
1178 3086 1367 3171 hujusmodi
1384 3086 1426 3151 de
1442 3108 1535 3152 man-

175 3186 254 3252 dato
277 3188 309 3253 S.
331 3187 371 3254 V.
386 3197 543 3256 oretenus
566 3190 627 3255 sibi
643 3190 734 3257 facto
758 3190 848 3276 apud
872 3190 987 3255 sedem
1017 3198 1124 3277 apost.
1141 3190 1286 3256 admisit.
1303 3190 1413 3274 Quare
1439 3210 1534 3278 supp.

175 3290 256 3356 dicti
272 3292 446 3377 presbiteri
469 3302 560 3378 quat.
577 3293 618 3359 G.
634 3294 677 3361 de
693 3294 725 3361 S.
742 3292 898 3361 Mauricii
916 3304 950 3360 et
965 3294 984 3373 J
988 3295 1112 3361 ohanni
1128 3295 1288 3380 predictis
1303 3295 1345 3361 de
1369 3295 1536 3381 Lamaing

173 3394 322 3460 ecclesiis
338 3395 535 3482 supradictis
550 3398 598 3464 sic
614 3419 700 3480 vac„
717 3398 780 3463 etsi
796 3399 984 3484 apostolice
999 3400 1087 3465 sedis
1106 3399 1187 3465 alias
1210 3398 1319 3471 forent
1345 3400 1535 3485 specialiter

176 3498 231 3561 vel
246 3500 444 3582 generaliter
457 3509 638 3584 reservate,
654 3501 837 3587 dignemini
853 3501 1040 3588 providere.
1065 3539 1096 3550 —
1118 3500 1193 3567 Fiat
1211 3500 1251 3567 R.

222 3600 300 3667 Dat.
316 3603 415 3668 Avin.
433 3625 450 3687 3
468 3625 547 3671 non.
563 3605 635 3671 dec.
649 3612 683 3670 a⁰
700 3610 741 3671 6⁰.
758 3608 827 3689 (13,
846 3607 930 3671 66'l.

233 3768 366 3854 1313-
1168 3799 1263 3865 1347,
1277 3801 1298 3865 3
1317 3783 1493 3845 decerrtbre.

222 3883 342 3968 Sign...
375 3883 549 3962 Johannes
579 3885 743 3951 Bauduini
782 3885 820 3952 B.
859 3884 909 3953 M.
939 3888 981 3953 de
1013 3884 1203 3970 Busiginau,
1235 3884 1466 3965 Cameracen,
1504 3892 1538 3948 et

178 3985 366 4055 Bernardus
390 3988 582 4055 Danandeti
610 3989 642 4056 S.
655 3988 745 4056 Petri
761 3989 804 4055 de
829 3988 929 4056 Fisco
945 3989 1104 4069 Blesensi,
1121 3988 1303 4053 Camoten.
1319 3987 1416 4067 dioc,
1433 4008 1538 4073 nuper
1577 4036 1584 4054 .

178 4090 435 4176 parrochialium
444 4089 663 4159 e'cclesiamm
671 4102 828 4176 rectores
835 4093 926 4179 quod
937 4094 1027 4160 idem
1032 4091 1052 4170 J
1055 4091 1207 4158 ohannes
1216 4109 1276 4174 per
1288 4110 1323 4154 se
1335 4090 1424 4155 dicte
1438 4088 1476 4154 B.
1488 4088 1537 4155 Μ.

177 4203 213 4261 et
237 4194 401 4263 Nicolaus
426 4196 470 4263 de
493 4196 775 4279 Hermondivilla,
798 4205 909 4264 rector
931 4194 1082 4281 parroch.
1107 4191 1189 4257 eccl.
1210 4191 1252 4256 de
1277 4188 1537 4271 Montemarino,

180 4299 320 4366 Remen.
332 4300 430 4381 dioc,
440 4309 636 4387 procurator
646 4301 748 4388 ipsius
760 4301 931 4381 Bemardi,
942 4351 958 4364 ..
972 4318 1070 4363 causa
1080 4293 1342 4382 permutacionis
1354 4294 1537 4361 faciende...

178 4404 213 4468 in
235 4403 390 4469 manibus
406 4402 447 4471 R.
460 4402 497 4470 P.
514 4404 556 4471 D.
573 4404 745 4492 Stephani,
762 4404 865 4491 episc.
880 4403 912 4468 S.
929 4402 1045 4468 Poncii
1068 4400 1376 4481 Thomeriarum,...
1394 4399 1538 4483 resigna·

178 4515 266 4572 runt.
294 4507 447 4591 Quare...
470 4527 565 4594 supp.
590 4509 653 4594 ipsi
679 4515 770 4592 quat.
797 4506 947 4585 Johanni
972 4505 1003 4572 S.
1021 4505 1110 4570 Petri
1137 4504 1179 4571 de
1204 4503 1303 4569 Fisco
1330 4502 1478 4569 Blesensi
1504 4511 1538 4567 et

213 4771 235 4820 l.
248 4770 284 4819 Ge
294 4769 408 4820 benefice
419 4771 462 4819 int
472 4772 579 4821 d'abord
590 4770 688 4835 oocupe
699 4786 746 4835 par
757 4772 865 4834 Hugues
876 4771 908 4820 de
919 4771 1033 4819 Pomiers
1044 4769 1113 4832 (noir
1124 4784 1150 4817 n.
1162 4769 1232 4831 409),
1241 4797 1272 4804 —
1284 4773 1306 4817 2.
1318 4768 1379 4816 Voir
1391 4783 1417 4818 n.
1430 4770 1539 4816 llll.-

180 4846 203 4894 3.
215 4843 278 4893 Voir
288 4858 315 4895 n.
328 4846 398 4896 1236.
410 4872 443 4881 -
459 4846 483 4896 4.
500 4844 603 4895 Prieure
614 4845 681 4895 situe
692 4846 757 4894 dnus
773 4846 797 4894 le
813 4842 913 4895 diocese
925 4846 957 4893 de
968 4842 1053 4906 Liege.
1066 4872 1093 4881 -
1116 4847 1139 4893 5.
1151 4844 1175 4891 ll
1186 4848 1224 4892 est
1236 4842 1287 4892 cite
1298 4857 1397 4893 comme
1414 4842 1539 4891 clinnoinc

179 4917 213 4967 de
224 4916 309 4967 ecelin
320 4932 352 4967 en
365 4920 436 4968 lats.
447 4918 580 4981 (Berlr'bre,
592 4920 697 4980 latent,
713 4928 743 4967 n·
754 4922 809 4980 274,
822 4918 891 4981 276.)
