<?xml version="1.0" encoding="UTF-8"?>
<!DOCTYPE html PUBLIC "-//W3C//DTD XHTML 1.0 Transitional//EN"
    "http://www.w3.org/TR/xhtml1/DTD/xhtml1-transitional.dtd">
<html xmlns="http://www.w3.org/1999/xhtml" xml:lang="en" lang="en">
 <head>
  <title>
</title>
<meta http-equiv="Content-Type" content="text/html;charset=utf-8" />
  <meta name='ocr-system' content='tesseract 3.04.00' />
  <meta name='ocr-capabilities' content='ocr_page ocr_carea ocr_par ocr_line ocrx_word'/>
</head>
<body>
  <div class='ocr_page' id='page_1' title='image "./suppliquesdeclm00berlgoog_0128.png"; bbox 0 0 3650 5675; ppageno 0'>
   <div class='ocr_carea' id='block_1_1' title="bbox 726 520 1558 604">
    <p class='ocr_par' dir='ltr' id='par_1_1' title="bbox 726 520 1558 604">
     <span class='ocr_line' id='line_1_1' title="bbox 726 520 1558 604; baseline -0.001 -17"><span class='ocrx_word' id='word_1_1' title='bbox 726 566 731 574; x_wconf 83' lang='lat'><strong>·</strong></span> <span class='ocrx_word' id='word_1_2' title='bbox 754 520 843 596; x_wconf 82' lang='grc'><strong>1343,</strong></span> <span class='ocrx_word' id='word_1_3' title='bbox 866 523 901 588; x_wconf 89' lang='grc'><strong>15</strong></span> <span class='ocrx_word' id='word_1_4' title='bbox 920 521 1003 604; x_wconf 80' lang='lat' dir='ltr'><strong>J&#39;uin.</strong></span> <span class='ocrx_word' id='word_1_5' title='bbox 1518 535 1558 600; x_wconf 80' lang='lat'><strong>83</strong></span> 
     </span>
    </p>
   </div>
   <div class='ocr_carea' id='block_1_2' title="bbox 190 669 1557 1176">
    <p class='ocr_par' dir='ltr' id='par_1_2' title="bbox 190 669 1557 1070">
     <span class='ocr_line' id='line_1_2' title="bbox 191 669 1557 762; baseline 0.013 -28"><span class='ocrx_word' id='word_1_6' title='bbox 191 669 295 755; x_wconf 88' lang='lat' dir='ltr'><strong>ipsius</strong></span> <span class='ocrx_word' id='word_1_7' title='bbox 310 671 404 751; x_wconf 82' lang='lat' dir='ltr'><strong>eccl,</strong></span> <span class='ocrx_word' id='word_1_8' title='bbox 421 691 486 756; x_wconf 88' lang='lat' dir='ltr'><strong>que</strong></span> <span class='ocrx_word' id='word_1_9' title='bbox 501 681 599 737; x_wconf 90' lang='lat' dir='ltr'><strong>erant</strong></span> <span class='ocrx_word' id='word_1_10' title='bbox 613 681 733 739; x_wconf 90' lang='lat' dir='ltr'><strong>tenues</strong></span> <span class='ocrx_word' id='word_1_11' title='bbox 747 681 783 740; x_wconf 89' lang='lat' dir='ltr'><strong>et</strong></span> <span class='ocrx_word' id='word_1_12' title='bbox 798 675 910 756; x_wconf 86' lang='lat' dir='ltr'><strong>exiles,</strong></span> <span class='ocrx_word' id='word_1_13' title='bbox 927 676 1099 762; x_wconf 90' lang='lat' dir='ltr'><strong>preposito</strong></span> <span class='ocrx_word' id='word_1_14' title='bbox 1126 678 1300 746; x_wconf 88' lang='lat' dir='ltr'><strong>antedicto</strong></span> <span class='ocrx_word' id='word_1_15' title='bbox 1331 691 1366 747; x_wconf 90' lang='lat' dir='ltr'><strong>et</strong></span> <span class='ocrx_word' id='word_1_16' title='bbox 1392 681 1557 752; x_wconf 90' lang='lat' dir='ltr'><strong>archidia-</strong></span> 
     </span>
     <span class='ocr_line' id='line_1_3' title="bbox 191 774 1555 872; baseline 0.011 -33"><span class='ocrx_word' id='word_1_17' title='bbox 191 794 281 839; x_wconf 95' lang='lat' dir='ltr'><strong>cono</strong></span> <span class='ocrx_word' id='word_1_18' title='bbox 305 774 371 840; x_wconf 90' lang='lat' dir='ltr'><strong>loci</strong></span> <span class='ocrx_word' id='word_1_19' title='bbox 397 775 505 841; x_wconf 90' lang='lat' dir='ltr'><strong>eciam</strong></span> <span class='ocrx_word' id='word_1_20' title='bbox 531 777 828 858; x_wconf 89' lang='lat' dir='ltr'><strong>consentientibus,</strong></span> <span class='ocrx_word' id='word_1_21' title='bbox 846 779 1001 845; x_wconf 89' lang='lat' dir='ltr'><strong>univit</strong></span> <span class='ocrx_word' id='word_1_22' title='bbox 1025 789 1060 846; x_wconf 92' lang='lat' dir='ltr'><strong>et</strong></span> <span class='ocrx_word' id='word_1_23' title='bbox 1086 781 1120 845; x_wconf 94' lang='lat' dir='ltr'><strong>in</strong></span> <span class='ocrx_word' id='word_1_24' title='bbox 1147 791 1346 868; x_wconf 91' lang='lat' dir='ltr'><strong>perpetuum</strong></span> <span class='ocrx_word' id='word_1_25' title='bbox 1362 787 1555 872; x_wconf 83' lang='lat' dir='ltr'>applicavit,</span> 
     </span>
     <span class='ocr_line' id='line_1_4' title="bbox 190 878 1553 975; baseline 0.012 -34"><span class='ocrx_word' id='word_1_26' title='bbox 190 885 291 963; x_wconf 89' lang='lat' dir='ltr'><strong>prout</strong></span> <span class='ocrx_word' id='word_1_27' title='bbox 307 878 341 941; x_wconf 92' lang='lat' dir='ltr'><strong>in</strong></span> <span class='ocrx_word' id='word_1_28' title='bbox 357 878 477 944; x_wconf 89' lang='lat' dir='ltr'><strong>litteris</strong></span> <span class='ocrx_word' id='word_1_29' title='bbox 501 879 579 945; x_wconf 92' lang='lat' dir='ltr'><strong>inde</strong></span> <span class='ocrx_word' id='word_1_30' title='bbox 603 880 798 947; x_wconf 85' lang='lat' dir='ltr'><strong>conlectis...</strong></span> <span class='ocrx_word' id='word_1_31' title='bbox 814 883 945 968; x_wconf 86' lang='lat' dir='ltr'>plenius</span> <span class='ocrx_word' id='word_1_32' title='bbox 973 884 1176 950; x_wconf 90' lang='lat' dir='ltr'><strong>continetur.</strong></span> <span class='ocrx_word' id='word_1_33' title='bbox 1191 885 1335 969; x_wconf 81' lang='lat' dir='ltr'><strong>Quare...</strong></span> <span class='ocrx_word' id='word_1_34' title='bbox 1351 909 1446 975; x_wconf 88' lang='lat' dir='ltr'><strong>supp.</strong></span> <span class='ocrx_word' id='word_1_35' title='bbox 1462 899 1553 975; x_wconf 91' lang='lat' dir='ltr'><strong>quat.</strong></span> 
     </span>
     <span class='ocr_line' id='line_1_5' title="bbox 190 982 1250 1070; baseline 0.008 -24"><span class='ocrx_word' id='word_1_36' title='bbox 190 982 352 1048; x_wconf 88' lang='lat' dir='ltr'><strong>unionem</strong></span> <span class='ocrx_word' id='word_1_37' title='bbox 368 982 558 1068; x_wconf 88' lang='lat' dir='ltr'><strong>hujusmodi</strong></span> <span class='ocrx_word' id='word_1_38' title='bbox 574 985 789 1070; x_wconf 86' lang='lat' dir='ltr'><strong>dignemini...</strong></span> <span class='ocrx_word' id='word_1_39' title='bbox 805 987 1036 1053; x_wconf 89' lang='lat' dir='ltr'><strong>confimrare...</strong></span> <span class='ocrx_word' id='word_1_40' title='bbox 1059 1026 1091 1036; x_wconf 94' lang='lat'><em>-</em></span> <span class='ocrx_word' id='word_1_41' title='bbox 1112 986 1190 1054; x_wconf 89' lang='lat' dir='ltr'><strong>Fiat</strong></span> <span class='ocrx_word' id='word_1_42' title='bbox 1210 988 1250 1056; x_wconf 88' lang='lat' dir='ltr'><strong>R.</strong></span> 
     </span>
    </p>

    <p class='ocr_par' dir='ltr' id='par_1_3' title="bbox 234 1085 897 1176">
     <span class='ocr_line' id='line_1_6' title="bbox 234 1085 897 1176; baseline 0.011 -26"><span class='ocrx_word' id='word_1_43' title='bbox 234 1085 316 1152; x_wconf 90' lang='lat' dir='ltr'><strong>Dat.</strong></span> <span class='ocrx_word' id='word_1_44' title='bbox 331 1086 433 1152; x_wconf 83' lang='lat' dir='ltr'><strong>Avin.</strong></span> <span class='ocrx_word' id='word_1_45' title='bbox 452 1107 469 1172; x_wconf 84' lang='lat'><strong>5</strong></span> <span class='ocrx_word' id='word_1_46' title='bbox 486 1088 530 1153; x_wconf 94' lang='lat' dir='ltr'><strong>id.</strong></span> <span class='ocrx_word' id='word_1_47' title='bbox 542 1089 625 1172; x_wconf 87' lang='lat' dir='ltr'><strong>junii</strong></span> <span class='ocrx_word' id='word_1_48' title='bbox 642 1097 676 1155; x_wconf 90' lang='lat' dir='ltr'><strong>a⁰</strong></span> <span class='ocrx_word' id='word_1_49' title='bbox 692 1097 734 1155; x_wconf 86' lang='lat'><strong>2⁰.</strong></span> <span class='ocrx_word' id='word_1_50' title='bbox 746 1091 795 1173; x_wconf 85' lang='lat'><strong>(5,</strong></span> <span class='ocrx_word' id='word_1_51' title='bbox 813 1092 897 1176; x_wconf 58' lang='lat' dir='ltr'><strong>35i).</strong></span> 
     </span>
    </p>
   </div>
   <div class='ocr_carea' id='block_1_3' title="bbox 182 1233 1549 3729">
    <p class='ocr_par' dir='ltr' id='par_1_4' title="bbox 239 1233 1508 1337">
     <span class='ocr_line' id='line_1_7' title="bbox 239 1233 1508 1337; baseline 0.001 -17"><span class='ocrx_word' id='word_1_52' title='bbox 239 1233 357 1320; x_wconf 85' lang='grc'><strong>388.</strong></span> <span class='ocrx_word' id='word_1_53' title='bbox 1258 1272 1353 1337; x_wconf 71' lang='lat'><em>1543,</em></span> <span class='ocrx_word' id='word_1_54' title='bbox 1370 1273 1411 1336; x_wconf 85' lang='lat'><strong>15</strong></span> <span class='ocrx_word' id='word_1_55' title='bbox 1420 1253 1508 1337; x_wconf 84' lang='lat' dir='ltr'><strong>juin.</strong></span> 
     </span>
    </p>

    <p class='ocr_par' dir='ltr' id='par_1_5' title="bbox 182 1351 1549 3605">
     <span class='ocr_line' id='line_1_8' title="bbox 230 1351 1549 1442; baseline 0.005 -26"><span class='ocrx_word' id='word_1_56' title='bbox 230 1353 321 1438; x_wconf 90' lang='lat' dir='ltr'><strong>Sign.</strong></span> <span class='ocrx_word' id='word_1_57' title='bbox 346 1354 380 1420; x_wconf 89' lang='lat' dir='ltr'><strong>S.</strong></span> <span class='ocrx_word' id='word_1_58' title='bbox 394 1351 436 1418; x_wconf 90' lang='lat' dir='ltr'><strong>V.</strong></span> <span class='ocrx_word' id='word_1_59' title='bbox 451 1351 673 1436; x_wconf 79' lang='lat' dir='ltr'><strong>B(emardus)</strong></span> <span class='ocrx_word' id='word_1_60' title='bbox 691 1361 711 1432; x_wconf 87' lang='lat'><strong>¹,</strong></span> <span class='ocrx_word' id='word_1_61' title='bbox 726 1353 816 1418; x_wconf 92' lang='lat' dir='ltr'><strong>tituli</strong></span> <span class='ocrx_word' id='word_1_62' title='bbox 832 1354 863 1418; x_wconf 88' lang='lat' dir='ltr'><strong>S.</strong></span> <span class='ocrx_word' id='word_1_63' title='bbox 881 1353 1002 1420; x_wconf 90' lang='lat' dir='ltr'><strong>Ciriaci</strong></span> <span class='ocrx_word' id='word_1_64' title='bbox 1019 1355 1052 1419; x_wconf 93' lang='lat' dir='ltr'><strong>in</strong></span> <span class='ocrx_word' id='word_1_65' title='bbox 1078 1355 1208 1421; x_wconf 90' lang='lat' dir='ltr'><strong>Termis</strong></span> <span class='ocrx_word' id='word_1_66' title='bbox 1223 1358 1331 1442; x_wconf 88' lang='lat' dir='ltr'><strong>presb.</strong></span> <span class='ocrx_word' id='word_1_67' title='bbox 1348 1356 1447 1438; x_wconf 88' lang='lat' dir='ltr'><strong>card,</strong></span> <span class='ocrx_word' id='word_1_68' title='bbox 1469 1359 1549 1423; x_wconf 94' lang='lat' dir='ltr'><strong>olim</strong></span> 
     </span>
     <span class='ocr_line' id='line_1_9' title="bbox 186 1455 1549 1545; baseline 0.005 -25"><span class='ocrx_word' id='word_1_69' title='bbox 186 1457 270 1522; x_wconf 91' lang='lat' dir='ltr'><strong>eccl.</strong></span> <span class='ocrx_word' id='word_1_70' title='bbox 297 1457 329 1522; x_wconf 93' lang='lat' dir='ltr'><strong>S.</strong></span> <span class='ocrx_word' id='word_1_71' title='bbox 357 1456 547 1523; x_wconf 88' lang='lat' dir='ltr'><strong>Donaciani</strong></span> <span class='ocrx_word' id='word_1_72' title='bbox 573 1455 752 1541; x_wconf 89' lang='lat' dir='ltr'><strong>Brugensis</strong></span> <span class='ocrx_word' id='word_1_73' title='bbox 778 1469 798 1537; x_wconf 79' lang='lat'><strong>²,</strong></span> <span class='ocrx_word' id='word_1_74' title='bbox 824 1456 1014 1524; x_wconf 89' lang='lat' dir='ltr'><strong>Tornacen.</strong></span> <span class='ocrx_word' id='word_1_75' title='bbox 1041 1459 1138 1540; x_wconf 69' lang='lat' dir='ltr'><strong>dioc„</strong></span> <span class='ocrx_word' id='word_1_76' title='bbox 1163 1461 1321 1541; x_wconf 87' lang='lat' dir='ltr'><strong>decanus,</strong></span> <span class='ocrx_word' id='word_1_77' title='bbox 1349 1461 1440 1545; x_wconf 93' lang='lat' dir='ltr'><strong>quod</strong></span> <span class='ocrx_word' id='word_1_78' title='bbox 1469 1462 1549 1528; x_wconf 88' lang='lat' dir='ltr'><strong>licet</strong></span> 
     </span>
     <span class='ocr_line' id='line_1_10' title="bbox 185 1560 1548 1651; baseline 0.005 -26"><span class='ocrx_word' id='word_1_79' title='bbox 185 1560 335 1626; x_wconf 88' lang='lat' dir='ltr'><strong>decanus</strong></span> <span class='ocrx_word' id='word_1_80' title='bbox 349 1562 500 1647; x_wconf 86' lang='lat' dir='ltr'><strong>ejusdem</strong></span> <span class='ocrx_word' id='word_1_81' title='bbox 515 1562 609 1642; x_wconf 86' lang='lat' dir='ltr'><strong>eccl,</strong></span> <span class='ocrx_word' id='word_1_82' title='bbox 625 1562 681 1646; x_wconf 90' lang='lat' dir='ltr'><strong>qui</strong></span> <span class='ocrx_word' id='word_1_83' title='bbox 698 1570 749 1627; x_wconf 88' lang='lat' dir='ltr'><strong>est</strong></span> <span class='ocrx_word' id='word_1_84' title='bbox 764 1582 826 1647; x_wconf 90' lang='lat' dir='ltr'><strong>pro</strong></span> <span class='ocrx_word' id='word_1_85' title='bbox 841 1570 1006 1648; x_wconf 87' lang='lat' dir='ltr'><strong>tempore,</strong></span> <span class='ocrx_word' id='word_1_86' title='bbox 1023 1564 1066 1630; x_wconf 88' lang='lat' dir='ltr'><strong>sit</strong></span> <span class='ocrx_word' id='word_1_87' title='bbox 1082 1571 1186 1650; x_wconf 92' lang='lat' dir='ltr'><strong>caput</strong></span> <span class='ocrx_word' id='word_1_88' title='bbox 1201 1565 1338 1651; x_wconf 91' lang='lat' dir='ltr'><strong>capituli</strong></span> <span class='ocrx_word' id='word_1_89' title='bbox 1356 1566 1438 1632; x_wconf 92' lang='lat' dir='ltr'><strong>eccl.</strong></span> <span class='ocrx_word' id='word_1_90' title='bbox 1454 1575 1548 1632; x_wconf 90' lang='lat' dir='ltr'><strong>ante-</strong></span> 
     </span>
     <span class='ocr_line' id='line_1_11' title="bbox 185 1664 1548 1754; baseline 0.004 -25"><span class='ocrx_word' id='word_1_91' title='bbox 185 1664 276 1730; x_wconf 88' lang='lat' dir='ltr'><strong>dicte</strong></span> <span class='ocrx_word' id='word_1_92' title='bbox 291 1685 333 1731; x_wconf 89' lang='lat' dir='ltr'><strong>ac</strong></span> <span class='ocrx_word' id='word_1_93' title='bbox 349 1685 463 1731; x_wconf 92' lang='lat' dir='ltr'><strong>curam</strong></span> <span class='ocrx_word' id='word_1_94' title='bbox 479 1673 514 1730; x_wconf 93' lang='lat' dir='ltr'><strong>et</strong></span> <span class='ocrx_word' id='word_1_95' title='bbox 525 1665 674 1750; x_wconf 88' lang='lat' dir='ltr'><strong>regimen</strong></span> <span class='ocrx_word' id='word_1_96' title='bbox 690 1666 905 1730; x_wconf 90' lang='lat' dir='ltr'><strong>ecclesiarum</strong></span> <span class='ocrx_word' id='word_1_97' title='bbox 917 1685 1131 1752; x_wconf 89' lang='lat' dir='ltr'><strong>personarum</strong></span> <span class='ocrx_word' id='word_1_98' title='bbox 1143 1668 1279 1754; x_wconf 90' lang='lat' dir='ltr'><strong>capituli</strong></span> <span class='ocrx_word' id='word_1_99' title='bbox 1290 1689 1404 1752; x_wconf 86' lang='lat' dir='ltr'>gerere</span> <span class='ocrx_word' id='word_1_100' title='bbox 1415 1669 1548 1752; x_wconf 69' lang='lat' dir='ltr'><strong>habeat,</strong></span> 
     </span>
     <span class='ocr_line' id='line_1_12' title="bbox 185 1769 1548 1858; baseline 0.004 -26"><span class='ocrx_word' id='word_1_101' title='bbox 185 1775 302 1834; x_wconf 89' lang='lat' dir='ltr'><strong>tamen</strong></span> <span class='ocrx_word' id='word_1_102' title='bbox 319 1770 398 1853; x_wconf 91' lang='lat' dir='ltr'><strong>quia</strong></span> <span class='ocrx_word' id='word_1_103' title='bbox 415 1769 600 1835; x_wconf 88' lang='lat' dir='ltr'><strong>decanatus</strong></span> <span class='ocrx_word' id='word_1_104' title='bbox 615 1769 786 1854; x_wconf 88' lang='lat' dir='ltr'><strong>predictus</strong></span> <span class='ocrx_word' id='word_1_105' title='bbox 812 1769 875 1835; x_wconf 87' lang='lat' dir='ltr'><strong>fuit</strong></span> <span class='ocrx_word' id='word_1_106' title='bbox 890 1779 925 1835; x_wconf 89' lang='lat' dir='ltr'><strong>et</strong></span> <span class='ocrx_word' id='word_1_107' title='bbox 949 1778 1001 1835; x_wconf 89' lang='lat' dir='ltr'><strong>est</strong></span> <span class='ocrx_word' id='word_1_108' title='bbox 1028 1771 1123 1836; x_wconf 91' lang='lat' dir='ltr'><strong>alteri</strong></span> <span class='ocrx_word' id='word_1_109' title='bbox 1140 1792 1240 1855; x_wconf 90' lang='lat' dir='ltr'><strong>quam</strong></span> <span class='ocrx_word' id='word_1_110' title='bbox 1265 1773 1430 1837; x_wconf 87' lang='lat' dir='ltr'><strong>canonico</strong></span> <span class='ocrx_word' id='word_1_111' title='bbox 1446 1773 1548 1858; x_wconf 88' lang='lat' dir='ltr'><strong>ipsius</strong></span> 
     </span>
     <span class='ocr_line' id='line_1_13' title="bbox 187 1871 1547 1961; baseline 0.002 -24"><span class='ocrx_word' id='word_1_112' title='bbox 187 1873 329 1937; x_wconf 86' lang='lat' dir='ltr'><strong>ecclesie</strong></span> <span class='ocrx_word' id='word_1_113' title='bbox 343 1874 541 1958; x_wconf 85' lang='lat' dir='ltr'><strong>assignatus,</strong></span> <span class='ocrx_word' id='word_1_114' title='bbox 563 1871 637 1958; x_wconf 84' lang='lat' dir='ltr'><strong>jura</strong></span> <span class='ocrx_word' id='word_1_115' title='bbox 654 1872 756 1958; x_wconf 90' lang='lat' dir='ltr'><strong>ipsius</strong></span> <span class='ocrx_word' id='word_1_116' title='bbox 778 1873 920 1939; x_wconf 87' lang='lat' dir='ltr'><strong>ecclesie</strong></span> <span class='ocrx_word' id='word_1_117' title='bbox 945 1895 1014 1939; x_wconf 94' lang='lat' dir='ltr'><strong>non</strong></span> <span class='ocrx_word' id='word_1_118' title='bbox 1031 1875 1173 1956; x_wconf 84' lang='lat' dir='ltr'><strong>suerunt,</strong></span> <span class='ocrx_word' id='word_1_119' title='bbox 1198 1875 1374 1961; x_wconf 83' lang='lat' dir='ltr'><strong>presertim</strong></span> <span class='ocrx_word' id='word_1_120' title='bbox 1393 1883 1547 1961; x_wconf 88' lang='lat' dir='ltr'><strong>tempore</strong></span> 
     </span>
     <span class='ocr_line' id='line_1_14' title="bbox 186 1976 1546 2064; baseline 0.004 -24"><span class='ocrx_word' id='word_1_121' title='bbox 186 1996 388 2060; x_wconf 82' lang='lat' dir='ltr'><strong>guerrarum,</strong></span> <span class='ocrx_word' id='word_1_122' title='bbox 405 1977 520 2061; x_wconf 90' lang='lat' dir='ltr'><strong>quein</strong></span> <span class='ocrx_word' id='word_1_123' title='bbox 537 1977 601 2042; x_wconf 89' lang='lat' dir='ltr'><strong>illis</strong></span> <span class='ocrx_word' id='word_1_124' title='bbox 616 1976 768 2062; x_wconf 88' lang='lat' dir='ltr'><strong>partibus</strong></span> <span class='ocrx_word' id='word_1_125' title='bbox 782 1977 885 2062; x_wconf 91' lang='lat' dir='ltr'><strong>longo</strong></span> <span class='ocrx_word' id='word_1_126' title='bbox 900 1985 1053 2064; x_wconf 91' lang='lat' dir='ltr'><strong>tempore</strong></span> <span class='ocrx_word' id='word_1_127' title='bbox 1077 1977 1280 2064; x_wconf 88' lang='lat' dir='ltr'><strong>ingruerunt,</strong></span> <span class='ocrx_word' id='word_1_128' title='bbox 1297 1987 1331 2044; x_wconf 89' lang='lat' dir='ltr'><strong>et</strong></span> <span class='ocrx_word' id='word_1_129' title='bbox 1355 1979 1439 2044; x_wconf 90' lang='lat' dir='ltr'><strong>alias</strong></span> <span class='ocrx_word' id='word_1_130' title='bbox 1461 1980 1546 2045; x_wconf 90' lang='lat' dir='ltr'><strong>sicut</strong></span> 
     </span>
     <span class='ocr_line' id='line_1_15' title="bbox 187 2079 1547 2168; baseline 0.005 -25"><span class='ocrx_word' id='word_1_131' title='bbox 187 2079 333 2166; x_wconf 88' lang='lat' dir='ltr'><strong>expedit,</strong></span> <span class='ocrx_word' id='word_1_132' title='bbox 350 2080 549 2146; x_wconf 87' lang='lat' dir='ltr'><strong>deffensata.</strong></span> <span class='ocrx_word' id='word_1_133' title='bbox 573 2080 683 2164; x_wconf 83' lang='lat' dir='ltr'><strong>Quare</strong></span> <span class='ocrx_word' id='word_1_134' title='bbox 700 2088 837 2166; x_wconf 92' lang='lat' dir='ltr'><strong>propter</strong></span> <span class='ocrx_word' id='word_1_135' title='bbox 858 2081 1051 2147; x_wconf 62' lang='lat' dir='ltr'><strong>elidentem</strong></span> <span class='ocrx_word' id='word_1_136' title='bbox 1073 2082 1175 2168; x_wconf 92' lang='lat' dir='ltr'><strong>ipsius</strong></span> <span class='ocrx_word' id='word_1_137' title='bbox 1202 2083 1283 2149; x_wconf 89' lang='lat' dir='ltr'><strong>eccl.</strong></span> <span class='ocrx_word' id='word_1_138' title='bbox 1307 2083 1488 2149; x_wconf 85' lang='lat' dir='ltr'><strong>utilitatem</strong></span> <span class='ocrx_word' id='word_1_139' title='bbox 1512 2092 1547 2150; x_wconf 89' lang='lat' dir='ltr'><strong>et</strong></span> 
     </span>
     <span class='ocr_line' id='line_1_16' title="bbox 185 2183 1547 2275; baseline 0.005 -28"><span class='ocrx_word' id='word_1_140' title='bbox 185 2183 391 2249; x_wconf 87' lang='lat' dir='ltr'><strong>eminentem</strong></span> <span class='ocrx_word' id='word_1_141' title='bbox 407 2184 654 2265; x_wconf 88' lang='lat' dir='ltr'><strong>necessitatem,</strong></span> <span class='ocrx_word' id='word_1_142' title='bbox 670 2192 705 2249; x_wconf 91' lang='lat' dir='ltr'><strong>et</strong></span> <span class='ocrx_word' id='word_1_143' title='bbox 731 2193 769 2250; x_wconf 92' lang='lat' dir='ltr'><strong>ut</strong></span> <span class='ocrx_word' id='word_1_144' title='bbox 796 2185 882 2250; x_wconf 90' lang='lat' dir='ltr'><strong>inter</strong></span> <span class='ocrx_word' id='word_1_145' title='bbox 896 2185 1072 2268; x_wconf 89' lang='lat' dir='ltr'><strong>decanum,</strong></span> <span class='ocrx_word' id='word_1_146' title='bbox 1089 2187 1146 2270; x_wconf 91' lang='lat' dir='ltr'><strong>qui</strong></span> <span class='ocrx_word' id='word_1_147' title='bbox 1172 2187 1234 2252; x_wconf 87' lang='lat' dir='ltr'><strong>erit</strong></span> <span class='ocrx_word' id='word_1_148' title='bbox 1257 2207 1318 2274; x_wconf 89' lang='lat' dir='ltr'><strong>pro</strong></span> <span class='ocrx_word' id='word_1_149' title='bbox 1332 2196 1496 2275; x_wconf 91' lang='lat' dir='ltr'><strong>ternpore,</strong></span> <span class='ocrx_word' id='word_1_150' title='bbox 1512 2198 1547 2254; x_wconf 89' lang='lat' dir='ltr'><strong>et</strong></span> 
     </span>
     <span class='ocr_line' id='line_1_17' title="bbox 186 2289 1547 2376; baseline 0.003 -24"><span class='ocrx_word' id='word_1_151' title='bbox 186 2289 370 2373; x_wconf 84' lang='lat' dir='ltr'><strong>capitulum</strong></span> <span class='ocrx_word' id='word_1_152' title='bbox 386 2296 611 2354; x_wconf 88' lang='lat' dir='ltr'><strong>memoratum</strong></span> <span class='ocrx_word' id='word_1_153' title='bbox 627 2289 774 2353; x_wconf 83' lang='lat' dir='ltr'><strong>fratema</strong></span> <span class='ocrx_word' id='word_1_154' title='bbox 792 2290 871 2355; x_wconf 91' lang='lat' dir='ltr'><strong>unio</strong></span> <span class='ocrx_word' id='word_1_155' title='bbox 895 2291 1001 2376; x_wconf 90' lang='lat' dir='ltr'><strong>possit</strong></span> <span class='ocrx_word' id='word_1_156' title='bbox 1016 2298 1180 2376; x_wconf 89' lang='lat' dir='ltr'><strong>perpetuo</strong></span> <span class='ocrx_word' id='word_1_157' title='bbox 1203 2289 1354 2371; x_wconf 88' lang='lat' dir='ltr'><strong>radicari,</strong></span> <span class='ocrx_word' id='word_1_158' title='bbox 1377 2291 1547 2356; x_wconf 90' lang='lat' dir='ltr'><strong>humiliter</strong></span> 
     </span>
     <span class='ocr_line' id='line_1_18' title="bbox 185 2393 1543 2482; baseline 0.003 -24"><span class='ocrx_word' id='word_1_159' title='bbox 185 2412 281 2478; x_wconf 92' lang='lat' dir='ltr'><strong>supp.</strong></span> <span class='ocrx_word' id='word_1_160' title='bbox 296 2400 389 2476; x_wconf 93' lang='lat' dir='ltr'><strong>quat.</strong></span> <span class='ocrx_word' id='word_1_161' title='bbox 405 2393 532 2478; x_wconf 92' lang='lat' dir='ltr'><strong>primos</strong></span> <span class='ocrx_word' id='word_1_162' title='bbox 547 2414 622 2459; x_wconf 93' lang='lat' dir='ltr'><strong>can.</strong></span> <span class='ocrx_word' id='word_1_163' title='bbox 639 2401 673 2458; x_wconf 91' lang='lat' dir='ltr'><strong>et</strong></span> <span class='ocrx_word' id='word_1_164' title='bbox 688 2397 781 2480; x_wconf 89' lang='lat' dir='ltr'><strong>preb.</strong></span> <span class='ocrx_word' id='word_1_165' title='bbox 796 2394 831 2458; x_wconf 92' lang='lat' dir='ltr'><strong>in</strong></span> <span class='ocrx_word' id='word_1_166' title='bbox 848 2394 939 2460; x_wconf 90' lang='lat' dir='ltr'><strong>dicta</strong></span> <span class='ocrx_word' id='word_1_167' title='bbox 966 2396 1049 2460; x_wconf 90' lang='lat' dir='ltr'><strong>eccl.</strong></span> <span class='ocrx_word' id='word_1_168' title='bbox 1065 2403 1186 2476; x_wconf 83' lang='lat' dir='ltr'><strong>vacat,</strong></span> <span class='ocrx_word' id='word_1_169' title='bbox 1204 2415 1287 2481; x_wconf 92' lang='lat' dir='ltr'><strong>quos</strong></span> <span class='ocrx_word' id='word_1_170' title='bbox 1302 2395 1373 2482; x_wconf 90' lang='lat' dir='ltr'><strong>ipse</strong></span> <span class='ocrx_word' id='word_1_171' title='bbox 1388 2395 1543 2477; x_wconf 90' lang='lat' dir='ltr'><strong>decanus,</strong></span> 
     </span>
     <span class='ocr_line' id='line_1_19' title="bbox 185 2495 1542 2585; baseline 0.004 -25"><span class='ocrx_word' id='word_1_172' title='bbox 185 2495 242 2581; x_wconf 89' lang='lat' dir='ltr'><strong>qui</strong></span> <span class='ocrx_word' id='word_1_173' title='bbox 257 2517 347 2562; x_wconf 89' lang='lat' dir='ltr'><strong>nunc</strong></span> <span class='ocrx_word' id='word_1_174' title='bbox 362 2505 413 2562; x_wconf 89' lang='lat' dir='ltr'><strong>est</strong></span> <span class='ocrx_word' id='word_1_175' title='bbox 429 2498 483 2562; x_wconf 89' lang='lat' dir='ltr'><strong>vel</strong></span> <span class='ocrx_word' id='word_1_176' title='bbox 500 2497 564 2562; x_wconf 88' lang='lat' dir='ltr'><strong>erit</strong></span> <span class='ocrx_word' id='word_1_177' title='bbox 579 2518 641 2583; x_wconf 88' lang='lat' dir='ltr'><strong>pro</strong></span> <span class='ocrx_word' id='word_1_178' title='bbox 656 2506 819 2583; x_wconf 89' lang='lat' dir='ltr'><strong>tempore,</strong></span> <span class='ocrx_word' id='word_1_179' title='bbox 836 2497 968 2564; x_wconf 90' lang='lat' dir='ltr'><strong>duxerit</strong></span> <span class='ocrx_word' id='word_1_180' title='bbox 994 2498 1229 2585; x_wconf 88' lang='lat' dir='ltr'><strong>acceptandos,</strong></span> <span class='ocrx_word' id='word_1_181' title='bbox 1246 2520 1379 2564; x_wconf 90' lang='lat' dir='ltr'><strong>necnon</strong></span> <span class='ocrx_word' id='word_1_182' title='bbox 1404 2499 1542 2565; x_wconf 92' lang='lat' dir='ltr'><strong>domurn</strong></span> 
     </span>
     <span class='ocr_line' id='line_1_20' title="bbox 185 2600 1545 2686; baseline 0.001 -20"><span class='ocrx_word' id='word_1_183' title='bbox 185 2601 320 2666; x_wconf 89' lang='lat' dir='ltr'><strong>claustri</strong></span> <span class='ocrx_word' id='word_1_184' title='bbox 335 2600 537 2686; x_wconf 88' lang='lat' dir='ltr'><strong>capitularis,</strong></span> <span class='ocrx_word' id='word_1_185' title='bbox 554 2623 655 2686; x_wconf 90' lang='lat' dir='ltr'><strong>quarn</strong></span> <span class='ocrx_word' id='word_1_186' title='bbox 670 2610 738 2666; x_wconf 88' lang='lat' dir='ltr'><strong>tres</strong></span> <span class='ocrx_word' id='word_1_187' title='bbox 753 2601 873 2666; x_wconf 90' lang='lat' dir='ltr'><strong>decani</strong></span> <span class='ocrx_word' id='word_1_188' title='bbox 890 2621 967 2666; x_wconf 89' lang='lat' dir='ltr'><strong>cum</strong></span> <span class='ocrx_word' id='word_1_189' title='bbox 983 2621 1073 2666; x_wconf 91' lang='lat' dir='ltr'><strong>nunc</strong></span> <span class='ocrx_word' id='word_1_190' title='bbox 1088 2609 1243 2686; x_wconf 88' lang='lat' dir='ltr'><strong>presente</strong></span> <span class='ocrx_word' id='word_1_191' title='bbox 1256 2602 1419 2667; x_wconf 90' lang='lat' dir='ltr'><strong>hactenus</strong></span> <span class='ocrx_word' id='word_1_192' title='bbox 1428 2611 1545 2668; x_wconf 91' lang='lat' dir='ltr'><strong>tenue·</strong></span> 
     </span>
     <span class='ocr_line' id='line_1_21' title="bbox 183 2704 1545 2790; baseline 0.001 -21"><span class='ocrx_word' id='word_1_193' title='bbox 183 2712 272 2784; x_wconf 89' lang='lat' dir='ltr'><strong>runt,</strong></span> <span class='ocrx_word' id='word_1_194' title='bbox 287 2704 415 2770; x_wconf 85' lang='lat' dir='ltr'><strong>dictam</strong></span> <span class='ocrx_word' id='word_1_195' title='bbox 430 2704 569 2770; x_wconf 89' lang='lat' dir='ltr'><strong>domum</strong></span> <span class='ocrx_word' id='word_1_196' title='bbox 594 2705 629 2770; x_wconf 94' lang='lat' dir='ltr'><strong>in</strong></span> <span class='ocrx_word' id='word_1_197' title='bbox 653 2705 891 2772; x_wconf 86' lang='lat' dir='ltr'><strong>refectionibus</strong></span> <span class='ocrx_word' id='word_1_198' title='bbox 917 2705 1030 2771; x_wconf 89' lang='lat' dir='ltr'><strong>debite</strong></span> <span class='ocrx_word' id='word_1_199' title='bbox 1057 2705 1261 2784; x_wconf 87' lang='lat' dir='ltr'><strong>sustinendo,</strong></span> <span class='ocrx_word' id='word_1_200' title='bbox 1288 2705 1419 2790; x_wconf 85' lang='lat' dir='ltr'><strong>prefato</strong></span> <span class='ocrx_word' id='word_1_201' title='bbox 1449 2705 1545 2770; x_wconf 90' lang='lat' dir='ltr'><strong>deca-</strong></span> 
     </span>
     <span class='ocr_line' id='line_1_22' title="bbox 183 2807 1539 2897; baseline 0 -23"><span class='ocrx_word' id='word_1_202' title='bbox 183 2809 279 2875; x_wconf 87' lang='lat' dir='ltr'><strong>natui</strong></span> <span class='ocrx_word' id='word_1_203' title='bbox 295 2830 336 2875; x_wconf 88' lang='lat' dir='ltr'><strong>ex</strong></span> <span class='ocrx_word' id='word_1_204' title='bbox 351 2830 442 2876; x_wconf 91' lang='lat' dir='ltr'><strong>nunc</strong></span> <span class='ocrx_word' id='word_1_205' title='bbox 458 2830 536 2876; x_wconf 90' lang='lat' dir='ltr'><strong>cum</strong></span> <span class='ocrx_word' id='word_1_206' title='bbox 551 2810 760 2896; x_wconf 89' lang='lat' dir='ltr'><strong>plenitudine</strong></span> <span class='ocrx_word' id='word_1_207' title='bbox 772 2811 855 2897; x_wconf 91' lang='lat' dir='ltr'><strong>juris</strong></span> <span class='ocrx_word' id='word_1_208' title='bbox 870 2809 1024 2877; x_wconf 87' lang='lat' dir='ltr'><strong>canonici</strong></span> <span class='ocrx_word' id='word_1_209' title='bbox 1050 2831 1092 2877; x_wconf 90' lang='lat' dir='ltr'><strong>ac</strong></span> <span class='ocrx_word' id='word_1_210' title='bbox 1114 2809 1269 2876; x_wconf 89' lang='lat' dir='ltr'><strong>omnibus</strong></span> <span class='ocrx_word' id='word_1_211' title='bbox 1280 2807 1407 2894; x_wconf 87' lang='lat' dir='ltr'><strong>juribus</strong></span> <span class='ocrx_word' id='word_1_212' title='bbox 1422 2816 1456 2874; x_wconf 91' lang='lat' dir='ltr'><strong>et</strong></span> <span class='ocrx_word' id='word_1_213' title='bbox 1472 2829 1539 2894; x_wconf 91' lang='lat' dir='ltr'><strong>per-</strong></span> 
     </span>
     <span class='ocr_line' id='line_1_23' title="bbox 183 2913 1543 3002; baseline 0 -23"><span class='ocrx_word' id='word_1_214' title='bbox 183 2913 340 2979; x_wconf 88' lang='lat' dir='ltr'><strong>tinenciis</strong></span> <span class='ocrx_word' id='word_1_215' title='bbox 354 2922 444 2980; x_wconf 88' lang='lat' dir='ltr'><strong>auct.</strong></span> <span class='ocrx_word' id='word_1_216' title='bbox 460 2922 606 3000; x_wconf 89' lang='lat' dir='ltr'><strong>apost.et</strong></span> <span class='ocrx_word' id='word_1_217' title='bbox 620 2924 716 2981; x_wconf 93' lang='lat' dir='ltr'><strong>motu</strong></span> <span class='ocrx_word' id='word_1_218' title='bbox 730 2917 866 3002; x_wconf 89' lang='lat' dir='ltr'><strong>proprio</strong></span> <span class='ocrx_word' id='word_1_219' title='bbox 881 2914 1065 2999; x_wconf 88' lang='lat' dir='ltr'><strong>dignemini</strong></span> <span class='ocrx_word' id='word_1_220' title='bbox 1082 2914 1328 3001; x_wconf 86' lang='lat' dir='ltr'><strong>imperpetuum</strong></span> <span class='ocrx_word' id='word_1_221' title='bbox 1344 2921 1543 2981; x_wconf 81' lang='lat' dir='ltr'><strong>connectere</strong></span> 
     </span>
     <span class='ocr_line' id='line_1_24' title="bbox 184 3017 1544 3104; baseline 0.001 -23"><span class='ocrx_word' id='word_1_222' title='bbox 184 3024 223 3081; x_wconf 92' lang='lat' dir='ltr'><strong>et</strong></span> <span class='ocrx_word' id='word_1_223' title='bbox 252 3018 351 3097; x_wconf 87' lang='lat' dir='ltr'><strong>unire,</strong></span> <span class='ocrx_word' id='word_1_224' title='bbox 367 3018 632 3103; x_wconf 90' lang='lat' dir='ltr'><strong>quibuscumque</strong></span> <span class='ocrx_word' id='word_1_225' title='bbox 647 3020 783 3085; x_wconf 90' lang='lat' dir='ltr'><strong>statutis</strong></span> <span class='ocrx_word' id='word_1_226' title='bbox 810 3028 845 3085; x_wconf 90' lang='lat' dir='ltr'><strong>et</strong></span> <span class='ocrx_word' id='word_1_227' title='bbox 872 3019 1169 3086; x_wconf 86' lang='lat' dir='ltr'><strong>consuetudinibus</strong></span> <span class='ocrx_word' id='word_1_228' title='bbox 1194 3017 1369 3085; x_wconf 88' lang='lat' dir='ltr'><strong>contrariis</strong></span> <span class='ocrx_word' id='word_1_229' title='bbox 1395 3018 1544 3104; x_wconf 89' lang='lat' dir='ltr'><strong>ejusdem</strong></span> 
     </span>
     <span class='ocr_line' id='line_1_25' title="bbox 183 3122 1543 3209; baseline 0.001 -23"><span class='ocrx_word' id='word_1_230' title='bbox 183 3122 324 3186; x_wconf 91' lang='lat' dir='ltr'><strong>ecclesie</strong></span> <span class='ocrx_word' id='word_1_231' title='bbox 335 3123 527 3207; x_wconf 83' lang='lat' dir='ltr'><strong>juramento</strong></span> <span class='ocrx_word' id='word_1_232' title='bbox 542 3130 577 3188; x_wconf 88' lang='lat' dir='ltr'><strong>et</strong></span> <span class='ocrx_word' id='word_1_233' title='bbox 593 3124 712 3189; x_wconf 88' lang='lat' dir='ltr'><strong>ceteris</strong></span> <span class='ocrx_word' id='word_1_234' title='bbox 727 3144 941 3209; x_wconf 86' lang='lat' dir='ltr'><strong>nequaquam</strong></span> <span class='ocrx_word' id='word_1_235' title='bbox 957 3124 1176 3203; x_wconf 71' lang='lat' dir='ltr'><strong>obstantibus</strong></span> <span class='ocrx_word' id='word_1_236' title='bbox 1189 3122 1279 3189; x_wconf 89' lang='lat' dir='ltr'><strong>etde</strong></span> <span class='ocrx_word' id='word_1_237' title='bbox 1295 3123 1354 3187; x_wconf 92' lang='lat' dir='ltr'><strong>illo</strong></span> <span class='ocrx_word' id='word_1_238' title='bbox 1369 3122 1543 3208; x_wconf 90' lang='lat' dir='ltr'><strong>presertim</strong></span> 
     </span>
     <span class='ocr_line' id='line_1_26' title="bbox 182 3225 1544 3313; baseline 0.004 -25"><span class='ocrx_word' id='word_1_239' title='bbox 182 3225 274 3309; x_wconf 93' lang='lat' dir='ltr'><strong>quod</strong></span> <span class='ocrx_word' id='word_1_240' title='bbox 289 3228 399 3291; x_wconf 82' lang='lat' dir='ltr'><strong>caveri</strong></span> <span class='ocrx_word' id='word_1_241' title='bbox 415 3228 536 3293; x_wconf 90' lang='lat' dir='ltr'><strong>dicitur</strong></span> <span class='ocrx_word' id='word_1_242' title='bbox 551 3227 585 3291; x_wconf 94' lang='lat' dir='ltr'><strong>in</strong></span> <span class='ocrx_word' id='word_1_243' title='bbox 606 3228 725 3293; x_wconf 88' lang='lat' dir='ltr'><strong>eadem</strong></span> <span class='ocrx_word' id='word_1_244' title='bbox 752 3228 843 3312; x_wconf 94' lang='lat' dir='ltr'><strong>quod</strong></span> <span class='ocrx_word' id='word_1_245' title='bbox 865 3230 976 3293; x_wconf 91' lang='lat' dir='ltr'><strong>nullus</strong></span> <span class='ocrx_word' id='word_1_246' title='bbox 1004 3228 1123 3294; x_wconf 91' lang='lat' dir='ltr'><strong>domos</strong></span> <span class='ocrx_word' id='word_1_247' title='bbox 1149 3227 1338 3313; x_wconf 90' lang='lat' dir='ltr'><strong>hujusmodi</strong></span> <span class='ocrx_word' id='word_1_248' title='bbox 1365 3226 1544 3312; x_wconf 87' lang='lat' dir='ltr'><strong>impetrare</strong></span> 
     </span>
     <span class='ocr_line' id='line_1_27' title="bbox 183 3330 1545 3417; baseline 0.003 -26"><span class='ocrx_word' id='word_1_249' title='bbox 183 3330 306 3409; x_wconf 80' lang='lat' dir='ltr'><strong>valeat,</strong></span> <span class='ocrx_word' id='word_1_250' title='bbox 321 3330 384 3394; x_wconf 88' lang='lat' dir='ltr'><strong>nisi</strong></span> <span class='ocrx_word' id='word_1_251' title='bbox 399 3331 435 3395; x_wconf 91' lang='lat' dir='ltr'><strong>in</strong></span> <span class='ocrx_word' id='word_1_252' title='bbox 451 3331 694 3417; x_wconf 90' lang='lat' dir='ltr'><strong>impetracione</strong></span> <span class='ocrx_word' id='word_1_253' title='bbox 705 3332 893 3416; x_wconf 87' lang='lat' dir='ltr'><strong>hujusmodi</strong></span> <span class='ocrx_word' id='word_1_254' title='bbox 905 3332 953 3397; x_wconf 87' lang='lat' dir='ltr'><strong>de</strong></span> <span class='ocrx_word' id='word_1_255' title='bbox 968 3331 1061 3397; x_wconf 90' lang='lat' dir='ltr'><strong>dicto</strong></span> <span class='ocrx_word' id='word_1_256' title='bbox 1076 3338 1205 3397; x_wconf 89' lang='lat' dir='ltr'><strong>statuto</strong></span> <span class='ocrx_word' id='word_1_257' title='bbox 1221 3331 1321 3417; x_wconf 89' lang='lat' dir='ltr'><strong>plena</strong></span> <span class='ocrx_word' id='word_1_258' title='bbox 1338 3338 1373 3395; x_wconf 92' lang='lat' dir='ltr'><strong>et</strong></span> <span class='ocrx_word' id='word_1_259' title='bbox 1389 3349 1545 3417; x_wconf 88' lang='lat' dir='ltr'><strong>expressa</strong></span> 
     </span>
     <span class='ocr_line' id='line_1_28' title="bbox 182 3433 1544 3521; baseline 0.003 -25"><span class='ocrx_word' id='word_1_260' title='bbox 182 3433 317 3498; x_wconf 89' lang='lat' dir='ltr'><strong>mencio</strong></span> <span class='ocrx_word' id='word_1_261' title='bbox 338 3433 514 3515; x_wconf 86' lang='lat' dir='ltr'><strong>habeatur,</strong></span> <span class='ocrx_word' id='word_1_262' title='bbox 530 3455 607 3501; x_wconf 92' lang='lat' dir='ltr'><strong>cum</strong></span> <span class='ocrx_word' id='word_1_263' title='bbox 619 3435 691 3501; x_wconf 88' lang='lat' dir='ltr'><strong>aliis</strong></span> <span class='ocrx_word' id='word_1_264' title='bbox 706 3456 774 3500; x_wconf 94' lang='lat' dir='ltr'><strong>non</strong></span> <span class='ocrx_word' id='word_1_265' title='bbox 788 3436 999 3501; x_wconf 89' lang='lat' dir='ltr'><strong>obstantibus</strong></span> <span class='ocrx_word' id='word_1_266' title='bbox 1010 3444 1045 3501; x_wconf 92' lang='lat' dir='ltr'><strong>et</strong></span> <span class='ocrx_word' id='word_1_267' title='bbox 1058 3435 1213 3501; x_wconf 91' lang='lat' dir='ltr'><strong>clausulis</strong></span> <span class='ocrx_word' id='word_1_268' title='bbox 1229 3436 1402 3521; x_wconf 87' lang='lat' dir='ltr'><strong>oportunis</strong></span> <span class='ocrx_word' id='word_1_269' title='bbox 1417 3444 1452 3501; x_wconf 92' lang='lat' dir='ltr'><strong>et</strong></span> <span class='ocrx_word' id='word_1_270' title='bbox 1468 3456 1544 3501; x_wconf 87' lang='lat' dir='ltr'><strong>exe-</strong></span> 
     </span>
     <span class='ocr_line' id='line_1_29' title="bbox 182 3536 569 3605; baseline 0.008 -4"><span class='ocrx_word' id='word_1_271' title='bbox 182 3536 360 3603; x_wconf 89' lang='lat' dir='ltr'><strong>cutoribus.</strong></span> <span class='ocrx_word' id='word_1_272' title='bbox 376 3578 419 3586; x_wconf 91' lang='lat'>-</span> <span class='ocrx_word' id='word_1_273' title='bbox 437 3537 512 3604; x_wconf 88' lang='lat' dir='ltr'><strong>Fiat</strong></span> <span class='ocrx_word' id='word_1_274' title='bbox 530 3538 569 3605; x_wconf 90' lang='lat' dir='ltr'><strong>R.</strong></span> 
     </span>
    </p>

    <p class='ocr_par' dir='ltr' id='par_1_6' title="bbox 228 3639 916 3729">
     <span class='ocr_line' id='line_1_30' title="bbox 228 3639 916 3729; baseline 0.004 -24"><span class='ocrx_word' id='word_1_275' title='bbox 228 3639 305 3707; x_wconf 87' lang='lat' dir='ltr'><strong>Dat.</strong></span> <span class='ocrx_word' id='word_1_276' title='bbox 319 3642 419 3707; x_wconf 67' lang='lat' dir='ltr'><strong>Asin.</strong></span> <span class='ocrx_word' id='word_1_277' title='bbox 440 3660 476 3727; x_wconf 95' lang='lat'><strong>17</strong></span> <span class='ocrx_word' id='word_1_278' title='bbox 492 3641 561 3708; x_wconf 86' lang='lat' dir='ltr'><strong>kal.</strong></span> <span class='ocrx_word' id='word_1_279' title='bbox 573 3642 646 3729; x_wconf 84' lang='lat' dir='ltr'><strong>julii</strong></span> <span class='ocrx_word' id='word_1_280' title='bbox 658 3650 692 3707; x_wconf 91' lang='lat' dir='ltr'><strong>a⁰</strong></span> <span class='ocrx_word' id='word_1_281' title='bbox 709 3650 751 3708; x_wconf 88' lang='lat'><strong>2⁰.</strong></span> <span class='ocrx_word' id='word_1_282' title='bbox 768 3644 817 3729; x_wconf 85' lang='lat'><strong>(5,</strong></span> <span class='ocrx_word' id='word_1_283' title='bbox 833 3645 916 3728; x_wconf 60' lang='lat' dir='ltr'><strong>4ov).</strong></span> 
     </span>
    </p>
   </div>
   <div class='ocr_carea' id='block_1_4' title="bbox 233 3786 1496 3885">
    <p class='ocr_par' dir='ltr' id='par_1_7' title="bbox 233 3786 1496 3885">
     <span class='ocr_line' id='line_1_31' title="bbox 233 3786 1496 3885; baseline -0.003 -16"><span class='ocrx_word' id='word_1_284' title='bbox 233 3786 473 3872; x_wconf 86' lang='grc'>389·390.</span> <span class='ocrx_word' id='word_1_285' title='bbox 1240 3818 1394 3885; x_wconf 73' lang='lat'><em>1345,15</em></span> <span class='ocrx_word' id='word_1_286' title='bbox 1409 3799 1496 3880; x_wconf 81' lang='lat' dir='ltr'><strong>jra&#39;n.</strong></span> 
     </span>
    </p>
   </div>
   <div class='ocr_carea' id='block_1_5' title="bbox 180 3902 1539 4615">
    <p class='ocr_par' dir='ltr' id='par_1_8' title="bbox 180 3902 1539 4615">
     <span class='ocr_line' id='line_1_32' title="bbox 226 3902 1539 3993; baseline 0.002 -25"><span class='ocrx_word' id='word_1_287' title='bbox 226 3902 327 3992; x_wconf 88' lang='lat' dir='ltr'><strong>Supp.</strong></span> <span class='ocrx_word' id='word_1_288' title='bbox 343 3905 577 3992; x_wconf 80' lang='lat' dir='ltr'><strong>B(ernardus),</strong></span> <span class='ocrx_word' id='word_1_289' title='bbox 593 3906 645 3972; x_wconf 88' lang='lat' dir='ltr'><strong>tit.</strong></span> <span class='ocrx_word' id='word_1_290' title='bbox 661 3906 693 3971; x_wconf 89' lang='lat' dir='ltr'><strong>S.</strong></span> <span class='ocrx_word' id='word_1_291' title='bbox 709 3904 831 3972; x_wconf 87' lang='lat' dir='ltr'><strong>Ciriaci</strong></span> <span class='ocrx_word' id='word_1_292' title='bbox 846 3906 880 3970; x_wconf 93' lang='lat' dir='ltr'><strong>in</strong></span> <span class='ocrx_word' id='word_1_293' title='bbox 892 3905 1023 3972; x_wconf 89' lang='lat' dir='ltr'><strong>Termis</strong></span> <span class='ocrx_word' id='word_1_294' title='bbox 1038 3908 1149 3993; x_wconf 89' lang='lat' dir='ltr'><strong>presb.</strong></span> <span class='ocrx_word' id='word_1_295' title='bbox 1164 3904 1264 3985; x_wconf 67' lang='lat' dir='ltr'><strong>card„</strong></span> <span class='ocrx_word' id='word_1_296' title='bbox 1281 3912 1373 3988; x_wconf 89' lang='lat' dir='ltr'><strong>quat.</strong></span> <span class='ocrx_word' id='word_1_297' title='bbox 1392 3904 1539 3990; x_wconf 89' lang='lat' dir='ltr'><strong>[Jacobo</strong></span> 
     </span>
     <span class='ocr_line' id='line_1_33' title="bbox 180 4007 1539 4097; baseline 0 -24"><span class='ocrx_word' id='word_1_298' title='bbox 180 4008 224 4073; x_wconf 91' lang='lat' dir='ltr'><strong>de</strong></span> <span class='ocrx_word' id='word_1_299' title='bbox 239 4007 498 4095; x_wconf 88' lang='lat' dir='ltr'><strong>Grandicampo,</strong></span> <span class='ocrx_word' id='word_1_300' title='bbox 516 4013 624 4096; x_wconf 91' lang='lat' dir='ltr'><strong>presb.</strong></span> <span class='ocrx_word' id='word_1_301' title='bbox 640 4009 894 4096; x_wconf 88' lang='lat' dir='ltr'><strong>Tomacen.‚]...</strong></span> <span class='ocrx_word' id='word_1_302' title='bbox 906 4011 948 4076; x_wconf 92' lang='lat' dir='ltr'><strong>de</strong></span> <span class='ocrx_word' id='word_1_303' title='bbox 961 4011 1079 4097; x_wconf 91' lang='lat' dir='ltr'><strong>capell.</strong></span> <span class='ocrx_word' id='word_1_304' title='bbox 1092 4008 1268 4093; x_wconf 86' lang='lat' dir='ltr'><strong>hospitalis</strong></span> <span class='ocrx_word' id='word_1_305' title='bbox 1280 4008 1311 4073; x_wconf 89' lang='lat' dir='ltr'><strong>S.</strong></span> <span class='ocrx_word' id='word_1_306' title='bbox 1324 4007 1489 4086; x_wconf 87' lang='lat' dir='ltr'><strong>Johannis</strong></span> <span class='ocrx_word' id='word_1_307' title='bbox 1505 4009 1539 4074; x_wconf 90' lang='lat' dir='ltr'><strong>in</strong></span> 
     </span>
     <span class='ocr_line' id='line_1_34' title="bbox 181 4110 1538 4200; baseline 0.002 -25"><span class='ocrx_word' id='word_1_308' title='bbox 181 4110 381 4196; x_wconf 89' lang='lat' dir='ltr'><strong>Oestburch‚</strong></span> <span class='ocrx_word' id='word_1_309' title='bbox 396 4114 584 4181; x_wconf 88' lang='lat' dir='ltr'><strong>Tomacen.</strong></span> <span class='ocrx_word' id='word_1_310' title='bbox 599 4113 699 4195; x_wconf 80' lang='lat' dir='ltr'><strong>dioc,</strong></span> <span class='ocrx_word' id='word_1_311' title='bbox 713 4135 788 4179; x_wconf 88' lang='lat' dir='ltr'><strong>vac.</strong></span> <span class='ocrx_word' id='word_1_312' title='bbox 800 4135 861 4200; x_wconf 92' lang='lat' dir='ltr'><strong>pro</strong></span> <span class='ocrx_word' id='word_1_313' title='bbox 877 4135 919 4181; x_wconf 91' lang='lat' dir='ltr'><strong>eo</strong></span> <span class='ocrx_word' id='word_1_314' title='bbox 931 4114 1021 4199; x_wconf 93' lang='lat' dir='ltr'><strong>quod</strong></span> <span class='ocrx_word' id='word_1_315' title='bbox 1033 4115 1122 4180; x_wconf 90' lang='lat' dir='ltr'><strong>dom.</strong></span> <span class='ocrx_word' id='word_1_316' title='bbox 1135 4111 1339 4178; x_wconf 86' lang='lat' dir='ltr'><strong>Benedictus</strong></span> <span class='ocrx_word' id='word_1_317' title='bbox 1354 4133 1410 4197; x_wconf 95' lang='lat' dir='ltr'><strong>pp.</strong></span> <span class='ocrx_word' id='word_1_318' title='bbox 1426 4110 1538 4178; x_wconf 79' lang='lat' dir='ltr'><strong>XII...</strong></span> 
     </span>
     <span class='ocr_line' id='line_1_35' title="bbox 181 4213 1537 4301; baseline -0.001 -21"><span class='ocrx_word' id='word_1_319' title='bbox 181 4217 326 4301; x_wconf 84' lang='lat' dir='ltr'><strong>providit</strong></span> <span class='ocrx_word' id='word_1_320' title='bbox 341 4218 489 4297; x_wconf 90' lang='lat' dir='ltr'><strong>Johanni</strong></span> <span class='ocrx_word' id='word_1_321' title='bbox 505 4218 711 4284; x_wconf 89' lang='lat' dir='ltr'><strong>Trotemenu</strong></span> <span class='ocrx_word' id='word_1_322' title='bbox 726 4225 746 4298; x_wconf 87' lang='lat'><strong>³,</strong></span> <span class='ocrx_word' id='word_1_323' title='bbox 760 4218 837 4283; x_wconf 90' lang='lat' dir='ltr'><strong>cler.</strong></span> <span class='ocrx_word' id='word_1_324' title='bbox 854 4218 1070 4283; x_wconf 90' lang='lat' dir='ltr'><strong>Cameracen.</strong></span> <span class='ocrx_word' id='word_1_325' title='bbox 1086 4215 1183 4295; x_wconf 69' lang='lat' dir='ltr'><strong>dioc„</strong></span> <span class='ocrx_word' id='word_1_326' title='bbox 1200 4213 1302 4280; x_wconf 87' lang='lat' dir='ltr'><strong>famil.</strong></span> <span class='ocrx_word' id='word_1_327' title='bbox 1319 4235 1389 4295; x_wconf 88' lang='lat' dir='ltr'><strong>suo,</strong></span> <span class='ocrx_word' id='word_1_328' title='bbox 1405 4214 1447 4281; x_wconf 90' lang='lat' dir='ltr'><strong>de</strong></span> <span class='ocrx_word' id='word_1_329' title='bbox 1463 4234 1537 4280; x_wconf 88' lang='lat' dir='ltr'><strong>can.</strong></span> 
     </span>
     <span class='ocr_line' id='line_1_36' title="bbox 180 4316 1537 4407; baseline -0.002 -23"><span class='ocrx_word' id='word_1_330' title='bbox 180 4327 216 4385; x_wconf 89' lang='lat' dir='ltr'><strong>et</strong></span> <span class='ocrx_word' id='word_1_331' title='bbox 231 4324 321 4407; x_wconf 89' lang='lat' dir='ltr'><strong>preb.</strong></span> <span class='ocrx_word' id='word_1_332' title='bbox 338 4323 420 4389; x_wconf 88' lang='lat' dir='ltr'><strong>eccl.</strong></span> <span class='ocrx_word' id='word_1_333' title='bbox 436 4322 469 4389; x_wconf 88' lang='lat' dir='ltr'><strong>S.</strong></span> <span class='ocrx_word' id='word_1_334' title='bbox 486 4322 571 4388; x_wconf 90' lang='lat' dir='ltr'><strong>Piati</strong></span> <span class='ocrx_word' id='word_1_335' title='bbox 588 4321 813 4402; x_wconf 88' lang='lat' dir='ltr'><strong>Siclinnensis‚</strong></span> <span class='ocrx_word' id='word_1_336' title='bbox 823 4322 913 4388; x_wconf 86' lang='lat' dir='ltr'><strong>dicte</strong></span> <span class='ocrx_word' id='word_1_337' title='bbox 926 4320 1114 4387; x_wconf 88' lang='lat' dir='ltr'><strong>Tornacen.</strong></span> <span class='ocrx_word' id='word_1_338' title='bbox 1124 4318 1201 4385; x_wconf 91' lang='lat' dir='ltr'><strong>dioc</strong></span> <span class='ocrx_word' id='word_1_339' title='bbox 1204 4366 1265 4400; x_wconf 90' lang='lat'><strong>......</strong></span> <span class='ocrx_word' id='word_1_340' title='bbox 1281 4316 1414 4405; x_wconf 88' lang='lat' dir='ltr'><strong>[quarn]</strong></span> <span class='ocrx_word' id='word_1_341' title='bbox 1427 4316 1537 4383; x_wconf 90' lang='lat' dir='ltr'><strong>dimit-</strong></span> 
     </span>
     <span class='ocr_line' id='line_1_37' title="bbox 180 4420 1538 4511; baseline -0.002 -23"><span class='ocrx_word' id='word_1_342' title='bbox 180 4432 252 4489; x_wconf 87' lang='lat' dir='ltr'><strong>tere</strong></span> <span class='ocrx_word' id='word_1_343' title='bbox 263 4429 483 4507; x_wconf 87' lang='lat' dir='ltr'><strong>tenebatur...,</strong></span> <span class='ocrx_word' id='word_1_344' title='bbox 495 4425 678 4511; x_wconf 87' lang='lat' dir='ltr'><strong>dignemini</strong></span> <span class='ocrx_word' id='word_1_345' title='bbox 690 4426 875 4511; x_wconf 88' lang='lat' dir='ltr'><strong>providere,</strong></span> <span class='ocrx_word' id='word_1_346' title='bbox 886 4446 954 4491; x_wconf 91' lang='lat' dir='ltr'><strong>non</strong></span> <span class='ocrx_word' id='word_1_347' title='bbox 966 4427 1051 4490; x_wconf 88' lang='lat' dir='ltr'><strong>obst.</strong></span> <span class='ocrx_word' id='word_1_348' title='bbox 1062 4423 1152 4508; x_wconf 92' lang='lat' dir='ltr'><strong>quod</strong></span> <span class='ocrx_word' id='word_1_349' title='bbox 1162 4422 1251 4489; x_wconf 90' lang='lat' dir='ltr'><strong>idenr</strong></span> <span class='ocrx_word' id='word_1_350' title='bbox 1263 4420 1282 4499; x_wconf 93' lang='lat' dir='ltr'>J</span> <span class='ocrx_word' id='word_1_351' title='bbox 1285 4423 1409 4487; x_wconf 90' lang='lat' dir='ltr'><strong>acobus</strong></span> <span class='ocrx_word' id='word_1_352' title='bbox 1418 4420 1538 4507; x_wconf 90' lang='lat' dir='ltr'><strong>capell.</strong></span> 
     </span>
     <span class='ocr_line' id='line_1_38' title="bbox 182 4525 1125 4615; baseline -0.001 -22"><span class='ocrx_word' id='word_1_353' title='bbox 182 4528 216 4594; x_wconf 92' lang='lat' dir='ltr'><strong>in</strong></span> <span class='ocrx_word' id='word_1_354' title='bbox 232 4532 314 4597; x_wconf 90' lang='lat' dir='ltr'><strong>eccl.</strong></span> <span class='ocrx_word' id='word_1_355' title='bbox 330 4530 362 4597; x_wconf 92' lang='lat' dir='ltr'><strong>S.</strong></span> <span class='ocrx_word' id='word_1_356' title='bbox 379 4531 564 4599; x_wconf 91' lang='lat' dir='ltr'><strong>Donatiani</strong></span> <span class='ocrx_word' id='word_1_357' title='bbox 580 4529 759 4615; x_wconf 85' lang='lat' dir='ltr'><strong>Brugensis</strong></span> <span class='ocrx_word' id='word_1_358' title='bbox 774 4529 916 4594; x_wconf 89' lang='lat' dir='ltr'><strong>obtinet.</strong></span> <span class='ocrx_word' id='word_1_359' title='bbox 938 4565 970 4575; x_wconf 94' lang='lat'><em>-</em></span> <span class='ocrx_word' id='word_1_360' title='bbox 991 4525 1069 4593; x_wconf 90' lang='lat' dir='ltr'><strong>Fiat</strong></span> <span class='ocrx_word' id='word_1_361' title='bbox 1085 4526 1125 4592; x_wconf 90' lang='lat' dir='ltr'><strong>R.</strong></span> 
     </span>
    </p>
   </div>
   <div class='ocr_carea' id='block_1_6' title="bbox 224 4644 1538 4757">
    <p class='ocr_par' dir='ltr' id='par_1_9' title="bbox 224 4644 1538 4757">
     <span class='ocr_line' id='line_1_39' title="bbox 224 4644 1538 4757; baseline -0.003 -24"><span class='ocrx_word' id='word_1_362' title='bbox 224 4672 308 4734; x_wconf 87' lang='grc'><strong>390.</strong></span> <span class='ocrx_word' id='word_1_363' title='bbox 325 4666 413 4733; x_wconf 91' lang='lat' dir='ltr'><strong>Item</strong></span> <span class='ocrx_word' id='word_1_364' title='bbox 425 4688 521 4756; x_wconf 90' lang='lat' dir='ltr'><strong>supp.</strong></span> <span class='ocrx_word' id='word_1_365' title='bbox 531 4669 620 4735; x_wconf 87' lang='lat' dir='ltr'><strong>idern</strong></span> <span class='ocrx_word' id='word_1_366' title='bbox 634 4669 723 4735; x_wconf 88' lang='lat' dir='ltr'><strong>card.</strong></span> <span class='ocrx_word' id='word_1_367' title='bbox 733 4644 986 4754; x_wconf 70' lang='lat' dir='ltr'><strong>ouat.[Hugoni</strong></span> <span class='ocrx_word' id='word_1_368' title='bbox 998 4666 1041 4733; x_wconf 92' lang='lat' dir='ltr'><strong>de</strong></span> <span class='ocrx_word' id='word_1_369' title='bbox 1051 4666 1312 4757; x_wconf 83' lang='lat' dir='ltr'><strong>Grandicampo,</strong></span> <span class='ocrx_word' id='word_1_370' title='bbox 1323 4666 1400 4733; x_wconf 90' lang='lat' dir='ltr'><strong>cler.</strong></span> <span class='ocrx_word' id='word_1_371' title='bbox 1413 4664 1538 4731; x_wconf 90' lang='lat' dir='ltr'><strong>Toma-</strong></span> 
     </span>
    </p>
   </div>
   <div class='ocr_carea' id='block_1_7' title="bbox 181 4903 1540 5050">
    <p class='ocr_par' dir='ltr' id='par_1_10' title="bbox 181 4903 1540 5050">
     <span class='ocr_line' id='line_1_40' title="bbox 215 4903 1540 4976; baseline -0.006 -18"><span class='ocrx_word' id='word_1_372' title='bbox 215 4911 238 4959; x_wconf 92' lang='lat' dir='ltr'><strong>l.</strong></span> <span class='ocrx_word' id='word_1_373' title='bbox 256 4908 371 4961; x_wconf 75' lang='lat' dir='ltr'><strong>Bermnt</strong></span> <span class='ocrx_word' id='word_1_374' title='bbox 388 4911 476 4961; x_wconf 77' lang='lat' dir='ltr'><strong>d&#39;Albi</strong></span> <span class='ocrx_word' id='word_1_375' title='bbox 496 4913 600 4976; x_wconf 74' lang='lat' dir='ltr'><strong>(Eubel</strong></span> <span class='ocrx_word' id='word_1_376' title='bbox 623 4914 642 4972; x_wconf 88' lang='grc'><strong>1,</strong></span> <span class='ocrx_word' id='word_1_377' title='bbox 664 4917 700 4971; x_wconf 84' lang='grc'><strong>17,</strong></span> <span class='ocrx_word' id='word_1_378' title='bbox 721 4914 773 4974; x_wconf 75' lang='lat' dir='ltr'><strong>ro).</strong></span> <span class='ocrx_word' id='word_1_379' title='bbox 795 4941 826 4947; x_wconf 93' lang='lat'><strong>—-</strong></span> <span class='ocrx_word' id='word_1_380' title='bbox 846 4914 868 4960; x_wconf 79' lang='grc'><strong>2.</strong></span> <span class='ocrx_word' id='word_1_381' title='bbox 881 4911 967 4971; x_wconf 75' lang='lat' dir='ltr'><strong>Vidal,</strong></span> <span class='ocrx_word' id='word_1_382' title='bbox 978 4925 1003 4959; x_wconf 91' lang='lat' dir='ltr'><strong>n.</strong></span> <span class='ocrx_word' id='word_1_383' title='bbox 1016 4912 1053 4968; x_wconf 79' lang='grc'><strong>711,</strong></span> <span class='ocrx_word' id='word_1_384' title='bbox 1070 4906 1144 4958; x_wconf 67' lang='lat'>165912</span> <span class='ocrx_word' id='word_1_385' title='bbox 1160 4924 1165 4964; x_wconf 89' lang='lat'>;</span> <span class='ocrx_word' id='word_1_386' title='bbox 1189 4907 1270 4971; x_wconf 69' lang='lat' dir='ltr'><strong>(llum.</strong></span> <span class='ocrx_word' id='word_1_387' title='bbox 1282 4903 1398 4965; x_wconf 64' lang='lat' dir='ltr'><strong>olrrorwl„</strong></span> <span class='ocrx_word' id='word_1_388' title='bbox 1412 4906 1494 4953; x_wconf 79' lang='lat' dir='ltr'><strong>tto-81.</strong></span> <span class='ocrx_word' id='word_1_389' title='bbox 1509 4930 1540 4939; x_wconf 81' lang='lat'><strong>-</strong></span> 
     </span>
     <span class='ocr_line' id='line_1_41' title="bbox 181 4984 1069 5050; baseline 0.008 -19"><span class='ocrx_word' id='word_1_390' title='bbox 181 4986 205 5032; x_wconf 80' lang='lat'><strong>3.</strong></span> <span class='ocrx_word' id='word_1_391' title='bbox 215 4984 299 5045; x_wconf 73' lang='lat' dir='ltr'><strong>videl,</strong></span> <span class='ocrx_word' id='word_1_392' title='bbox 311 5000 338 5035; x_wconf 91' lang='lat' dir='ltr'><strong>n.</strong></span> <span class='ocrx_word' id='word_1_393' title='bbox 349 4988 414 5035; x_wconf 76' lang='lat'><strong>303³</strong></span> <span class='ocrx_word' id='word_1_394' title='bbox 425 5002 431 5047; x_wconf 89' lang='lat'><strong>;</strong></span> <span class='ocrx_word' id='word_1_395' title='bbox 443 5000 467 5034; x_wconf 83' lang='lat' dir='ltr'><strong>v.</strong></span> <span class='ocrx_word' id='word_1_396' title='bbox 480 4987 539 5050; x_wconf 87' lang='lat' dir='ltr'><strong>plus</strong></span> <span class='ocrx_word' id='word_1_397' title='bbox 550 4988 614 5036; x_wconf 84' lang='lat' dir='ltr'><strong>haut</strong></span> <span class='ocrx_word' id='word_1_398' title='bbox 626 5003 651 5037; x_wconf 95' lang='lat' dir='ltr'><strong>n.</strong></span> <span class='ocrx_word' id='word_1_399' title='bbox 663 4990 718 5037; x_wconf 83' lang='grc'><strong>316.</strong></span> <span class='ocrx_word' id='word_1_400' title='bbox 1067 5014 1069 5019; x_wconf 93' lang='grc'><strong><em>·</em></strong></span> 
     </span>
    </p>
   </div>
   <div class='ocr_carea' id='block_1_8' title="bbox 0 0 1830 5675">
    <p class='ocr_par' dir='ltr' id='par_1_11' title="bbox 0 0 1830 5675">
     <span class='ocr_line' id='line_1_42' title="bbox 0 0 1830 5675; baseline 0 2"><span class='ocrx_word' id='word_1_401' title='bbox 0 0 1830 5675; x_wconf 95' lang='lat' dir='ltr'><strong> </strong></span> 
     </span>
    </p>
   </div>
  </div>
 </body>
</html>
