3650 5675
295 538 357 601 550
445 544 450 553 '
703 536 791 611 1350,
813 536 854 600 25
877 536 1071 600 novembre-8
1093 533 1254 598 decembre.

293 687 373 752 dum
384 687 512 751 viveret
522 686 706 767 obtinebat,
713 686 769 751 diu
777 695 855 752 ante
865 686 969 771 ipsius
979 684 1248 769 obdispositioni
1262 683 1350 750 sedis
1359 686 1659 770 apostreservatis,

292 810 370 855 cum
385 790 539 855 omnibus
550 790 676 873 juribus
692 797 726 853 et
741 789 953 874 pertinentiis
968 787 1044 867 suis,
1055 787 1165 852 eidem
1180 787 1364 872 dignemini
1378 786 1565 873 providere,
1576 809 1653 854 cum

292 892 501 973 inhibitione,
528 901 593 958 etc.
613 916 621 973 ;
650 892 807 977 quodque
831 893 996 958 beneficia
1012 900 1047 957 et
1062 891 1295 977 expectativas
1319 912 1384 975 que
1404 891 1519 972 babet,
1535 892 1656 957 debeat

292 995 326 1060 in
343 996 542 1061 cancellaria
559 998 744 1083 exprimere
762 1020 770 1077 ;
797 1018 874 1062 eum
890 996 1045 1061 omuibus
1059 1015 1129 1060 non
1146 996 1231 1059 obst.
1247 1034 1292 1043 -
1308 993 1385 1059 Fiat
1402 994 1442 1059 R.

337 1138 439 1197 2118.
462 1130 560 1212 ltem,
588 1132 730 1197 similem
755 1132 817 1197 sibi
843 1131 988 1217 gratiam
1015 1130 1186 1211 facientes,
1210 1129 1304 1196 dieto
1320 1129 1468 1196 Gerardo
1494 1131 1538 1196 de
1562 1132 1660 1196 altari

296 1234 334 1299 B.
352 1234 401 1299 M.
429 1235 494 1300 sito
510 1235 544 1299 in
562 1236 704 1301 ecclesia
726 1237 882 1322 parroch.
907 1236 951 1301 de
973 1234 1097 1314 Beche,
1113 1234 1203 1299 dicte
1230 1233 1327 1314 dioc,
1343 1253 1418 1299 vac.
1433 1243 1471 1299 ut
1486 1255 1585 1321 supra
1601 1256 1661 1321 per

296 1346 439 1404 mortem
455 1340 564 1403 ultimi
591 1340 754 1425 capellani
771 1340 931 1424 eiusdem,
948 1339 1004 1423 qui
1020 1358 1127 1423 nuper
1151 1344 1246 1403 extra
1271 1336 1398 1403 dietam
1422 1338 1549 1404 curiam
1565 1339 1659 1417 obiit,

223 1498 226 1507 .
298 1441 492 1526 dictumque
507 1444 613 1507 altare
629 1442 832 1529 possidebat,
845 1450 880 1507 et
895 1449 1067 1507 reservato
1082 1440 1272 1525 specialiter
1287 1440 1378 1525 apud
1393 1440 1518 1505 dictam
1533 1441 1659 1521 sedem,

296 1545 406 1611 eidem
418 1543 569 1611 Gerardo
579 1546 760 1631 dignemini
771 1546 948 1631 providere
956 1568 965 1626 ;
979 1566 1057 1611 cum
1071 1544 1282 1626 inhibitione,
1288 1552 1401 1627 etc.,et
1414 1567 1490 1611 curn
1503 1548 1660 1613 omnibus

295 1648 451 1713 clausulis
466 1656 503 1713 ut
519 1670 628 1734 supra.
645 1648 680 1715 N
682 1670 726 1715 on
742 1652 828 1716 obst.
851 1648 1045 1714 benefieiis³
1061 1654 1096 1712 et
1121 1647 1343 1733 expectativis
1369 1670 1433 1733 que
1458 1651 1599 1732 obtinet,
1615 1651 1659 1716 de

296 1751 414 1835 quibus
429 1752 462 1816 in
480 1753 683 1819 cancellaria
693 1753 815 1819 debeat
830 1753 940 1818 iacere
956 1752 1175 1832 mentionem,
1191 1759 1229 1817 ut
1244 1772 1353 1838 supra.
1368 1793 1411 1801 —
1427 1752 1504 1818 Fiat
1520 1753 1561 1818 R.

339 1855 418 1921 Dat.
434 1856 535 1921 Avin.
550 1877 566 1936 9
583 1856 650 1922 kal.
666 1857 739 1923 dee.
756 1872 792 1923 a⁰
809 1871 854 1939 90.
872 1857 949 1940 (20,
967 1857 1048 1941 29v).

346 1992 483 2074 2119.
1259 2026 1354 2091 1350,
1371 2027 1414 2089 25
1430 2010 1614 2073 novembre.

338 2110 439 2196 Supp.
464 2108 706 2191 Boneieaudus,
733 2111 839 2192 miles,
866 2119 957 2196 quat.
974 2111 1111 2195 [elerico
1135 2132 1194 2176 suo
1217 2110 1378 2197 Rogerio]
1396 2110 1438 2177 de
1455 2110 1659 2197 Ronehyno,

294 2211 485 2279 Tornaeen.
495 2212 592 2294 dioc,
602 2212 645 2279 de
654 2216 730 2279 ben.
741 2215 822 2280 eccl.
833 2214 877 2279 ad
888 2215 964 2280 coll.
974 2214 1167 2279 monasterii
1178 2214 1209 2279 S.
1220 2212 1347 2279 Bertini
1358 2214 1400 2281 de
1410 2214 1442 2278 S.
1452 2215 1659 2295 Andomaro,

297 2314 463 2382 Morinen.
480 2316 577 2398 dioc,
594 2316 776 2401 dignemini
792 2318 978 2403 providere.
995 2355 1027 2365 -
1047 2316 1122 2383 Fiat
1139 2316 1179 2383 R.

338 2419 418 2485 Dat.
435 2420 535 2486 Avin.
552 2439 570 2504 7
587 2419 653 2485 kal.
670 2421 742 2487 dec.
759 2436 795 2486 a⁰
811 2437 857 2503 90.
874 2422 951 2506 (20,
972 2423 1037 2506 14).

346 2556 484 2639 2120
1258 2591 1353 2654 1330,
1370 2589 1412 2655 27
1428 2574 1612 2637 novembre.

338 2674 439 2761 Supp.
449 2676 608 2761 physicus
618 2683 729 2740 vester
742 2674 865 2740 Paulus
876 2675 920 2740 de
932 2674 1207 2759 Viterbi0...quat.
1218 2674 1388 2741 Bemardo
1401 2675 1517 2757 Vechi,
1534 2678 1658 2742 elerico

295 2777 504 2863 Viterbiensi,
521 2781 637 2866 nepoti
653 2801 723 2863 suo,
741 2801 815 2847 can.
832 2789 867 2846 et
882 2781 975 2867 preb.
992 2781 1023 2846 S.
1041 2780 1130 2846 Petri
1144 2779 1354 2863 Casletensis,
1372 2779 1539 2847 Morinen.
1557 2780 1657 2863 dioc,

294 2882 476 2966 dignemini
492 2905 670 2952 reservare.
686 2927 729 2934 -
746 2885 824 2950 Fiat
841 2885 881 2951 R.

338 2986 418 3052 Dat.
433 2988 533 3052 Avin.
553 3009 569 3074 5
586 2988 653 3054 kal.
669 2989 742 3055 dec.
760 3004 796 3054 a⁰
813 3004 848 3071 90
859 2989 882 3054 b.
894 2991 970 3072 (20,
991 2990 1091 3074 119”).

346 3121 476 3202 2121.
1284 3159 1379 3223 1330,
1396 3161 1416 3203 2
1432 3141 1613 3205 decembre.

338 3239 439 3326 Supp.
456 3239 690 3327 B(emardus),
707 3263 820 3309 comes
836 3242 1132 3325 Venthodorensis,
1158 3252 1250 3328 quat.
1277 3244 1466 3310 consiliario
1492 3265 1551 3310 suo
1568 3258 1658 3329 mag.

294 3341 441 3409 Geraldo
455 3343 498 3410 de
515 3343 676 3410 Pomeriis
688 3359 708 3427 ¹,
736 3347 900 3412 canonico
915 3346 1192 3429 Autisiodorensi,
1214 3347 1388 3433 providere
1406 3348 1587 3433 dignemini
1612 3347 1657 3412 de

295 3467 369 3512 can.
385 3454 420 3512 et
446 3449 537 3534 preb.
563 3450 703 3515 ecclesie
719 3449 934 3516 Cameracen.
960 3471 1033 3516 vac.
1056 3471 1117 3536 per
1131 3455 1185 3518 ob.
1212 3451 1312 3516 Helie
1338 3451 1380 3518 de
1397 3451 1618 3518 Venthodoro
1634 3467 1656 3533 ²,

295 3551 461 3636 capellani
478 3552 564 3617 sedis
579 3561 688 3639 apost.
704 3589 748 3600 -
764 3553 839 3620 Fiat
855 3554 896 3620 R.

338 3655 419 3721 Dat.
434 3656 535 3722 Avin.
552 3679 571 3740 4
587 3677 666 3722 non.
690 3659 763 3724 dec.
779 3674 815 3724 a⁰
833 3673 876 3740 90.
895 3661 972 3744 (20,
992 3661 1068 3743 13).

345 3792 482 3873 2122.
1283 3829 1378 3894 1330,
1395 3831 1414 3892 4
1432 3809 1614 3874 decembre.

338 3911 439 3997 Supp.
463 3910 483 3989 J
487 3911 680 3998 (ohannes),
691 3913 962 4000 archiepiscopus
975 3914 1222 3999 Rothomagen.
1234 3925 1256 3995 ³,
1273 3921 1365 3997 quat.
1378 3912 1479 3978 Petro
1488 3911 1508 3990 J
1511 3912 1659 3978 ohannis

293 4013 335 4079 al.
350 4013 393 4078 de
409 4013 570 4096 Stelland,
586 4016 782 4102 presbitero,
802 4016 861 4103 [de
876 4020 953 4083 ben.
981 4016 1080 4103 eccl]
1110 4016 1154 4083 ad
1179 4018 1255 4082 coll.
1282 4015 1431 4102 episcopi
1456 4023 1492 4080 et
1516 4015 1656 4101 capituli

293 4113 481 4182 Tornacen.
496 4117 678 4204 dignemini
694 4120 879 4206 providere.
894 4161 938 4169 -
956 4119 1030 4187 Fiat
1046 4120 1088 4186 R.

337 4219 417 4284 Dat.
432 4220 534 4286 Avin.
552 4242 570 4292 2
587 4241 666 4288 non.
683 4222 756 4289 dee.
772 4237 809 4288 a⁰
826 4238 871 4304 90.
888 4223 964 4308 (20,
986 4225 1087 4308 180).

220 4406 222 4410 -
342 4354 480 4440 2123.
1280 4395 1375 4459 1330,
1391 4375 1413 4438 8
1427 4373 1609 4438 decembre.

335 4474 437 4560 Supp.
452 4473 472 4552 J
475 4475 625 4541 ohannes
640 4475 863 4559 Decemlibre,
891 4478 1030 4544 clericus
1055 4478 1195 4545 Remen.
1221 4478 1319 4560 dioc,
1335 4486 1426 4563 quat.
1442 4477 1504 4544 sibi
1519 4477 1563 4543 de
1578 4498 1653 4544 can.

322 4674 348 4732 a)
365 4671 422 4721 Cod.
434 4673 566 4722 beneficis.
584 4700 616 4710 —
636 4674 665 4734 b)
678 4673 718 4721 En
730 4689 818 4736 mange
833 4675 956 4724 1111οἰ001
972 4675 1036 4724 dara
1051 4690 1101 4739 per
1112 4675 1176 4725 dom.
1192 4675 1297 4724 01000011
1314 4673 1475 4724 Ebredunen.
1495 4675 1656 4739 dopreoepdo

289 4745 384 4794 deortui
397 4747 477 4794 1101111
494 4747 541 4808 (eu
553 4745 604 4795 lieu
615 4747 647 4795 de
659 4749 690 4795 17
702 4748 751 4798 cal.
763 4752 824 4812 sept.
836 4757 863 4795 00
875 4750 936 4810 10⁰).

320 4963 341 5012 l.
354 4962 416 5012 Voir
427 4979 453 5012 n.
466 4964 537 5015 1843.
549 4992 581 5004 -
592 4967 616 5016 2.
628 4965 690 5015 Voir
702 4979 727 5015 u.
741 4969 811 5016 1210.
823 4993 855 5002 -—
867 4969 889 5016 3.
902 4967 967 5016 Jeen
979 4967 1012 5016 de
1024 4966 1151 5030 stangby.
