3650 5675
310 529 353 597 tu
811 523 899 597 1842,
923 522 1171 601 asseramur.

367 680 475 763 195.
1290 708 1386 773 1542,
1403 693 1425 755 8
1440 694 1631 777 septembre.

357 801 457 885 Supp.
489 796 634 877 Beatrix,
665 794 779 880 regina
810 792 959 872 Boemie,
990 800 1083 876 quat.
1121 792 1336 859 familiaribus
1365 794 1463 860 suia...
1497 798 1681 881 providere

315 904 496 990 dignemini
513 909 612 989 prout
628 900 806 985 sequitur...

357 1008 445 1077 Item
463 1006 614 1073 Henrico
629 1005 670 1071 de
695 1003 876 1087 Bastoigne
894 1016 902 1041 ¹
930 1001 973 1067 de
989 1022 1064 1066 can.
1081 1008 1116 1065 et
1141 1004 1233 1086 preb.
1249 1002 1332 1067 eccl.
1349 1002 1380 1068 S.
1396 1002 1562 1081 Johannis
1589 1004 1678 1074 Leo-

313 1113 401 1181 dien.
433 1134 506 1179 vac.
540 1112 595 1176 rel
624 1117 745 1189 vacat,
777 1128 844 1173 non
870 1109 956 1173 obst.
990 1104 1080 1190 quod
1116 1104 1150 1170 in
1177 1114 1289 1173 castro
1315 1106 1357 1173 de
1382 1106 1535 1175 Laroche
1565 1118 1600 1174 et
1631 1111 1678 1176 de

315 1216 495 1301 Bastoigne
526 1213 729 1301 capellanias
759 1219 793 1277 et
823 1209 983 1276 vicariam
1012 1208 1055 1275 de
1085 1210 1118 1275 la
1149 1207 1266 1275 Roche
1296 1210 1445 1277 ecclesiis
1481 1221 1677 1299 perpetuas,

314 1321 474 1389 Leodien.
490 1319 588 1397 dioc,
603 1316 752 1383 noscitur
768 1314 930 1381 obtinere.
945 1353 989 1361 —
1005 1311 1081 1379 Fiat
1098 1312 1138 1379 R.

359 1427 438 1490 Dat.
456 1443 507 1508 ap.
524 1421 773 1487 Villamnovam
792 1424 809 1482 6
827 1418 869 1483 id.
885 1426 970 1503 sept.
987 1424 1021 1481 a⁰
1041 1423 1077 1481 1⁰.
1095 1414 1139 1499 (1,
1160 1419 1246 1500 182).

368 1568 478 1652 196.
1293 1598 1389 1661 1542,
1406 1597 1426 1661 9
1442 1567 1630 1666 septembre.

359 1690 459 1775 Supp.
477 1684 577 1755 vestri
593 1681 707 1750 devoti
725 1681 792 1746 filia
809 1680 971 1764 filiusque,
989 1678 1100 1745 Maria
1116 1680 1158 1745 de
1173 1680 1316 1761 Artesio,
1334 1681 1515 1763 comitissa,
1532 1692 1567 1749 et
1582 1683 1675 1749 Guil-

313 1795 442 1873 lelmuS,
459 1791 529 1875 ejus
544 1796 653 1867 natue,
671 1806 784 1853 comes
809 1783 1060 1865 Namurcensis,
1077 1784 1259 1869 quodcum
1276 1784 1346 1849 S¹¹¹¹¹⁸
1379 1786 1412 1849 in
1429 1785 1564 1855 Christo
1578 1799 1676 1875 pater

313 1909 348 1970 et
374 1900 475 1977 dom,
502 1895 592 1960 dom.
619 1890 803 1971 Johannes,
829 1890 945 1957 divina
971 1890 1184 1974 providentia
1210 1909 1300 1975 papa
1324 1889 1438 1971 ml,
1466 1891 1591 1959 dilecto
1614 1914 1675 1958 suo

313 2003 332 2083 J
336 2002 462 2071 obanni
478 1998 520 2065 de
536 1996 701 2081 Bovignia
713 2006 734 2076 ²,
744 1996 822 2063 cler.
840 1994 1000 2061 Leodien.
1010 1994 1108 2075 dioc,
1124 2014 1199 2061 can.
1214 1994 1297 2060 eccl.
1317 1994 1507 2061 Tornacen.
1522 1999 1582 2063 sub
1599 2018 1672 2081 exp.

312 2109 405 2195 preb.
427 2100 615 2181 contulerit,
625 2099 783 2181 dictaque
794 2099 912 2183 gratia,
926 2106 1006 2163 ante
1020 2098 1266 2165 assecutionem
1275 2098 1454 2183 prebende,
1467 2120 1527 2185 per
1537 2119 1674 2165 revoca-

313 2210 442 2275 tionem
458 2202 730 2272 dom.Benedicti
741 2223 830 2289 pape
840 2200 907 2267 XII
920 2202 1122 2286 expiraverit
1131 2224 1140 2284 ;
1152 2210 1244 2286 quat.
1259 2202 1367 2287 [dicto
1377 2200 1540 2287 Johanni]
1550 2204 1673 2270 decan.

313 2324 347 2379 et
364 2316 455 2400 preb.
481 2310 560 2375 eccl.
578 2294 738 2372 Leodien.
763 2305 946 2389 dignemini
962 2305 1137 2391 providere
1156 2328 1166 2387 ;
1191 2326 1260 2371 non
1278 2310 1363 2373 obst.
1380 2306 1472 2391 quod
1487 2308 1521 2372 in
1538 2310 1619 2375 eccl.
1642 2307 1673 2371 S.

312 2414 436 2478 Albani
450 2410 689 2477 Namurcensis
700 2410 956 2496 preposituram,
968 2431 1053 2490 can,
1063 2414 1166 2496 preb..
1177 2417 1212 2475 et
1225 2412 1344 2497 capell.
1354 2403 1458 2497 perp,
1468 2421 1502 2476 et
1516 2411 1553 2477 B.
1566 2411 1674 2478 Marie

314 2515 595 2596 Wallecuriensis,
612 2514 772 2583 Leodien.
785 2513 882 2595 dioc,
894 2534 968 2579 can.
979 2521 1014 2579 et
1029 2516 1120 2601 preb.
1134 2514 1286 2579 obtinere
1306 2527 1473 2581 noscatur.
1485 2558 1528 2565 —
1540 2516 1618 2581 Fiat
1634 2514 1673 2580 R.

357 2621 436 2687 Dat.
452 2642 503 2706 ap.
519 2619 766 2685 villamnovam
786 2636 802 2703 5
820 2617 860 2683 ld.
877 2626 962 2704 sept.
979 2626 1013 2683 a⁰
1033 2624 1069 2682 1⁰.
1087 2616 1131 2699 (l,
1152 2619 1254 2699 182').

366 2760 472 2848 197.
1293 2789 1388 2856 1542,
1405 2789 1425 2854 9
1441 2766 1630 2858 septembre.

357 2878 545 2964 Exponitur
557 2877 588 2940 S.
607 2875 645 2939 V.
662 2895 703 2939 ex
719 2883 815 2960 parte
830 2873 946 2938 devoti
963 2873 1064 2938 uestri
1082 2873 1197 2938 militis
1213 2872 1401 2939 Theobaldi
1424 2873 1467 2940 de
1492 2872 1569 2954 Bar,
1585 2873 1673 2938 dom.

312 2986 354 3050 de
372 2983 562 3066 Pierepont,
579 2978 760 3058 'l'reviren.,
778 2987 812 3042 et
830 2976 950 3057 Marie,
967 2985 1045 3041 nate
1061 2978 1233 3060 quondam
1254 2976 1420 3055 Johannis
1440 2978 1483 3044 de
1507 2977 1674 3057 Flandria,

315 3085 447 3152 comitis
464 3080 714 3160 Namurcensis,
731 3079 847 3146 relicte
863 3079 1033 3163 quondam
1052 3079 1191 3144 Henrici
1208 3081 1342 3146 comitis
1358 3080 1498 3164 l'ienne,
1515 3080 1674 3148 Leodien.

314 3190 412 3270 dioc,
429 3187 519 3271 quod
536 3186 595 3271 ipsi
604 3184 740 3263 dudum,
752 3183 945 3266 ignorantes
955 3181 1092 3267 aliquod
1104 3205 1176 3248 esse
1192 3184 1491 3268 consanguinitatis
1503 3185 1672 3249 vinculum

315 3294 401 3357 inter
426 3291 524 3375 ipsos,
550 3287 801 3354 matrimonium
827 3287 913 3352 inter
938 3308 982 3366 se,
999 3287 1119 3352 bannis
1144 3308 1242 3372 super
1265 3289 1330 3353 hoc
1355 3289 1462 3370 editis,
1481 3290 1616 3353 nemine
1639 3309 1675 3352 se

314 3401 519 3481 opponente,
536 3391 569 3455 in
591 3391 675 3456 facie
697 3390 837 3456 ecclesie
862 3391 1056 3456 solemniter
1071 3400 1319 3474 contraxerunt,
1336 3401 1371 3458 et
1387 3393 1420 3457 in
1436 3394 1484 3459 sic
1499 3401 1675 3460 contracto

315 3496 530 3566 matrimonio
545 3516 604 3582 per
619 3495 790 3560 biennium
807 3503 842 3560 et
857 3496 1000 3580 amplius
1015 3516 1051 3560 se
1077 3503 1307 3562 tractaverunt
1325 3508 1362 3562 ut
1377 3499 1536 3582 conjuges
1550 3508 1586 3562 et
1600 3517 1675 3583 pro-

315 3605 382 3668 lem
407 3607 623 3686 susceperunt
647 3622 655 3680 ;
688 3621 812 3681 verum,
830 3622 906 3666 cunr
928 3621 988 3686 per
1003 3600 1151 3666 seniores
1175 3623 1253 3666 suos
1278 3601 1321 3666 ad
1345 3601 1491 3688 ipsorum
1518 3601 1675 3667 notitiam

315 3709 448 3774 noviter
463 3705 505 3770 sit
532 3703 712 3770 deductum
740 3705 831 3788 quod
858 3705 918 3790 ipsi
946 3715 1023 3772 sunt
1042 3706 1084 3772 ad
1103 3707 1249 3772 invicem
1269 3716 1389 3792 quarto
1410 3706 1513 3790 gradu
1534 3725 1675 3771 consan-

315 3810 486 3898 guinitatis
496 3809 622 3876 astricti
637 3833 645 3888 3
663 3829 757 3895 supp.
771 3816 873 3892 quat,
885 3809 998 3874 favore
1014 3809 1104 3876 dicte
1120 3811 1231 3896 prolis,
1249 3820 1284 3875 et
1299 3819 1336 3876 ut
1352 3811 1521 3876 evitentur
1535 3809 1677 3896 plurima

315 3916 483 3995 scandala,
509 3935 574 3999 que
598 3935 639 3978 ex
665 3933 780 3978 eorum
811 3914 1032 3998 separatione,
1058 3915 1083 3978 si
1110 3914 1215 3994 lieret,
1240 3915 1316 3980 oriri
1347 3924 1494 4000 possent,
1522 3934 1598 3980 curn
1629 3913 1677 3978 eis

308 4019 497 4105 dignemini
524 4018 726 4104 dispensare,
743 4015 843 4100 quod,
860 4036 929 4080 non
956 4019 1041 4084 obst.
1056 4017 1150 4083 dicto
1166 4019 1419 4106 impedimento,
1436 4020 1564 4105 possint
1579 4018 1612 4082 in
1629 4018 1676 4082 sic

316 4131 491 4192 contracto
507 4122 723 4190 matrimonio
733 4121 823 4186 licite
834 4140 1016 4201 remanere,
1032 4122 1162 4206 prolem
1184 4133 1372 4208 susceptam
1386 4133 1420 4188 et
1430 4121 1675 4207 suscipiendam

315 4229 500 4312 legitimam
511 4226 733 4294 decernendo,
745 4265 786 4274 -
801 4222 877 4290 Fiat
890 4245 949 4310 per
960 4225 1156 4310 episcopum
1168 4223 1326 4292 Leodien.
1342 4227 1545 4293 auctoritate
1555 4235 1675 4313 apost,

316 4333 342 4398 si
360 4333 402 4396 sit
418 4333 475 4400 ita.
495 4331 534 4396 R.

361 4435 438 4500 Dat.
456 4455 509 4520 ap.
526 4431 774 4500 Villamnovarn
793 4453 809 4518 5
828 4432 866 4498 id.
884 4439 968 4518 sept.
985 4441 1017 4498 εν·
1037 4442 1075 4498 1⁰.
1093 4430 1136 4516 (Ι,
1158 4435 1259 4516 182‘).

372 4571 477 4652 198.
1295 4603 1313 4647 1
1314 4603 1391 4667 jpa,
1408 4604 1427 4667 9
1444 4585 1631 4670 septembre.

360 4691 461 4775 Supp.
478 4687 652 4765 Johannes
667 4688 709 4752 de
725 4685 891 4766 Gruvelia,
908 4683 1086 4762 Januensis
1101 4685 1199 4766 dioc,
1216 4686 1269 4752 lic.
1286 4687 1319 4750 in
1337 4687 1410 4772 jure
1437 4687 1500 4753 civ.
1516 4709 1556 4752 ac
1570 4707 1676 4772 nepos

317 4833 429 4842 μ-ὐ-
456 4831 569 4838 -----

349 4901 371 4948 l.
385 4900 452 4948 llnn.
465 4899 529 4946 lnn.
550 4899 609 4948 l'at,
624 4898 642 4946 1.
656 4911 681 4945 n.
694 4899 732 4944 95,
744 4925 776 4932 -
788 4899 811 4945 ⁴2.
823 4898 888 4946 dean
901 4897 933 4944 de
947 4897 1091 4955 Bourienos.
1103 4897 1145 4957 fig.
1156 4911 1255 4945 comme
1272 4896 1363 4959 presbb
1382 4895 1415 4944 de
1435 4895 1625 4944 Saltu-nubam
1644 4894 1676 4942 de

315 4973 414 5023 Namur
427 4990 457 5023 cn
475 4975 534 5021 13:38
549 4973 655 5032 (Aigloi,
671 4973 722 5030 172,
738 4973 783 5018 lib
797 4986 802 5028 ;
815 4971 847 5021 cl.
862 4971 925 5025 Prot,
943 4971 1011 5020 (au.
1023 4969 1067 5016 (Iex
1088 4972 1181 5039 (burins
1192 4969 1223 5018 de
1238 4971 1342 5018 domur.
1358 4969 1446 5028 ludex,
1460 4983 1485 5032 p.
1497 4971 1562 5030 4137).
