3650 5675
287 540 343 603 150
739 535 826 607 1344,
849 532 883 597 81
904 530 1055 612 ,11111115
1077 530 1195 596 fe'vrier.

288 691 435 770 cuerit...
452 685 591 771 elargiri.
605 685 734 752 -Fiat
750 687 792 752 de
808 707 876 751 uno
892 706 982 750 anno
997 693 1032 750 et
1048 705 1115 750 una
1125 684 1340 769 quadragena
1356 683 1390 747 in
1401 682 1647 761 festivitatibus

289 797 321 859 in
340 793 469 860 octavis
485 802 519 855 et
535 809 594 875 per
610 799 748 884 octavas
763 792 806 857 de
822 798 960 856 centum
980 790 1106 855 diebus.
1122 831 1166 838 -
1182 789 1222 854 R.

334 900 412 963 Dat.
426 896 524 961 Avin.
543 916 559 958 2
577 893 642 959 kal.
659 894 739 959 febr.
757 900 790 958 a⁰
804 900 846 959 2⁰.
863 894 914 975 (4,
936 892 1023 975 163).

342 1035 582 1119 651-653.
1301 1060 1396 1124 1344,
1412 1060 1453 1123 31
1463 1038 1606 1120 anm'er.

336 1154 496 1240 [Rotulus
511 1169 695 1237 pauperum
716 1144 961 1231 clericorum...]
981 1145 1082 1231 Supp.
1101 1144 1209 1231 [quat.
1226 1144 1408 1229 dignemini
1425 1142 1648 1229 providere...]

335 1258 423 1322 Item
447 1253 640 1333 Godeirido,
657 1260 740 1316 nato
765 1250 910 1315 condam
929 1248 1116 1314 Franconis
1131 1248 1174 1313 de
1191 1247 1295 1329 Maef,
1312 1247 1473 1314 Leodien.
1488 1248 1586 1327 dioc,
1608 1248 1651 1313 ad

292 1364 368 1428 coll.
384 1369 449 1426 etc.
465 1360 577 1445 episc,
593 1356 666 1421 dec.
682 1362 716 1419 et
733 1374 806 1440 cap.
824 1352 985 1418 Leodien.
1002 1353 1053 1436 (4,
1072 1352 1159 1437 185).

336 1504 418 1565 652.
449 1496 535 1562 Item
563 1514 658 1581 supp.
685 1492 879 1577 Amulphus
901 1491 944 1556 de
971 1490 1127 1577 Stapulis,
1151 1493 1259 1576 presb.
1284 1488 1452 1556 Morinen.
1483 1490 1580 1571 dioc,
1609 1491 1651 1556 de

294 1604 411 1689 capell.
437 1601 468 1666 S.
494 1599 609 1664 Crucis
625 1598 658 1661 in
675 1596 879 1662 monasterio
903 1594 1102 1659 monialium
1119 1593 1157 1659 B.
1175 1593 1224 1659 M.
1242 1593 1467 1675 Messinensis,
1485 1593 1652 1660 Morinen.

294 1706 390 1785 dioc,
407 1725 479 1769 vac.
503 1724 563 1790 per
584 1706 637 1767 ob.
654 1700 761 1765 ultimi
778 1699 953 1785 capellani,
970 1699 1025 1782 qui
1043 1699 1076 1762 in
1101 1698 1198 1764 Rom.
1219 1719 1286 1763 cur.
1307 1698 1397 1763 diem
1412 1699 1531 1763 clausit
1547 1708 1654 1763 extre·

294 1830 396 1889 mum,
425 1808 517 1893 cujus
541 1807 697 1870 fructus...
729 1824 764 1887 15
790 1804 846 1869 lib.
871 1802 950 1867 Tur.
971 1804 1122 1867 valorem
1147 1822 1296 1867 annuum
1318 1823 1387 1868 non
1408 1803 1584 1868 excedunt.
1611 1842 1655 1851 -

286 1912 373 1979 ¹Fiat
390 1912 429 1977 R.
447 1914 499 1996 (4,
522 1913 606 1994 186).

338 2056 418 2116 653.
436 2050 537 2134 Supp.
553 2048 595 2112 de
612 2046 724 2111 officio
739 2000 986 2110 tabellionatus.
1008 2082 1040 2092 -
1059 2044 1212 2109 Amoldo
1227 2044 1385 2109 Willelmi
1402 2044 1492 2110 Ruffi
1507 2044 1549 2110 de
1565 2044 1654 2110 Ton-

297 2153 370 2237 gris,
384 2155 461 2218 cler.
478 2151 638 2217 Leodien.
657 2151 744 2215 dioc.

287 2284 291 2290 ·
339 2256 418 2321 Dat.
436 2256 533 2321 Avin.
552 2276 568 2319 2
586 2254 651 2319 kal.
668 2254 748 2318 febr.
766 2260 799 2318 a⁰
816 2260 856 2319 2⁰.
874 2254 925 2335 (4,
947 2255 1031 2338 186).

347 2394 463 2476 654.
1333 2428 1428 2491 1344,
1444 2430 1463 2490 4
1472 2407 1612 2494 sarrier.

339 2512 439 2597 Supp.
458 2510 655 2577 Franciscus
666 2512 775 2577 dictus
790 2513 822 2576 le
833 2510 988 2577 Boclreus
1002 2521 1020 2592 ¹,
1033 2511 1251 2576 buticularius
1262 2511 1364 2597 episc.
1374 2510 1566 2591 Belvacen,
1579 2511 1656 2575 cler.

298 2614 526 2695 Carneracen,
552 2623 644 2699 quat.
669 2615 711 2680 de
739 2616 850 2699 aliqua
883 2614 1109 2680 matricularia
1135 2636 1194 2680 seu
1219 2615 1370 2681 custodia
1386 2615 1429 2680 ad
1456 2616 1531 2680 coll.
1555 2613 1656 2699 episc.

297 2718 484 2784 Tornacen.
502 2739 540 2783 ac
557 2721 716 2783 abbatum
733 2718 764 2783 S.
782 2718 871 2783 Petri
888 2726 923 2783 et
940 2718 971 2783 S.
988 2717 1137 2784 Bavonis
1153 2718 1351 2799 Gandensis,
1368 2717 1542 2783 Tomacen
1558 2717 1655 2796 dioc,

296 2822 479 2908 dignemini
496 2821 681 2910 providere.
697 2865 739 2872 —
757 2820 834 2888 Fiat
851 2822 891 2889 R.

340 2927 419 2991 Dat.
440 2927 539 2992 Avin.
557 2948 574 2992 2
591 2948 671 2992 non.
688 2927 767 2992 febr.
785 2934 818 3010 a⁰
835 2935 877 2992 2⁰.
893 2931 944 3011 (4,
965 2931 1050 3010 169).

348 3061 462 3144 655
1329 3097 1424 3161 1344,
1439 3095 1461 3157 5
1468 3076 1607 3163 sevrier.

340 3177 429 3262 Sign.
460 3176 632 3255 Jolrannes
659 3179 816 3245 Portuen.
843 3189 878 3245 et
917 3181 948 3246 S.
977 3181 1111 3247 Ruffine
1142 3183 1242 3269 episc.
1272 3180 1370 3260 card,
1397 3179 1488 3264 quod
1513 3179 1547 3243 in
1570 3179 1654 3244 eccl.

286 3281 457 3358 leodien.
481 3291 592 3367 preter
616 3282 833 3348 canonicatus
860 3292 895 3348 et
910 3285 1107 3370 prebendas
1125 3287 1181 3370 qui
1205 3284 1422 3352 canonicatus
1436 3284 1498 3370 ipsi
1514 3282 1655 3349 ecclesie

297 3385 516 3470 assignantur,
533 3394 611 3451 sunt
627 3386 683 3451 alii
699 3388 921 3454 canonicatus
936 3397 971 3453 et
985 3389 1166 3475 prebende,
1183 3391 1239 3474 qui
1265 3390 1296 3455 S.
1314 3388 1462 3454 Materni
1477 3387 1657 3472 vulgariter

297 3496 541 3574 nuncupantur,
567 3490 718 3554 consueti
747 3491 874 3557 clericis
898 3493 1101 3558 secularibus
1125 3493 1307 3578 assignari;
1333 3495 1552 3577 quamobrem
1568 3490 1608 3556 E.
1624 3491 1656 3555 S.

296 3614 391 3679 supp.
407 3593 516 3658 dictus
531 3592 551 3670 J
554 3594 714 3674 ohannes,
732 3603 823 3678 quat.
840 3595 1008 3682 [servitori
1024 3595 1299 3683 suo,Dominico]
1318 3596 1446 3662 Donati
1461 3595 1503 3660 de
1520 3593 1657 3660 Floren-

296 3697 354 3778 tia,
364 3697 406 3762 de
416 3717 490 3762 can.
503 3697 692 3785 hujusmodi
705 3697 736 3762 S.
749 3697 894 3764 Materni
907 3701 941 3764 in
954 3700 1074 3765 eadem
1089 3702 1172 3767 eccl.
1193 3721 1234 3766 ac
1249 3703 1342 3787 preb.
1362 3700 1442 3766 dicti
1459 3699 1490 3764 S.
1508 3697 1655 3764 Materni

296 3800 478 3886 dignemini
490 3800 666 3887 providere
681 3825 689 3880 ;
707 3802 854 3886 alioquin
867 3807 960 3889 preb.
971 3805 1002 3870 S.
1014 3803 1162 3869 Materni
1174 3805 1314 3890 predicti
1327 3804 1361 3869 in
1376 3805 1459 3870 eccl.
1470 3809 1656 3868 memorata

297 3905 447 3989 proxime
459 3913 664 3986 vacaturam,
681 3906 789 3971 eidem
808 3907 989 3974 Dominico
1000 3909 1249 3989 conferendam,
1265 3907 1447 3994 dignemini
1462 3926 1630 3972 reservare
1645 3928 1655 3985 ς

297 4027 365 4072 uon
387 4010 472 4072 obst.
500 4009 590 4092 quod
615 4001 725 4075 dictus
744 4012 942 4078 Dominicus
965 4014 1071 4080 altare
1094 4013 1126 4078 S.
1144 4012 1329 4078 Katherine
1345 4021 1380 4078 et
1395 4013 1426 4077 S.
1442 4010 1607 4088 Johannis
1622 4009 1656 4073 in

297 4112 388 4178 dicta
404 4114 496 4192 eccl,
514 4113 664 4178 valorem
683 4134 723 4198 30
739 4115 928 4180 modiorum
944 4117 1051 4202 spelte
1063 4117 1118 4181 vel
1130 4116 1219 4183 circa
1234 4137 1384 4182 annuum
1399 4136 1467 4181 non
1479 4113 1657 4194 excedens

297 4237 402 4302 nuper
428 4216 590 4297 obtineat,
617 4216 707 4301 quod
729 4227 866 4303 paratus
891 4228 943 4284 est
970 4221 1109 4286 omnino
1131 4219 1312 4302 dimittere,
1328 4241 1404 4286 cum
1431 4218 1657 4305 predictorum

298 4341 372 4390 can.
388 4330 423 4386 et
438 4323 530 4407 preb.
546 4322 791 4407 possessionem
807 4324 985 4410 pacificam
1000 4325 1098 4390 fuerit
1114 4333 1295 4390 assecutus.
1310 4365 1354 4374 —
1371 4323 1448 4389 Fiat
1464 4323 1505 4389 R.

341 4423 421 4490 Dat.
437 4425 535 4490 Avin.
553 4445 631 4490 non.
648 4425 727 4492 febr.
740 4433 774 4492 a⁰
792 4434 833 4493 2⁰.
851 4428 902 4512 (4,
924 4429 1014 4512 168')

350 4563 464 4646 656.
1320 4598 1415 4662 1344,
1437 4597 1459 4660 5
1472 4577 1614 4666 faurt'er.

341 4681 441 4766 Supp.
468 4680 658 4766 pelliparius
684 4690 794 4747 vester
818 4681 986 4750 Walterus
1009 4685 1118 4750 dictus
1142 4683 1248 4750 Gorre
1264 4693 1284 4764 ¹,
1310 4690 1403 4768 quat.
1434 4680 1566 4768 [nepoti
1586 4700 1658 4758 suo,

298 4783 494 4870 Guillelmo]
518 4783 687 4850 Guillelmi
708 4786 789 4852 dicti
806 4785 922 4869 Gorre,
937 4788 980 4854 de
997 4787 1148 4871 Colonia,
1165 4790 1254 4868 cler,
1270 4786 1313 4852 de
1329 4807 1402 4852 can.
1418 4794 1454 4851 et
1468 4787 1560 4871 preb.
1575 4784 1659 4849 eccl.

329 4981 423 5032 uv0ir
433 4997 458 5031 n.
471 4983 526 5030 601.
545 5009 576 5017 —
594 4986 616 5032 2.
629 4983 691 5031 Voir
703 4997 727 5033 n.
739 4985 796 5034 638.
