3650 5675
704 476 812 551 latr.
833 475 883 542 bo
904 477 984 544 uolt.
1467 477 1529 550 825

170 631 385 700 commodum
407 618 605 719 reportavit,
624 640 740 699 tamen
763 651 825 716 pro
846 629 927 715 ipsis
949 628 1213 717 quamplurimos
1233 631 1364 699 labores
1379 630 1479 702 subiit
1495 645 1530 702 et

170 759 358 824 expensas;
390 738 488 805 offert
518 759 553 806 se
584 747 698 805 autem
727 738 838 804 dictus
867 735 1040 813 Johannes
1071 734 1205 802 Morelli
1236 738 1457 823 capellaniam
1487 739 1530 807 de

169 842 328 929 Boycour
352 842 540 930 predictam
563 843 744 925 dimittere,
773 861 850 908 cum
874 841 962 906 illius
978 841 1009 908 S.
1026 839 1142 908 Crucis
1165 841 1263 908 suerit
1284 838 1529 929 possessionem

170 947 348 1033 pacificam
364 956 544 1016 assecutus.
560 946 692 1014 -Fiat
708 945 748 1013 R.

213 1051 293 1121 Dat.
308 1053 408 1120 Avin.
426 1055 444 1120 8
461 1050 527 1120 kal.
543 1072 618 1139 aug.
635 1059 669 1118 ιι0
687 1055 728 1118 ⁶⁰.
745 1051 820 1136 (29,
841 1050 925 1134 164).

225 1190 364 1276 1230.
1249 1219 1345 1288 1347,
1361 1221 1383 1288 5
1399 1209 1487 1275 aaut.

213 1310 301 1396 Sign.
327 1309 358 1377 S.
375 1309 415 1377 V.
444 1307 563 1378 Helias
587 1307 631 1376 de
656 1307 827 1391 Buffenos,
852 1305 943 1394 quod
967 1327 1073 1395 nuper
1089 1307 1258 1374 Sanctitas
1280 1305 1353 1396 ipsa
1373 1307 1531 1377 Alexium

171 1411 349 1500 Frederiei,
374 1422 547 1482 cantorem
568 1414 650 1481 eccl.
667 1413 698 1480 S.
714 1411 898 1480 Audomari
914 1411 957 1479 de
973 1409 1004 1478 S.
1021 1411 1226 1496 Audomaro,
1245 1407 1412 1482 Morinen.
1433 1413 1531 1500 dioc„

170 1521 204 1586 in
216 1521 289 1608 jure
305 1519 396 1607 quod
418 1516 519 1587 Petro
535 1517 672 1607 Agapiti
690 1517 733 1585 de
748 1517 936 1604 Columpna
952 1516 994 1583 de
1011 1513 1114 1600 Urbe,
1131 1524 1166 1583 et
1183 1517 1355 1603 quondam
1371 1517 1474 1587 Petro
1489 1517 1531 1588 de

172 1623 342 1707 Mascnlis,
350 1625 558 1707 Cremonen,
577 1625 713 1706 clericis,
729 1624 764 1690 in
780 1644 854 1690 can.
870 1630 906 1690 et
921 1625 1013 1710 preb.
1028 1621 1205 1706 diaconali,
1222 1632 1257 1691 et
1273 1625 1477 1708 continuam,
1494 1635 1532 1696 ut

170 1731 335 1812 asseritur,
347 1731 562 1798 residentiam
585 1730 784 1815 requirente,
806 1727 897 1795 dicte
920 1728 1061 1796 ecclesie
1082 1731 1311 1816 competebat,
1328 1729 1531 1816 subrogavit,

170 1836 345 1922 ipsumque
367 1836 421 1920 jus
436 1836 581 1901 contulit
596 1844 631 1900 et
646 1833 689 1900 de
704 1835 761 1900 illo
776 1833 807 1899 ei
823 1833 970 1920 providit
987 1851 1007 1915 ¹,
1028 1842 1128 1920 prout
1143 1833 1177 1898 in
1194 1832 1312 1900 litteris
1339 1835 1533 1921 apostolicis

170 1940 246 2007 inde
270 1941 432 2009 confectis
457 1940 588 2026 plenius
613 1939 803 2007 continetur
819 1963 827 2019 ;
845 1939 1003 2024 qnodque
1019 1938 1091 2025 ipsa
1107 1937 1273 2005 Sanctitas
1287 1939 1404 2021 voluit,
1429 1939 1529 2025 quod,

171 2047 415 2134 quamprimum
439 2047 529 2114 idem
553 2046 690 2113 Alexius
716 2046 825 2112 dictos
850 2066 925 2112 can.
941 2052 976 2112 et
993 2047 1086 2132 preb.
1102 2044 1188 2111 foret
1202 2044 1317 2130 vigore
1343 2044 1530 2120 litterarum

169 2151 358 2238 hujusmodi
373 2153 515 2239 pacifice
531 2159 711 2231 assecutus
724 2171 797 2218 cau.
814 2159 849 2216 et
864 2171 1003 2237 parvam
1020 2151 1121 2236 preb,
1139 2169 1222 2235 quos
1237 2149 1327 2216 idem
1342 2150 1480 2217 Alexius
1495 2150 1528 2217 in

170 2255 288 2329 eadem
311 2258 393 2324 eccl.
417 2257 557 2337 obtinet,
574 2256 742 2322 dimittere
757 2263 937 2321 teneretur.
955 2254 1041 2320 Cum
1057 2263 1171 2320 autem
1187 2253 1268 2320 dicti
1285 2275 1359 2322 can.
1376 2264 1411 2320 et
1426 2275 1530 2342 parva

169 2362 338 2448 prebenda
361 2368 539 2448 propterea
567 2381 687 2427 vacare
711 2367 893 2447 sperentur,
919 2380 1014 2446 supp.
1042 2358 1130 2425 idem
1152 2359 1272 2425 Helias
1295 2358 1336 2426 de
1361 2357 1529 2441 Buffenos,

170 2473 262 2551 quat.
288 2465 350 2532 sibi
373 2466 408 2532 in
438 2486 648 2552 personam...
680 2464 781 2532 Helie
810 2463 852 2530 de
883 2462 1076 2544 Lasconter,
1103 2462 1145 2530 de
1179 2463 1259 2528 villa
1290 2461 1384 2530 Podii
1416 2463 1529 2530 Sancti

172 2567 361 2652 Frontonis,
378 2569 632 2656 petragoricen,
646 2568 767 2650 clerici,
780 2567 959 2654 specialem
981 2567 1124 2652 gratiam
1145 2566 1316 2649 iacientes
1332 2567 1441 2634 dictos
1457 2587 1529 2636 can.

170 2682 206 2740 et
216 2694 355 2761 parvam
366 2677 469 2762 preb,
481 2695 558 2742 cum
573 2695 641 2755 eos,
658 2672 820 2760 premisso
831 2673 887 2736 vel
903 2671 970 2738 alio
986 2672 1104 2756 quovis
1116 2671 1229 2752 modo,
1242 2679 1456 2758 preterquam
1472 2693 1531 2760 per

171 2777 272 2866 ipsius
286 2778 397 2845 Alexii
412 2782 477 2861 ob,
493 2799 612 2846 vacare
629 2775 817 2863 contigerit,
834 2775 1053 2843 conferendos
1077 2776 1169 2844 dioto
1192 2777 1323 2859 cleric0,
1347 2776 1530 2863 dignemini

170 2904 339 2950 reservare
355 2908 362 2965 ;
386 2906 454 2951 non
478 2888 562 2951 obst.
586 2882 678 2969 quod
694 2885 769 2950 ben.
786 2881 868 2948 eccl.
885 2902 913 2949 c.
931 2901 959 2947 c.
975 2880 1029 2947 vel
1045 2902 1071 2947 s.
1087 2900 1126 2963 c.,
1143 2888 1299 2968 spectans
1314 2881 1356 2949 ad
1372 2884 1449 2951 coll.
1465 2890 1530 2951 etc.

172 2990 340 3055 abbatisse
366 2999 401 3055 et
428 3010 525 3056 conv.
552 2987 746 3054 monasterii
774 2981 1042 3071 Fontisgayierii,
1063 2984 1105 3052 O.
1122 2984 1154 3051 S.
1171 2984 1220 3067 B,
1243 2985 1405 3054 Sarlaten.
1432 2986 1529 3072 dioc,

171 3101 247 3176 etc,
274 3090 308 3158 in
336 3094 505 3160 communi
528 3114 713 3181 pauperum
736 3091 854 3174 forma,
870 3090 1020 3157 noscitur
1035 3098 1213 3179 expectare
1228 3114 1237 3173 ;
1255 3110 1356 3179 quam
1373 3102 1530 3181 expecta-

169 3198 309 3278 tionem,
326 3216 426 3281 qnam
442 3202 455 3232 ⁸
471 3205 637 3285 expectat,
654 3190 684 3261 ei
700 3190 883 3281 dignemini
899 3210 1077 3267 reservare.
1093 3230 1136 3245 -
1152 3190 1229 3265 Fiat
1246 3192 1287 3263 R.

215 3300 293 3367 Dat.
310 3298 409 3369 Acin.
424 3319 503 3368 non.
520 3318 594 3387 aug.
610 3308 644 3366 a⁰
661 3306 703 3367 6⁰.
720 3300 912 3387 (22172').

224 3442 515 3531 l2sslul233.
1244 3466 1339 3536 1347,
1361 3418 1486 3524 ducat.

215 3562 317 3650 Supp.
329 3561 446 3631 Petrus
469 3560 512 3633 do
537 3557 714 3639 Gandavo,
731 3560 871 3645 presb.,²
892 3564 984 3644 quat.
1001 3556 1062 3626 sibi
1089 3555 1131 3626 de
1158 3558 1233 3625 ben.
1250 3556 1367 3627 eccles.
1384 3576 1413 3627 c.
1431 3577 1459 3627 c.
1475 3558 1529 3627 vel

170 3688 196 3734 S.
214 3688 253 3747 c.,
270 3665 373 3732 etiam
388 3666 414 3731 si
430 3664 554 3731 vicaria
569 3664 623 3728 vel
640 3660 788 3729 officium
804 3661 925 3727 vicarie
941 3660 1075 3747 majoris
1098 3659 1209 3728 altaris
1235 3659 1316 3730 ecel.
1333 3658 1529 3739 Tornacen,

171 3790 230 3835 seu
246 3768 393 3836 officium
408 3768 631 3835 matricularie
647 3767 701 3831 vel
718 3764 869 3835 custodie
884 3765 1007 3835 existat
1022 3786 1030 3845 ς
1053 3764 1145 3851 cujus
1160 3764 1327 3842 fructum,
1344 3760 1370 3829 si
1387 3782 1415 3833 c.
1432 3782 1461 3833 c.
1479 3782 1530 3845 90,

171 3874 199 3941 si
214 3893 295 3939 vero
310 3894 335 3941 s.
352 3894 381 3941 c.
396 3871 494 3938 fuerit
505 3890 545 3957 7o
555 3870 627 3937 libr.
637 3869 761 3937 Turon.
778 3890 920 3957 parvor,
932 3890 997 3936 sec.
1008 3868 1217 3935 taxationem
1228 3866 1369 3949 decime,
1381 3867 1530 3935 valorem

171 3994 319 4047 annuum
335 3994 403 4044 non
430 3977 605 4059 excedant,
629 3983 805 4063 spectante
833 3974 876 4042 ad
892 3975 989 4043 coll...
1006 3972 1117 4059 episc,
1140 3968 1260 4039 decani
1276 3978 1311 4038 et
1327 3969 1474 4058 capituli,
1491 3992 1531 4039 ac

170 4090 409 4171 perpetuorum
423 4080 625 4148 vicariorum
641 4080 775 4167 maj0ris
790 4078 903 4146 altaris
926 4079 1007 4146 eccl.
1023 4076 1219 4161 Tomacen.,
1237 4074 1460 4145 communiter
1475 4078 1530 4143 vel

170 4184 311 4270 divisim,
339 4186 442 4253 etiam
468 4184 494 4253 si
518 4185 553 4252 in
578 4186 659 4255 eccl.
687 4183 871 4253 cathedrali
899 4183 1029 4265 existat,
1055 4192 1090 4250 et
1112 4182 1215 4251 etiam
1239 4182 1265 4250 si
1289 4180 1361 4271 quis
1384 4182 1427 4249 ad
1449 4182 1530 4249 illud

171 4290 381 4360 consueverit
406 4310 466 4379 per
492 4288 692 4358 electionem
717 4289 849 4371 assumi,
866 4288 959 4355 dicto
975 4286 1075 4356 Petro
1091 4286 1274 4375 dignemini
1297 4286 1503 4375 providere...
1520 4310 1528 4371 ;

169 4413 238 4461 non
265 4395 420 4462 obstante
447 4400 576 4461 statuto
602 4411 661 4460 seu
685 4391 926 4461 consuetudine
946 4388 1049 4480 ipsius
1065 4392 1214 4475 ecclesie,
1230 4392 1257 4459 si
1273 4392 1395 4475 forsan,
1412 4391 1530 4481 quibus

171 4498 281 4567 caveri
306 4497 427 4567 dicitur
452 4497 543 4585 quod
566 4496 689 4565 vicaria
720 4496 855 4584 majoris
879 4493 992 4565 altaris
1018 4496 1207 4587 hujusmodi
1238 4515 1307 4564 nou
1337 4496 1442 4585 possit
1472 4518 1531 4586 per

173 4602 321 4691 aliquem
345 4602 557 4671 obtinentem
583 4600 673 4671 aliud
697 4604 774 4670 ben.
803 4600 969 4687 obtineri;
998 4622 1056 4669 seu
1082 4598 1172 4693 quod
1198 4598 1286 4670 idem
1309 4596 1428 4669 Petrus
1453 4604 1530 4669 ben.

203 4758 232 4819 a)
248 4758 304 4809 (bd.
316 4773 401 4819 quem.

205 4876 227 4923 l.
239 4875 301 4923 Voir
312 4889 338 4924 ιι.
351 4876 414 4923 1219
425 4892 431 4934 ;
443 4874 527 4936 Vidal,
540 4889 565 4923 n.
578 4876 648 4923 7470.
659 4902 692 4909 —
708 4877 731 4923 2.
743 4874 806 4922 Voir
814 4889 839 4923 n.
852 4875 898 4922 154
910 4892 917 4933 ;
930 4875 1014 4923 Pierre
1025 4873 1057 4921 de
1069 4873 1145 4922 Gund
1156 4873 1197 4921 lut
1208 4874 1347 4923 collectenr
1357 4873 1489 4939 pontifloul
1501 4888 1532 4924 en

174 4947 598 5012 senoinavre(1}ipbmabrteq,
611 4948 672 5007 Vll,
685 4949 790 4997 arr-217
802 4964 809 5010 5
821 4948 888 4997 Aeta
896 4948 991 5013 puratis.
1002 4947 1112 5011 Dubito,
1125 4946 1145 5009 l,
1159 4946 1285 5010 Idi-182).
