3650 5675
633 598 635 603 .
664 542 752 619 1345,
774 540 865 607 19-23
884 542 994 623 juillet.
1450 548 1507 615 219

202 692 313 778 886·
369 702 408 709 ”
665 696 668 703 ’
971 694 975 700 ’
1099 694 1103 701 ’
1180 730 1273 793 1345,
1291 730 1332 794 19
1342 708 1464 791 juillet.

193 813 283 898 Sign.
312 812 447 898 Egidius
473 811 516 877 de
542 810 666 878 Werda
694 820 703 846 ¹
727 820 761 876 et
787 810 962 890 Johannes
989 812 1098 879 dictus
1123 814 1355 901 Dolbelsteyn,
1383 824 1393 850 ¹
1420 816 1510 901 quod

149 938 256 1004 nuper
271 918 332 1004 ipsi
348 916 562 983 intendentes
588 936 663 983 can.
687 924 722 981 et
733 917 836 1002 preb.‚
853 936 937 999 quos
954 916 1094 1001 Egidius‘
1115 918 1150 982 in
1166 917 1197 983 S.
1222 918 1361 985 Servatii
1377 919 1508 1007 Trajec·

150 1022 263 1103 tensis,
291 1030 325 1088 et
349 1020 524 1100 Johannes
548 1020 689 1108 predicti
716 1020 750 1083 in
775 1018 805 1085 S.
823 1018 913 1084 Petri
941 1020 975 1085 in
999 1019 1119 1087 Zittert
1145 1022 1304 1103 ecclesiis,
1321 1029 1356 1088 et
1371 1023 1452 1089 eccl.
1470 1023 1508 1089 B.

151 1126 336 1193 Katherine
349 1126 381 1192 in
395 1124 495 1193 Nova
510 1125 608 1192 Curia
620 1144 724 1212 prope
736 1123 939 1209 Trajectum,
957 1122 1115 1190 Leodien.
1131 1124 1229 1207 dioc,
1245 1126 1452 1207 obtinebant,
1465 1126 1509 1192 ad

149 1231 295 1298 invicem
311 1239 509 1317 permutare,
525 1230 615 1297 dicta
630 1250 689 1295 sua
700 1227 865 1295 beneficia
881 1228 914 1292 in
930 1228 1085 1294 manibus
1096 1228 1508 1317 dom.[Stephani],episc.

150 1334 381 1418 Casinensis,...
398 1335 615 1421 resignarunt.
633 1334 744 1419 Quare
772 1353 866 1420 supp.
884 1340 974 1417 quat.
1000 1331 1019 1412 J
1023 1333 1147 1399 ohanni
1163 1333 1206 1400 de
1223 1336 1254 1401 S.
1271 1335 1411 1401 Servatii
1426 1336 1509 1401 Tra-

148 1439 317 1526 jectensis,
333 1448 369 1506 et
385 1439 504 1525 Egidio
520 1439 563 1506 de
578 1439 609 1504 S.
626 1437 715 1503 Petri
732 1438 766 1503 in
780 1437 900 1503 Zittert
917 1458 991 1503 can.
1008 1445 1043 1503 et
1057 1441 1160 1525 preb.‚
1176 1447 1211 1504 et
1227 1440 1309 1505 eccl.
1326 1438 1364 1505 B.
1383 1438 1508 1506 Kathe-

150 1546 221 1609 rine
237 1544 405 1631 predictis,
429 1543 518 1630 apud
542 1542 655 1609 sedem
681 1550 788 1629 apost.
816 1563 875 1630 per
900 1542 1067 1629 prefatam
1092 1545 1248 1629 resignat.
1275 1545 1401 1612 iactam
1423 1565 1509 1628 vae,

151 1648 334 1735 dignemini
351 1647 535 1735 providere.
553 1686 585 1697 -
607 1646 683 1713 Fiat
701 1646 740 1713 R.

196 1752 277 1819 Dat.
294 1753 392 1819 Avin.
414 1774 450 1839 14
467 1751 534 1817 kal.
550 1773 623 1838 aug.
640 1760 674 1817 a⁰
689 1760 732 1837 4⁰.
751 1754 799 1838 (9,
818 1752 901 1837 97l).

203 1915 320 1998 887.
344 1917 346 1920 ⁵
1181 1932 1465 2019 1345,19juillel.

195 2035 299 2122 Supp.
316 2034 405 2101 Boso
422 2034 582 2119 Quintini,
600 2044 691 2119 quat.
712 2034 831 2123 [famil.
848 2055 907 2103 suo
925 2035 1026 2103 Petro
1042 2035 1083 2102 de
1100 2035 1238 2119 Laubel,
1256 2037 1350 2125 cler]
1370 2040 1510 2104 Atreba-

153 2148 220 2206 ten.
237 2140 336 2220 dioc,
352 2139 394 2206 de
420 2140 572 2227 parroch.
600 2141 682 2206 eccl.
698 2141 740 2208 de
763 2140 925 2224 caminis,
951 2141 1139 2208 Tomacen.
1166 2142 1263 2223 dioc„
1290 2164 1350 2229 per
1373 2144 1511 2211 clericos

153 2245 319 2311 seculares
334 2245 432 2311 solita
447 2245 631 2330 gubernari,
642 2266 715 2312 vac.
728 2266 789 2332 pro
801 2246 942 2331 eoquod
954 2267 1041 2332 mag.
1055 2246 1173 2313 Petrus
1181 2247 1224 2313 de
1236 2247 1382 2315 Sarcone
1393 2258 1413 2331 ³,
1430 2249 1510 2314 olim

154 2350 254 2436 ipsius
270 2351 352 2416 eccl.
368 2358 486 2432 rector,
503 2351 666 2437 prefatam
694 2353 775 2417 eccl.
803 2360 879 2439 post
906 2352 982 2419 coll.
997 2352 1040 2417 de
1056 2353 1128 2438 ipsa
1144 2352 1205 2417 sibi
1221 2352 1345 2418 factam
1361 2373 1421 2432 per
1435 2354 1510 2418 abb.

152 2462 186 2519 et
201 2475 302 2521 conv.
318 2454 512 2521 monasterii
528 2456 559 2521 S.
577 2455 666 2523 Petri
692 2456 890 2538 Gandensr's,
907 2455 1094 2523 Tomacen.
1111 2457 1208 2537 dioc,
1225 2457 1268 2523 ad
1295 2478 1394 2542 quem
1421 2457 1511 2523 dicte

152 2560 294 2626 ecclesie
321 2560 458 2627 collatio
484 2562 630 2647 pertinet
655 2562 756 2648 pleno
788 2564 870 2648 jure,
896 2570 1050 2628 cessante
1079 2562 1323 2648 impedimento
1350 2561 1510 2646 legitim0,

150 2664 255 2730 tn'bus
271 2664 369 2730 annis
384 2666 437 2731 vel
455 2665 542 2732 circa
557 2667 667 2733 tenuit
694 2676 728 2733 et
754 2667 912 2754 possedit,
929 2668 1015 2733 sicut
1031 2666 1141 2733 adhuc
1156 2667 1305 2753 possidet
1320 2666 1461 2754 pacifice
1477 2674 1512 2731 et

150 2771 274 2856 quiete,
291 2769 415 2838 fructus
431 2772 646 2859 percipiendo
672 2795 713 2840 ex
741 2773 870 2856 eadem,
888 2772 1037 2859 infraque
1057 2772 1167 2840 dictos
1182 2780 1249 2838 tres
1271 2792 1377 2838 annos
1392 2792 1461 2839 non
1476 2792 1511 2836 se

151 2875 228 2942 iecit
247 2877 446 2961 promoveri,
463 2883 499 2942 ut
525 2887 576 2944 est
597 2880 688 2964 juris,
706 2901 746 2946 ac
772 2900 871 2966 super
896 2879 962 2946 hoc
986 2878 1238 2966 dispensatione
1263 2877 1426 2944 canonica
1441 2899 1509 2944 non

151 2982 293 3047 obtenta
308 3004 316 3061 ;
334 2990 368 3046 et
383 3002 448 3066 que
463 2991 560 3050 tanto
574 2994 726 3072 tempore
742 2986 877 3052 vacavit
898 2984 989 3070 quod
1015 2985 1085 3069 ejus
1101 2985 1187 3064 coll,
1212 2983 1395 3049 secundum
1412 2981 1511 3048 Late-

149 3085 302 3152 ranensis
317 3093 445 3152 statuta
462 3089 604 3169 concilii,
622 3090 665 3155 ad
686 3089 800 3155 sedem
817 3098 926 3175 apost.
945 3087 1031 3175 [est]
1046 3088 1195 3173 legitime
1211 3086 1381 3168 devoluta,
1397 3085 1512 3172 digne·

150 3190 230 3256 mini
249 3190 423 3276 providere
436 3213 445 3271 ;
462 3214 530 3259 non
546 3197 632 3260 obst.
648 3213 858 3279 quacumque
873 3193 1102 3259 reservatione
1117 3201 1177 3278 per
1191 3213 1253 3259 vos
1268 3199 1327 3258 aut
1338 3192 1512 3278 predeces-

151 3313 243 3360 sores
258 3301 387 3360 vestros
403 3294 552 3362 dedicta
568 3298 650 3363 eccl.
667 3300 777 3365 forsan
794 3298 893 3364 iacta.
906 3339 950 3348 -
967 3296 1043 3363 Fiat
1060 3297 1100 3363 R.

194 3399 276 3466 Dat.
292 3399 393 3466 Avin.
413 3421 450 3486 14
467 3400 533 3468 kal.
550 3423 624 3490 aug.
648 3411 681 3470 a⁰
697 3411 731 3489 4⁰
746 3411 768 3471 ⁸.
786 3405 835 3489 (9,
857 3406 944 3488 100).

202 3563 317 3646 888.
1180 3597 1241 3661 134
1244 3596 1275 3660 5,
1295 3598 1335 3661 ²3
1346 3575 1470 3660 juillet.

194 3684 298 3770 Supp.
314 3682 505 3749 Tersoletus
519 3682 562 3748 de
578 3681 739 3766 Pictavia,
755 3684 995 3771 primogenitus
1010 3681 1100 3751 dom.
1117 3680 1279 3747 Ludovici
1294 3681 1337 3746 de
1353 3682 1512 3763 Pictavia,

153 3788 287 3853 comitis
316 3787 561 3853 Valentinensis
584 3795 618 3852 et
642 3787 783 3869 Diensis,
797 3796 888 3873 quat.
909 3787 1074 3874 [Johanni
1098 3787 1141 3852 de
1168 3786 1278 3865 Sartis,
1303 3785 1390 3864 cler„
1406 3784 1510 3870 mag.]

153 3892 185 3956 in
199 3900 274 3973 art,
286 3892 486 3957 Ambianen.
508 3891 605 3972 dioc,
623 3893 678 3977 qui
691 3915 768 3958 eum
784 3893 817 3958 in
839 3893 980 3980 pueritia
995 3912 1054 3958 sua
1071 3891 1197 3956 litteras
1213 3889 1337 3968 docuit,
1354 3897 1389 3953 et
1405 3887 1514 3953 adhuc

156 3993 342 4061 Henricum
369 4003 404 4060 et
431 3993 594 4061 Karolum
618 3994 660 4061 de
686 3996 837 4062 Pictavia
865 4005 1002 4082 patruos
1023 4015 1100 4060 suos
1115 3995 1149 4058 in
1166 3992 1343 4079 primitivis
1367 3991 1515 4058 scientiis

155 4098 345 4179 introducit,
361 4099 508 4184 regimen
525 4099 691 4165 scolarum
708 4101 770 4166 civ.
796 4099 825 4166 T
827 4120 995 4180 ornacen„
1012 4104 1209 4165 consuetum
1225 4117 1285 4182 per
1300 4095 1515 4161 scolasticum

156 4205 235 4270 eccl.
263 4203 451 4269 Tomacen.
468 4204 563 4268 annis
579 4204 714 4289 singulis
730 4203 895 4289 magistris
922 4203 956 4268 in
984 4209 1045 4268 art.
1073 4200 1239 4266 duntaxat
1265 4200 1433 4266 committi
1458 4221 1516 4264 seu

155 4306 304 4388 conferri,
330 4327 407 4373 cum
433 4307 613 4388 vacaverit,
641 4294 802 4392 quamdiu
837 4301 958 4371 vixerit
995 4305 1086 4371 idem
1113 4303 1294 4386 johannes,
1317 4324 1378 4390 per
1401 4324 1436 4367 se
1460 4304 1515 4368 vel

81 4487 86 4496 ¹
157 4411 257 4478 alium
285 4411 329 4478 ad
351 4411 417 4478 hoc
443 4411 614 4498 ydoneum
645 4411 877 4491 exercendum,
903 4431 980 4476 cum
1006 4410 1072 4475 suis
1095 4409 1230 4495 juribus,
1246 4408 1454 4496 pertinentiis
1481 4415 1515 4473 et

189 4627 217 4688 a)
230 4629 267 4676 Ia
278 4627 360 4676 meme
371 4627 512 4690 suppliqua
526 4626 625 4688 rdrlipdc
637 4629 652 4676 i.
665 4643 713 4692 peu
729 4627 787 4692 prus
806 4627 871 4676 ‹lans
882 4627 918 4674 lca
935 4625 1030 4674 memes
1041 4629 1139 4681 termca¹
1153 4640 1178 4672 sc
1190 4629 1308 4672 rotrouve
1318 4637 1352 4670 au
1365 4622 1408 4671 fol.
1422 4623 1467 4670 128
1479 4621 1515 4669 du

159 4701 239 4750 meme
251 4701 351 4751 volume
363 4716 421 4750 urus
438 4701 463 4750 lu
474 4701 535 4750 date
546 4702 581 4750 du
592 4705 609 4749 8
622 4701 657 4751 iel.
668 4718 734 4766 any„
748 4704 812 4751 mais
823 4716 856 4748 on
870 4707 959 4748 trouve
970 4715 1002 4749 cu
1015 4715 1100 4762 merge
1113 4699 1137 4747 lu
1149 4712 1282 4759 rerumque
1294 4711 1299 4742 :
1323 4712 1370 4744 rum
1387 4699 1422 4744 erl
1441 4697 1515 4760 repir-

159 4775 259 4824 truncia.

162 4911 401 4931 —-—-n—-

195 5011 215 5058 l.
228 5011 324 5073 uirum,
338 5013 414 5071 lr'oll.
426 5015 482 5062 278.
494 5041 525 5048 —-
537 5017 559 5061 2.
573 5013 647 5062 lu·
660 5015 682 5061 3.
696 5013 779 5062 Pieria
788 5013 820 5061 (le
830 5014 922 5060 Sciron
933 5027 939 5069 ;
952 5025 975 5060 v.
985 5026 1010 5060 u.
1019 5013 1067 5059 luo
1079 5027 1085 5068 ;
1099 5008 1215 5069 Berliera
1226 5010 1322 5057 Iureul.
1333 5009 1410 5068 uruat,
1424 5023 1448 5058 u.
1463 5010 1515 5058 134.
