3650 5675
260 509 312 580 ne
753 508 839 586 1343,
863 509 935 576 5-27
955 511 1122 593 septembre

312 663 415 747 511.
516 683 519 688 ’
1240 696 1335 762 1343,
1351 680 1576 765 5septembre.

302 780 403 867 Supp.
418 777 502 845 Milo
518 777 560 843 de
577 774 779 862 Frignicuria
789 786 808 857 ¹,
818 776 967 844 decanus
979 780 1060 846 eccl.
1078 779 1108 844 S.
1119 779 1303 848 Andomari
1313 782 1356 847 de
1372 783 1403 847 S.
1414 783 1619 867 Andomar0,

261 882 426 950 Morinerr.
457 883 554 962 dioc,
584 889 676 965 quat.
707 881 737 946 ci
768 882 954 948 concedere
984 883 1203 968 digneminini
1234 887 1340 951 altare
1377 888 1546 971 portatile.
1579 927 1619 938 -

263 987 442 1156 Flbttedilet
455 1089 535 1174 [ind.
552 1090 586 1154 in
602 1097 664 1155 art.
680 1091 804 1174 mort.].
820 1131 864 1140 -
880 1089 956 1156 Fiat
973 1089 1013 1156 R.

304 1195 381 1260 Dat.
398 1216 451 1280 ap.
468 1194 714 1258 Villamnovam
730 1214 809 1259 non.
825 1203 910 1281 sept.
927 1205 960 1260 a⁰
976 1203 1018 1260 2⁰.
1036 1197 1085 1279 (5,
1106 1197 1207 1281 194').

311 1341 417 1425 512.
1218 1376 1236 1419 r
1237 1375 1280 1440 33
1280 1377 1313 1440 3,
1330 1379 1370 1441 13
1388 1360 1574 1445 septembre.

302 1459 424 1545 Supp...
440 1457 459 1536 J
463 1458 612 1524 ohannes
630 1457 722 1538 Cole,
739 1459 947 1524 ambariator
963 1459 1149 1525 communis
1165 1467 1199 1524 et
1214 1462 1329 1546 populi
1347 1460 1504 1542 Perusini,
1526 1470 1617 1546 quat.

258 1562 388 1646 [Paulo,
405 1583 465 1627 sno
477 1563 580 1645 cler.,]
593 1560 635 1626 de
645 1561 959 1647 archipresbiteratu
968 1562 1050 1627 eccl.
1059 1561 1225 1628 Clusine...
1237 1562 1419 1648 dignemini
1431 1565 1617 1650 providere,

257 1688 326 1731 non
343 1669 428 1733 obst.
439 1665 529 1748 quod
545 1665 578 1729 in
595 1665 676 1730 eccl.
694 1664 725 1729 S.
738 1663 757 1741 J
761 1665 902 1730 ohannis
915 1665 1076 1731 Leodien.
1090 1687 1162 1732 can.
1176 1673 1210 1732 et
1226 1669 1339 1752 preb...
1355 1676 1390 1732 et
1399 1668 1430 1732 S.
1442 1668 1616 1753 Pellegrini

258 1770 300 1835 de
313 1769 476 1835 Fontanis
486 1777 521 1833 et
531 1768 561 1833 S.
574 1767 684 1834 Poteti
695 1768 737 1833 de
748 1766 932 1834 Castilione
944 1769 1103 1835 ecclesias
1113 1769 1261 1836 noscitur
1274 1772 1479 1837 obtinere.—
1493 1770 1617 1837 FiatR.

302 1875 380 1940 Dat.
398 1895 451 1959 ap.
468 1872 716 1938 Villamnovam
732 1872 775 1937 id.
792 1881 876 1958 sept.
893 1880 927 1937 a⁰
944 1880 986 1938 2⁰.
1004 1873 1055 1958 (5,
1081 1875 1169 1960 202).

310 2021 419 2105 513.
1218 2054 1279 2118 134
1280 2055 1313 2117 3,
1331 2053 1372 2118 r7
1387 2037 1573 2122 septembre.

301 2137 424 2224 Supp...
441 2135 639 2202 Guillelnrus
656 2133 788 2220 Rogerii
799 2145 819 2216 ²,
830 2136 937 2218 mileS,
955 2145 1046 2220 quat.
1067 2136 1245 2224 [Geraldo]
1267 2135 1415 2203 Fornerii
1432 2139 1474 2204 de
1490 2160 1563 2205 can.
1580 2146 1615 2203 et

257 2245 349 2328 preb.
366 2242 448 2307 eccl.
464 2240 661 2320 Tornacen,
678 2261 762 2324 quos
786 2240 938 2304 obtinere
954 2242 1084 2306 solebat
1100 2241 1270 2326 quondam
1286 2263 1372 2327 mag.
1388 2241 1561 2320 Johannes
1575 2241 1616 2306 de

258 2347 443 2432 Batpalmis
458 2355 511 2425 ³...,
522 2366 594 2410 vac.
605 2345 639 2408 in
653 2344 750 2410 Rom.
767 2365 846 2426 cur,
862 2345 1044 2429 dignemini
1060 2345 1322 2431 prouidere,non
1335 2349 1421 2412 obst.
1438 2346 1528 2430 quod
1544 2367 1617 2412 can.

258 2459 293 2515 et
308 2452 399 2535 preb.
417 2449 545 2514 Eduen.
563 2456 597 2513 et
613 2449 694 2513 eccl.
712 2449 743 2513 S.
759 2449 927 2530 Amancii,
944 2448 1110 2515 Tutellen.
1138 2450 1235 2531 dioc,
1252 2451 1404 2516 obtineat
1419 2459 1455 2515 et
1470 2451 1560 2535 quod
1576 2450 1619 2516 ad

258 2556 332 2620 coll.
349 2554 450 2641 episc.
468 2554 658 2619 Ruthenen.
674 2555 751 2618 ben.
769 2554 861 2634 eccl,
879 2574 918 2619 ac
935 2573 1008 2619 can.
1025 2555 1107 2618 eccl.
1125 2552 1340 2620 Lemovicen.
1357 2557 1417 2620 sub
1433 2576 1507 2640 exp.
1527 2556 1618 2640 preb.

257 2667 435 2745 expectare
450 2668 618 2724 noscatur.

300 2763 377 2828 Dat.
395 2783 446 2849 ap.
463 2761 713 2828 Villamnovam
741 2782 776 2847 15
794 2761 859 2827 kal.
877 2769 941 2828 oct.
959 2769 992 2827 a⁰
1017 2769 1058 2828 2⁰.
1071 2763 1140 2847 (13,
1159 2783 1198 2828 20
1203 2767 1258 2849 3*').

308 2903 418 2986 514.
1214 2934 1309 2998 1343,
1327 2932 1368 2997 27
1383 2866 1571 3001 septembre.

195 3009 198 3016 ¹
301 3020 402 3105 Supp.
419 3016 580 3084 Nicolaus
595 3018 704 3083 dictus
730 3018 773 3082 de
790 3016 893 3102 Orey,
911 3016 1075 3103 opidanus
1091 3017 1325 3103 Trajectensis,
1342 3017 1500 3083 Leodien.
1517 3017 1613 3095 dioc,

257 3132 348 3208 quat.
365 3123 484 3203 eidem,
500 3122 543 3187 de
559 3123 615 3187 off.
631 3122 849 3206 virgiferatus,
867 3123 1062 3187 theutonice
1077 3122 1169 3187 dicto
1195 3127 1234 3188 de
1249 3122 1376 3205 Ruyde,
1393 3121 1435 3187 ad
1451 3123 1525 3186 coll.
1541 3121 1613 3186 dec.

256 3236 292 3292 et
308 3249 379 3315 cap.
396 3229 478 3293 eccl.
495 3228 525 3291 5.
543 3227 682 3292 Servatii
699 3226 932 3311 Trajectensis,
949 3226 1039 3291 dicte
1063 3226 1160 3307 dioc,
1178 3225 1397 3291 communiter
1413 3226 1466 3288 vel
1482 3224 1615 3289 divisim

255 3331 455 3418 pertinente,
472 3330 664 3415 dignemini,
683 3330 775 3418 [vac.
791 3333 845 3395 vel
861 3330 999 3417 vacat.,]
1018 3330 1203 3417 providere.
1225 3368 1257 3379 -
1278 3329 1355 3395 Fiat
1372 3328 1411 3395 R.

300 3435 378 3500 Dat.
394 3455 447 3520 ap.
463 3433 710 3499 villamnovam
728 3453 744 3519 5
761 3434 827 3500 kal.
844 3444 911 3501 oct.
928 3444 960 3501 a⁰
977 3444 1019 3501 2⁰.
1041 3438 1089 3519 (3,
1109 3436 1197 3519 241).

306 3571 546 3655 515-526.
1200 3607 1216 3650 r
1218 3606 1261 3669 54
1261 3605 1294 3669 3,
1319 3604 1361 3667 27
1384 3587 1573 3671 septembre.

298 3688 399 3777 Supp.
415 3690 567 3777 provisor
582 3697 617 3754 et
633 3707 797 3775 pauperes
811 3690 961 3775 magistri
978 3690 1106 3775 collegii
1124 3691 1226 3755 vestri
1251 3690 1398 3755 Sorbone
1416 3688 1615 3769 Parisiensis,

255 3805 346 3881 quat.
403 3842 793 3861 ........
830 3804 846 3858 ’.
895 3844 902 3857 .
949 3844 957 3857 .
1005 3828 1021 3857 .·
1059 3840 1615 3858 ...........

257 3900 377 3986 Egidio
391 3900 434 3965 de
452 3897 554 3979 Feno,
571 3919 657 3983 mag.
669 3899 784 3979 inart,
802 3898 857 3981 qni
880 3900 998 3961 ambos
1022 3916 1136 3961 cursus
1152 3895 1184 3959 in
1200 3897 1302 3961 theol.
1319 3896 1470 3982 perlegit,
1487 3894 1528 3960 de
1545 3914 1616 3960 can.

256 4013 290 4069 et
305 4006 397 4091 preb.
413 4004 495 4069 eccl.
511 4003 709 4083 Tornacen,
725 4021 798 4066 vac.
814 4002 869 4065 vel
886 4008 1005 4081 vacat,
1021 4000 1203 4085 dignemini
1218 4000 1391 4086 providere
1407 4022 1415 4078 ;
1439 4019 1507 4064 non
1532 4001 1616 4063 obst.

256 4109 345 4193 quod
361 4129 433 4173 can.
450 4115 484 4172 et
499 4110 591 4194 preb.
613 4108 694 4172 eccl.
722 4105 753 4170 S.
776 4104 866 4169 Petri
896 4104 1076 4171 lnsulensis
1092 4116 1112 4185 ⁴,
1140 4102 1325 4169 Tornacen.
1350 4102 1446 4183 dioc,
1470 4100 1617 4166 noscitur

255 4213 417 4278 obtinere.
441 4248 473 4259 -
495 4209 572 4275 Fiat
588 4211 628 4277 R.

299 4355 377 4415 516.
403 4348 500 4428 Item,
517 4345 536 4423 J
539 4347 663 4412 ohanni
679 4348 722 4414 de
740 4348 935 4429 Daventria,
959 4348 1150 4434 Trajecten.
1177 4346 1275 4427 dioc,
1291 4365 1378 4429 mag.
1406 4345 1438 4408 in
1455 4352 1515 4409 art.
1532 4352 1567 4408 et
1583 4343 1616 4407 in

255 4452 354 4533 med,
370 4452 476 4536 etqui
489 4450 689 4535 jamdudum
704 4452 789 4518 duos
805 4474 918 4518 cursus
934 4452 967 4517 in
995 4453 1099 4517 tlreol.
1116 4450 1267 4537 perlegit,
1283 4450 1325 4514 de
1346 4452 1421 4513 ben.
1438 4449 1519 4513 eccl.
1535 4469 1560 4513 s.
1577 4468 1616 4527 c.,

256 4555 357 4620 etiam
373 4555 399 4619 si
416 4575 489 4620 can.
506 4562 541 4618 et
567 4557 658 4639 preb.
686 4554 808 4620 fuerint
836 4576 912 4621 curn
941 4558 1187 4641 supplemento
1215 4573 1287 4618 vac.
1312 4553 1367 4616 rel
1391 4561 1510 4630 vacat,
1531 4551 1617 4615 intra

255 4679 367 4723 nrnros
383 4658 445 4723 civ.
461 4656 661 4742 Trajecten,
678 4658 720 4723 ad
736 4660 962 4744 cujuscunque
990 4682 1050 4725 seu
1077 4678 1351 4743 quorumcunque
1372 4658 1447 4720 coll.
1464 4664 1528 4720 ete.
1544 4675 1618 4740 per-

254 4763 448 4843 tinentibus,
463 4764 555 4848 preb.
580 4764 662 4828 eccl.
691 4764 838 4831 cathedr.
855 4764 1018 4829 duntaxat
1044 4771 1196 4851 excepta,
1213 4760 1394 4848 dignemini
1418 4758 1616 4845 providere3

254 4904 530 4916 ———-——-—

287 4974 309 5023 l.
320 4971 382 5021 l'oir
393 4984 419 5021 n.
428 4972 467 5020 31.
478 4998 511 5008 -
522 4974 545 5021 2.
557 4968 635 5019 Frere
645 4970 681 5021 du
693 4968 769 5035 Papo.
782 5000 814 5009 -
824 4974 848 5023 3.
856 4970 918 5021 Voir
931 4984 956 5023 n.
969 4974 1024 5025 510.
1036 5000 1069 5010 —
1081 4972 1103 5023 l.
1115 4970 1198 5033 Videl,
1212 4984 1237 5025 n.
1250 4972 1305 5023 613.
