3650 5675
722 555 725 563 ·
757 506 844 585 1343,
867 509 887 575 6
909 511 1036 578 octobre.
1512 514 1586 590 1119,

218 662 402 729 Parislense
416 653 567 742 accessit,
589 662 644 728 ubi
660 668 712 727 est
727 662 769 728 de
792 662 950 747 presenti.
968 660 1102 742 Verum,
1119 682 1195 728 cum
1219 664 1308 729 idem
1323 662 1442 728 Petrus
1457 665 1574 730 timeat

214 768 341 834 dictum
354 767 547 852 capitulum,
559 774 696 852 propter
704 767 931 851 juramentum
944 765 1131 851 predictum
1144 770 1186 832 ab
1200 788 1239 832 eo
1251 769 1437 853 prestitum,
1449 769 1573 835 dictam

214 873 244 935 ei
261 872 433 937 licentiam
455 871 579 955 dejure
595 867 780 936 concedere
794 870 984 954 nequivisse
997 891 1006 949 3
1031 891 1125 956 supp.
1142 879 1243 954 quat,
1257 871 1447 954 iuramento
1462 872 1573 957 hujus-

213 975 304 1041 modi
336 984 371 1040 et
396 976 649 1061 quibuscunque
674 975 817 1055 statutis,
834 975 1129 1042 consuetudinibus
1160 975 1261 1061 ipsius
1283 976 1424 1041 ecclesie
1447 997 1572 1060 nequa·

213 1099 316 1163 quam
345 1082 441 1160 obst,
473 1079 724 1146 concessionem
747 1079 837 1145 dicte
862 1079 997 1144 licentie
1034 1087 1140 1144 ratam
1171 1087 1205 1144 et
1241 1087 1373 1163 gratam
1398 1079 1570 1158 habentes

213 1203 289 1248 eam
313 1184 374 1249 sibi
401 1183 583 1267 dignemini
600 1183 796 1249 confirmare
811 1203 851 1248 ac
866 1183 1021 1268 supplere
1043 1181 1222 1262 defectum,
1247 1183 1274 1247 si
1299 1183 1372 1267 quis
1399 1183 1509 1247 extitit
1537 1183 1569 1247 in

213 1287 391 1372 premissis.
409 1326 441 1336 -
463 1285 540 1353 Fiat
555 1287 595 1353 R.
1366 1290 1369 1298 '

259 1389 356 1472 Item,
387 1413 464 1458 cum
491 1392 709 1457 interdictos
735 1391 919 1478 capitulum
945 1397 979 1455 et
1005 1389 1150 1470 Petrum,
1177 1400 1214 1455 ut
1244 1391 1369 1456 dictam
1400 1390 1569 1455 licentiam

213 1494 302 1559 idem
318 1495 437 1560 Petrus
451 1495 581 1561 facilius
596 1496 772 1576 obtineret,
791 1504 904 1560 actum
927 1492 1026 1558 fuerit
1051 1493 1241 1580 specialiter
1255 1503 1290 1558 et
1306 1502 1510 1559 conventum
1530 1515 1570 1560 ac

211 1599 315 1663 etiam
327 1600 519 1684 juramento
545 1599 724 1679 firmatum,
746 1599 845 1684 quod,
863 1602 1012 1685 quolibet
1035 1601 1200 1666 dictorum
1227 1606 1370 1682 quatuor
1396 1618 1569 1678 annorum,

210 1703 371 1768 deberent
385 1696 428 1768 de
444 1703 603 1769 fructibus
627 1706 718 1788 preb.
742 1702 893 1788 predicte
916 1704 997 1770 dicti
1015 1704 1104 1769 Petri
1136 1707 1173 1767 16
1200 1703 1255 1767 lib.
1278 1701 1378 1767 Paris.
1402 1701 1570 1783 defalcari,

211 1815 246 1871 et
261 1827 364 1892 penes
390 1807 574 1891 capitulum
597 1827 658 1892 pro
683 1806 912 1873 distribuendo
935 1807 1023 1873 inter
1046 1815 1217 1893 presentes
1244 1807 1434 1886 canonicos,
1451 1809 1504 1871 vel
1529 1807 1570 1872 de

211 1910 260 1974 eis
285 1897 359 1996 pro
379 1931 495 1975 eorum
520 1911 616 1976 libito
640 1911 827 1977 ordinando
851 1935 860 1991 ;
891 1933 987 1998 supp.
1012 1912 1072 1978 sibi
1103 1912 1247 1996 gratiose
1274 1911 1422 1989 concedi,
1449 1919 1487 1975 ut
1513 1931 1572 1995 per

212 2013 302 2078 idem
329 2013 592 2097 quadriennium,
617 2013 709 2080 dicto
738 2015 922 2079 litterarum
954 2014 1065 2080 studio
1089 2014 1283 2094 insistend0,
1308 2014 1416 2080 dictos
1440 2034 1570 2098 grossos

212 2117 348 2200 fructae,
363 2138 431 2182 non
448 2120 534 2182 obst.
550 2119 667 2204 pactis,
684 2119 962 2184 conventionibus
978 2128 1013 2184 et
1030 2119 1223 2204 juramento
1237 2118 1405 2204 predictis
1422 2141 1497 2185 cum
1515 2120 1570 2184 illa

213 2221 413 2305 integritate,
430 2223 502 2287 sine
517 2243 716 2306 quacunque
736 2222 960 2289 defalcatione
972 2223 1122 2309 recipiat,
1139 2222 1317 2288 cotidianis
1332 2222 1570 2290 distributioni-

212 2328 273 2390 bus
288 2326 453 2391 duntaxat
468 2328 626 2412 exceptis,
644 2348 721 2392 cum
736 2348 801 2411 qua
818 2328 891 2394 illos
910 2329 1098 2414 perciperet
1114 2327 1140 2394 si
1158 2328 1190 2392 in
1214 2327 1333 2393 eadem
1355 2328 1435 2393 eccl.
1459 2333 1571 2414 perso-

210 2429 332 2493 naliter
347 2430 515 2495 resideret.
531 2471 575 2478 —
591 2423 665 2496 Fia't
682 2431 721 2495 R.
1010 2433 1012 2438 '
1370 2433 1376 2441 “
1442 2437 1444 2442 ’

254 2532 335 2598 Dat.
350 2553 404 2618 ap.
421 2532 669 2599 Villamnovam
687 2556 703 2600 2
720 2556 800 2600 non.
816 2543 882 2600 oct.
899 2543 933 2598 a⁰
951 2541 992 2599 2⁰.
1006 2535 1052 2616 (3,
1072 2537 1175 2619 247l').

223 2663 228 2670 ’
262 2685 502 2769 eas-529.
1235 2699 1522 2784 aasabim

255 2802 355 2891 Supp.
382 2803 566 2884 lohannes,
598 2824 656 2869 rex
686 2803 835 2886 Boemie,
866 2812 901 2870 et
930 2803 1116 2889 Adolphus,
1143 2803 1245 2890 episc.
1285 2801 1455 2886 Leodien,
1480 2810 1570 2890 quat.

215 2907 375 2995 [Johanni
402 2910 445 2977 de
473 2908 602 2991 Marka‚
627 2909 707 2974 dicti
734 2909 819 3002 regis
846 2910 1094 2995 consanguineo
1120 2930 1161 2975 ac
1184 2909 1286 2995 ipsius
1308 2900 1458 2995 episcopi
1480 2907 1569 2974 fratri

210 3031 370 3094 germano
384 3013 423 3100 ¹],
450 3014 492 3081 de
517 3034 589 3079 can.
614 3014 696 3078 eccl.
722 3012 911 3097 Trajecten.
937 3014 1119 3098 dignemini
1144 3013 1319 3099 providere
1346 3037 1354 3093 ;
1381 3016 1473 3098 preb.
1489 3034 1570 3078 vero

211 3116 312 3200 ipsius
328 3120 421 3199 eccl,
431 3138 472 3183 ac
482 3118 762 3203 supplementum,
779 3136 911 3182 necnon
924 3118 1012 3201 dign.
1029 3119 1082 3182 vel
1095 3138 1191 3204 pers,
1208 3139 1266 3183 sen
1278 3117 1334 3183 off.
1348 3139 1375 3183 c.
1388 3138 1416 3183 c.
1427 3118 1481 3181 vel
1493 3138 1518 3182 s.
1529 3139 1569 3198 c.,

210 3229 408 3287 consuetam
419 3222 474 3287 vel
487 3230 684 3287 consuetum
703 3220 872 3286 canonicis
884 3222 1031 3306 ejusdem
1044 3224 1125 3287 eccl.
1138 3222 1307 3305 assignari,
1326 3221 1359 3285 in
1378 3222 1469 3285 dicta
1487 3222 1568 3287 eccl.

209 3322 397 3410 Trajecten.
416 3326 507 3413 [vac.
523 3327 577 3390 vel
589 3323 726 3411 racat.],
740 3323 976 3389 conferendam
987 3345 1044 3390 seu
1055 3316 1292 3391 conferendum
1304 3325 1395 3391 dicto
1410 3324 1429 3402 J
1433 3325 1567 3404 olranni,

209 3428 389 3513 dignemini
405 3450 597 3509 reservare3
614 3449 681 3494 non
709 3431 794 3494 obst.
822 3429 955 3493 statutis
970 3430 1024 3492 vel
1050 3429 1345 3495 consuetudinibus
1367 3429 1457 3495 dicte
1474 3430 1566 3509 eccl,

208 3540 243 3595 et
258 3534 431 3617 presertim
448 3534 512 3600 illis
528 3534 646 3618 quibus
662 3533 771 3598 caveri
788 3532 908 3597 dicitur
925 3518 1015 3612 inibi,
1044 3533 1133 3617 quod
1148 3533 1337 3618 hujusmodi
1354 3534 1565 3619 supplemen-

207 3643 290 3715 tum,
306 3658 437 3703 necnon
452 3638 541 3721 dign.
557 3638 612 3701 vel
628 3656 712 3722 pers.
729 3657 787 3701 seu
804 3634 859 3701 off.
877 3636 1048 3701 canonicis
1074 3636 1163 3702 dicte
1180 3638 1262 3703 eccl.
1279 3635 1467 3721 Trajecten.
1483 3636 1565 3702 dun-

207 3745 300 3806 taxat
314 3741 530 3826 prebendatis
546 3740 782 3808 consueverint
804 3740 962 3824 assignari
976 3762 984 3819 ;
1002 3761 1059 3805 seu
1075 3740 1165 3825 quod
1192 3740 1279 3805 idem
1303 3738 1322 3816 J
1326 3740 1476 3804 ohannes
1493 3760 1564 3805 can.

208 3851 242 3908 et
257 3847 347 3930 preb.
364 3865 403 3910 ac
419 3846 624 3911 scolastriam
641 3845 722 3910 eccl.
740 3844 771 3909 S.
787 3842 806 3920 J
810 3844 951 3909 ohannis
967 3843 1137 3925 Leodien,
1154 3866 1219 3928 que
1235 3843 1407 3909 scolastria
1425 3844 1458 3907 in
1474 3843 1565 3908 dicta

207 3950 288 4014 eccl.
305 3948 336 4013 S.
363 3947 528 4025 Johannis
554 3942 695 4034 simplex
720 3948 777 4014 off.
803 3955 987 4034 reputatur,
1015 3949 1164 4014 noscitur
1189 3948 1349 4013 obtinere.
1371 3984 1403 3995 —
1430 3944 1507 4012 Fiat
1524 3946 1565 4013 R.

209 4052 309 4117 etiam
324 4052 367 4119 de
381 4053 481 4139 dign,
498 4063 563 4120 etc.
578 4062 592 4089 ⁸
613 4052 653 4119 R.

251 4211 333 4273 529.
359 4204 446 4271 Item
463 4227 558 4294 supp.
575 4214 666 4291 quat.
685 4205 845 4286 Henrico,
862 4205 953 4272 dicto
971 4204 1208 4288 Goldenagel²,
1224 4207 1267 4272 de
1283 4225 1356 4271 can.
1373 4204 1563 4270 monasterii

208 4308 241 4375 in
257 4309 426 4397 Capitolio
442 4308 628 4393 Colonien,
656 4309 697 4376 Ο.
713 4311 746 4376 S.
762 4308 811 4391 B,
839 4310 872 4375 in
893 4330 970 4397 quo,
988 4320 1099 4397 preter
1125 4309 1319 4374 monialium
1346 4317 1565 4391 conventum,

238 4508 266 4568 a)
280 4507 320 4556 En
332 4522 419 4569 merge
434 4524 440 4557 :
456 4507 571 4557 (bri-ecta
581 4523 630 4573 per
646 4508 772 4557 dorrtinum
787 4513 896 4557 rrrrslrum
910 4510 935 4556 iri
949 4506 1141 4571 supplicatione.

241 4728 263 4774 l.
280 4726 364 4783 Brom,
382 4741 406 4775 n.
427 4728 508 4784 1100;
534 4727 602 4777 Jlon.
629 4728 681 4776 Vol.
700 4728 772 4786 Bolr,
792 4729 813 4784 Ι,
826 4743 851 4776 u.
864 4731 968 4777 asir-251
984 4745 990 4785 ;
1010 4728 1042 4776 cl.
1055 4728 1087 4775 cle
1099 4728 1216 4775 Cbestret
1236 4726 1268 4773 de
1286 4724 1403 4784 Haneffe,
1416 4725 1485 4776 Isioi.
1497 4728 1528 4775 do
1540 4728 1565 4775 ln

209 4801 303 4847 mima
314 4799 346 4847 de
356 4800 382 4847 lu
395 4798 494 4858 araret,
507 4814 532 4862 p.
544 4801 710 4850 als-Jecur
721 4802 754 4849 de
765 4802 791 4849 ln
802 4802 891 4850 Merck
903 4802 969 4850 eterit
978 4816 1013 4849 un
1025 4802 1118 4849 butarii
1129 4800 1166 4847 du
1174 4806 1257 4847 comte
1270 4798 1567 4862 Everard;i16taitdejb

208 4872 335 4921 cbeuoine
351 4873 386 4920 de
402 4873 553 4921 Saintdeau
574 4871 686 4934 bbiege
708 4874 732 4922 le
754 4877 768 4921 7
785 4874 890 4923 octobre
909 4877 972 4922 1329
995 4872 1157 4936 (stenetland,
1181 4871 1275 4919 Rbeio.
1298 4868 1366 4929 Uolo,
1390 4882 1416 4917 u.
1429 4873 1514 4933 libb).
1536 4896 1569 4909 -ά

210 4946 234 4993 2,
250 4944 400 5002 &wlnod
412 4943 505 4995 libere.
522 4942 591 5002 vro,
601 4960 630 4995 n.
639 4947 704 4993 2359
716 4961 723 5002 3
734 4945 804 4995 horr.
821 4945 876 4995 l'ol.
888 4946 961 5005 Boo,
975 4946 995 4999 1.
1008 4960 1034 4995 rr.
1046 4948 1103 4996 250.
