3650 5675
276 525 315 592 to
805 519 892 593 1343,
911 517 1013 596 acas
1031 516 1108 598 jun.

326 672 441 760 397-
617 738 622 746 .
1347 699 1438 764 1343,
1455 679 1497 744 26
1506 678 1594 761 juin.

319 792 421 856 Pater
435 790 500 854 8⁰¹².
517 787 604 852 Cum
619 784 659 852 V.
675 785 707 852 S.
723 805 829 871 nuper
844 803 920 870 cap.
935 791 1048 849 vestro
1064 781 1210 850 Guidoni
1237 784 1406 870 episcope,
1422 791 1505 850 tunc
1528 785 1638 851 electo

276 893 510 962 Cameracensi
527 902 546 972 ¹,
562 890 764 957 concesserit
779 888 871 974 quod
885 888 957 974 ipse
974 908 994 952 a
1010 889 1162 973 personis
1175 887 1420 970 ecclesiasticis,
1437 888 1639 954 secularibus

276 1010 311 1067 et
325 997 538 1084 regularibus,
554 994 721 1082 exemptis
736 1001 771 1058 et
794 1013 863 1058 non
890 991 1067 1078 exemptis,
1091 992 1254 1058 beneficia
1269 991 1499 1058 ecclesiastica
1522 993 1557 1057 in
1575 993 1638 1059 ciV.

277 1126 317 1171 ac
332 1104 418 1170 dioc.
435 1100 650 1166 Cameracen.
663 1097 892 1164 obtinentibus
906 1102 1031 1181 posset,
1044 1097 1140 1180 juxta
1155 1096 1303 1182 ipsorum
1317 1092 1556 1176 beneficiorum
1572 1092 1639 1157 exi-

275 1209 423 1294 gentiam
438 1205 649 1283 facultatum,
664 1211 781 1287 petere
795 1208 831 1266 et
845 1200 993 1287 recipere
1008 1207 1096 1264 auct.
1112 1207 1223 1264 vestra
1234 1198 1446 1265 caritativum
1459 1197 1640 1267 subsidium

276 1308 496 1388 moderatum,
520 1306 677 1391 idemque
703 1306 880 1393 episcopus
906 1304 1057 1391 personis
1081 1303 1240 1390 predictis
1265 1302 1430 1368 beneficia
1454 1310 1569 1369 taxata
1594 1301 1639 1368 ad

163 1409 167 1415 ’
276 1412 445 1478 decimam
479 1411 708 1477 obtinentibus
732 1430 835 1475 unam
860 1408 1039 1490 decimam,
1067 1408 1296 1474 obtinentibus
1322 1427 1403 1473 vero
1429 1427 1496 1472 non
1521 1414 1639 1472 taxata

278 1523 406 1582 certam
421 1535 598 1595 summam,
611 1514 708 1601 juxta
724 1513 927 1599 exigentiam
939 1512 1139 1578 facultatum
1151 1511 1390 1578 beneficiorum
1406 1511 1563 1597 ipsorum,
1578 1531 1640 1596 pro

277 1618 465 1704 hujusmodi
482 1618 661 1685 caritativo
676 1617 823 1683 subsidio
838 1616 970 1682 duxerit
987 1615 1219 1702 imponendas,
1237 1615 1451 1701 quamplures
1465 1621 1581 1680 tamen
1598 1637 1639 1680 ex

277 1722 427 1808 personis
435 1722 593 1808 predictis
608 1731 794 1788 asserentes
808 1721 978 1788 decimam
990 1729 1025 1786 et
1041 1741 1205 1786 summam
1217 1720 1384 1806 predictas
1396 1719 1522 1785 eisdem
1534 1719 1641 1805 impo-

277 1829 358 1894 sitas
382 1827 544 1895 excedere
570 1848 735 1893 summam
759 1848 819 1913 per
842 1825 1119 1892 constitutionem
1145 1826 1235 1891 dom.
1262 1823 1437 1891 Benedicti
1458 1844 1545 1910 pape
1570 1821 1640 1889 Xll

278 1940 428 1998 taxatam
443 1932 477 1996 in
504 1930 650 1997 subsidio
676 1930 853 2016 exigendo,
869 1930 1022 1996 nonnulli
1046 1925 1127 1995 vero
1153 1929 1306 2014 religiosi,
1320 1937 1391 1995 tam
1413 1927 1641 1994 Cisterciensis

278 2056 380 2120 quam
393 2036 535 2101 aliorum
550 2035 714 2116 ordinum,
731 2035 795 2101 civ.
811 2043 846 2099 et
863 2034 951 2101 dioc.
968 2033 1204 2120 predictarum,
1220 2032 1461 2119 pretendentes
1472 2054 1507 2099 se
1519 2033 1640 2100 habere

278 2139 487 2226 privilegium
498 2148 606 2225 apost.
621 2137 712 2224 quod
727 2137 770 2204 ad
785 2137 984 2204 solvendum
1004 2137 1141 2222 aliquod
1153 2137 1333 2203 subsidium
1349 2137 1489 2202 minime
1503 2144 1641 2202 tenean-

278 2251 342 2325 tur,
368 2262 428 2329 per
452 2243 581 2308 litteras
606 2250 714 2329 apost.
731 2263 800 2308 non
817 2242 978 2307 iacientes
1004 2242 1046 2306 de
1073 2262 1188 2308 eorum
1212 2240 1382 2308 ordinibus
1404 2262 1444 2307 ac
1469 2240 1641 2327 privilegio

278 2346 467 2432 hujusmodi
482 2346 617 2433 plenam
632 2367 673 2412 ac
687 2346 731 2411 de
756 2349 859 2412 verbo
887 2345 1084 2413 adverbum
1100 2345 1213 2411 etiam¹
1230 2345 1448 2427 mentionem,
1465 2353 1499 2410 et
1515 2345 1592 2430 quia
1607 2344 1641 2408 in

278 2453 385 2537 gratia
399 2451 510 2517 eidem
533 2452 693 2537 episcopo
707 2451 751 2516 de
766 2450 912 2517 subsidio
928 2449 1081 2536 predicto
1097 2470 1257 2516 concessa
1272 2450 1315 2516 de
1331 2449 1501 2516 ordinibus
1515 2469 1556 2516 ac
1578 2449 1641 2536 pri·

278 2556 400 2641 vilegio
414 2554 604 2642 hujusmodi
620 2575 777 2641 expressa
790 2555 921 2620 mentio
936 2575 1005 2620 non
1015 2554 1376 2640 habeaturpredictum
1386 2553 1434 2620 eis
1448 2554 1641 2641 impositum

278 2659 460 2726 subsidium
475 2660 585 2726 eidem
606 2658 766 2746 episcopo
781 2659 910 2725 solvere
936 2659 1183 2725 contradicunt.
1200 2658 1360 2742 Quinimo
1376 2667 1411 2723 et
1427 2659 1523 2724 multi
1539 2680 1579 2723 ex
1595 2659 1642 2723 eis

279 2765 457 2831 occasione
465 2765 626 2852 premissa
633 2763 797 2830 adsedem
807 2763 1539 2851 apost.appellaruntQuaresuppepiscopus
1548 2769 1640 2827 ante·

278 2870 397 2952 dietus,
410 2878 501 2953 quat.
514 2870 765 2955 impositionem
780 2868 911 2934 decime
924 2875 959 2933 et
971 2889 1100 2933 summe
1112 2868 1336 2954 predictarum
1349 2877 1456 2934 ratam
1465 2876 1500 2934 et
1510 2875 1639 2952 gratam

278 2975 442 3039 habentes
451 2972 583 3057 prelato
592 2973 752 3058 episcopo
762 2970 949 3036 concedere
959 2971 1140 3056 dignemini
1152 2972 1243 3056 quod
1252 2972 1323 3060 ipse
1332 2972 1498 3037 decimam
1509 2979 1544 3038 et
1553 2991 1639 3037 sum·

279 3097 371 3141 mam
385 3073 563 3161 predictas,
580 3082 680 3160 prout
695 3095 753 3139 eas
767 3074 938 3160 imposuit,
954 3075 1086 3159 exigere
1113 3077 1224 3141 valeat
1239 3084 1274 3141 et
1290 3076 1403 3141 levare
1418 3096 1458 3141 ac
1473 3076 1647 3141 declarare-

279 3179 475 3246 intentionis
486 3187 596 3245 vestre
611 3200 632 3243 a
646 3177 810 3265 principio
836 3177 996 3259 extitisse,
1024 3179 1115 3262 quod
1135 3179 1207 3265 ipse
1230 3180 1395 3246 decimam
1415 3200 1455 3245 ac
1472 3199 1637 3245 summam

279 3292 392 3370 posset
407 3291 534 3369 ,petere
560 3292 595 3348 et
621 3282 753 3367 exigere
768 3281 987 3368 supradictas,
1004 3291 1038 3348 et
1063 3283 1248 3349 concedere
1273 3283 1363 3369 quod
1390 3292 1584 3351 executores
1604 3282 1639 3349 in

279 3388 385 3473 gratia
411 3387 454 3451 de
477 3386 570 3453 dicto
596 3386 742 3451 subsidio
768 3385 878 3451 eidem
906 3406 1065 3452 concessa
1091 3408 1150 3474 per
1176 3388 1290 3454 sedem
1312 3397 1421 3474 apost.
1436 3388 1590 3475 deputati
1605 3396 1641 3453 et

279 3511 395 3557 eorum
411 3491 550 3574 quilibet
565 3491 599 3555 in
623 3490 766 3555 solidum
792 3490 922 3575 possint
946 3511 1006 3577 per
1030 3512 1205 3557 censuram
1230 3492 1492 3558 ecclesiasticam
1518 3499 1553 3556 et
1577 3492 1639 3557 alia

276 3595 358 3681 juris
382 3594 531 3661 remedia
555 3594 765 3680 supradictos
789 3596 992 3681 compellere
1008 3596 1051 3662 ad
1075 3597 1219 3683 prelatas
1235 3618 1400 3663 suminam
1424 3606 1459 3662 et
1475 3596 1639 3663 decimam

279 3698 547 3785 persolvendum,
557 3717 626 3764 non
637 3698 847 3764 obstantibus
863 3701 1018 3765 omnibus
1033 3690 1231 3786 supradictis
1246 3710 1280 3766 et
1296 3721 1374 3766 cum
1390 3700 1462 3767 aliis
1474 3720 1540 3767 non
1554 3702 1638 3765 obst.

279 3811 315 3867 et
331 3802 487 3868 clausulis
502 3802 688 3888 oportunis.
703 3842 746 3852 —
763 3801 841 3868 Fiat
856 3803 904 3868 sic
920 3804 1010 3887 quod
1025 3804 1129 3891 possit
1139 3805 1281 3889 exigere,
1292 3826 1358 3871 uon
1376 3807 1461 3871 obst.
1477 3802 1638 3869 constitu-

280 3907 373 3972 tione
388 3906 563 3990 Benedicti
575 3906 644 3972 XII
661 3916 697 3972 et
720 3907 959 3993 appellatione,
983 3908 1179 3975 dumtamen
1206 3930 1372 3974 summam
1386 3908 1494 3999 unius
1509 3907 1638 3974 decime

280 4032 348 4077 non
365 4011 519 4077 excedat.
537 4012 577 4077 R.

324 4115 403 4182 Dat.
419 4116 518 4181 Avin.
537 4120 554 4179 6
570 4114 636 4181 kal.
649 4117 722 4203 julii
738 4125 772 4182 a⁰
789 4124 830 4181 2⁰.
848 4119 897 4202 (5,
916 4119 996 4205 60').

330 4292 1439 4395 398.1343,
1457 4312 1500 4376 28
1508 4309 1594 4393 juin.

322 4410 423 4496 Supp.
440 4411 783 4499 SauseitusdeAysne
794 4425 815 4497 ²,
831 4416 1081 4482 ambassiator...
1095 4415 1227 4482 comitis
1244 4414 1414 4496 Hauonie,
1425 4414 1639 4501 quat.[Petro

277 4512 369 4579 dicto
385 4512 564 4597 Lebesant,
580 4515 674 4603 elec]
693 4516 908 4586 Cameracen.
925 4520 1022 4602 dioc,
1038 4519 1081 4585 de
1107 4523 1183 4586 ben.
1204 4520 1286 4585 eccl.
1311 4518 1354 4585 ad
1378 4520 1454 4585 coll.
1471 4518 1638 4584 abbatisse

312 4823 333 4871 1.
345 4821 455 4871 Nomine
465 4824 490 4872 le
500 4828 531 4873 25
544 4830 607 4888 sept.
621 4827 684 4874 1342
695 4826 800 4888 (Eubel
814 4827 834 4887 I,
849 4829 894 4875 166
907 4844 913 4887 ;
925 4828 970 4877 cb*
981 4828 1086 4888 Rieulcr,
1108 4844 1125 4876 n
1145 4829 1231 4889 2135.)
1252 4856 1284 4862 -
1304 4831 1326 4876 2.
1348 4828 1397 4875 Sur
1420 4824 1589 4876 l'ambassade
1606 4823 1639 4871 de

277 4895 375 4944 corani
397 4898 499 4946 Senmet
516 4898 612 4948 d'Esne
627 4903 655 4948 et
673 4900 706 4948 de
726 4900 823 4948 Geranl
835 4901 868 4951 dc
888 4902 1073 4963 Gommegnies,
1087 4905 1141 4950 voir
1154 4904 1257 4966 Deprez,
1270 4916 1296 4951 u.
1308 4904 1375 4963 2763
1394 4900 1524 4961 Devillerq
1540 4896 1639 4949 currui.

277 4967 320 5017 dea
335 4970 427 5021 (buttes
438 4970 469 5019 de
481 4972 610 5035 Habeant,
622 4977 642 5023 t.
655 4973 698 5033 Vl,
711 4975 789 5023 index
802 4990 808 5033 ;
821 4974 904 5037 Brom,
917 4990 943 5027 n.
956 4978 1026 5027 1087.
