3650 5675
297 496 337 562 92
844 491 933 565 1343,
955 491 991 556 16
1010 490 1131 572 juillet

298 645 696 732 Gerisheym,C010nien.
712 644 809 726 dioc,
823 645 876 726 lis,
892 643 1024 729 questio
1039 641 1078 709 et'
1090 639 1189 711 causa
1205 636 1304 732 super
1320 647 1391 732 ipsa
1407 651 1487 714 ecci.
1505 657 1539 714 et
1556 648 1659 734 ipsius

299 747 488 830 occasione,
514 751 601 814 inter
627 748 841 815 Fredericum
868 748 910 814 de
936 748 1134 833 Urdingem,
1161 748 1346 815 Henricum
1376 751 1418 817 de
1445 751 1464 830 J
1468 743 1586 832 uliaco,
1603 762 1612 788 ¹
1628 760 1663 817 et

299 856 318 935 J
322 856 491 922 ohannem
514 853 674 919 Ademari
699 852 743 917 de
768 853 957 932 Dusborch,
973 852 1086 917 extitit
1109 853 1198 938 apud
1218 853 1333 918 sedem
1353 845 1461 940 apost.
1478 857 1661 936 suscitata;

300 982 364 1047 qua
405 960 464 1024 lite
494 958 675 1044 pendente,
707 965 742 1021 et
772 964 852 1021 ante
883 977 1021 1020 omnem
1051 957 1256 1023 sententiam
1293 946 1516 1039 diffinitivam,
1554 960 1664 1026 dictus

301 1063 469 1129 Henricus
481 1070 576 1127 extra
587 1060 687 1126 Rom.
698 1081 765 1126 cur.
777 1057 931 1141 decessit,
943 1068 977 1124 et
988 1055 1110 1124 deinde
1122 1062 1292 1127 abbatissa
1304 1061 1460 1127 secularis
1475 1051 1615 1127 ecclesie
1628 1063 1662 1127 in

299 1167 509 1251 Gerisheym,
533 1173 679 1251 patrona
701 1165 791 1230 dicte
815 1166 908 1244 eccl,
925 1185 987 1250 pro
1010 1185 1070 1230 suo
1091 1166 1259 1247 interesse,
1282 1165 1325 1231 ad
1350 1165 1475 1231 dictam
1491 1167 1584 1231 litem
1601 1166 1664 1231 fuit

299 1271 465 1348 admissa;
491 1276 634 1354 postque
661 1268 831 1333 sententia
854 1267 1035 1333 diffinitiva
1069 1289 1130 1354 pro
1169 1268 1261 1335 dicto
1287 1268 1448 1351 HenricO,
1479 1278 1512 1335 et
1544 1278 1663 1336 contra

299 1374 318 1453 J
322 1375 491 1440 ohannem
520 1372 686 1457 prefatum
718 1371 846 1438 dictam
877 1374 959 1438 eccl.
984 1372 1223 1458 possidentem,
1250 1393 1311 1459 per
1336 1365 1376 1438 R.
1403 1373 1440 1438 P.
1465 1374 1555 1440 dom.
1573 1374 1664 1439 Ade-

299 1498 428 1543 marum
453 1476 602 1557 Roberti,
624 1485 706 1541 tunc
726 1476 919 1541 auditorem
944 1477 1028 1542 sacri
1056 1478 1171 1562 palatii
1197 1477 1382 1562 apostolici,
1399 1499 1489 1543 nunc
1499 1479 1531 1543 S.
1551 1477 1591 1544 R.
1613 1478 1664 1559 E,

299 1583 352 1647 tit.
380 1581 411 1646 S.
435 1581 622 1660 Anastasie,
647 1583 739 1667 preb.
765 1579 853 1645 card.
869 1591 889 1660 ²,
906 1581 1019 1645 extitit
1044 1582 1283 1666 promulgata;
1309 1603 1329 1646 a
1353 1603 1418 1666 qua
1438 1583 1607 1647 sententia
1630 1590 1664 1647 et

300 1686 405 1751 etiam
421 1693 501 1750 ante
517 1685 625 1770 ipsam
640 1705 702 1770 pro
717 1693 813 1770 parte
829 1684 909 1749 dieti
927 1683 1092 1762 Johannis
1122 1685 1253 1772 [super]
1280 1685 1480 1770 quibusdam
1502 1687 1665 1773 pretensis

300 1790 550 1875 gravaminibus
565 1788 609 1854 ad
624 1788 738 1854 sedem
754 1788 816 1853 fuit
832 1790 1040 1874 appellatum
1056 1788 1197 1854 eandem
1212 1813 1220 1868 ;
1238 1811 1339 1874 quam
1356 1790 1561 1854 sententiam
1574 1789 1664 1856 dom.

301 1892 490 1959 Bernardus
516 1893 558 1957 de
587 1891 852 1978 Novodompno,
884 1891 1017 1958 auditor
1041 1893 1142 1958 vestri
1175 1894 1259 1958 sacri
1283 1893 1411 1978 palatii,
1437 1902 1571 1959 mortuo
1593 1895 1665 1978 jam

301 1998 393 2064 dicto
417 1995 597 2062 Frederico
624 1997 728 2062 etiam
744 2004 839 2061 extra
863 1996 999 2076 curiam,
1016 1997 1108 2082 cujus
1134 2005 1279 2062 mortem
1306 2006 1376 2062 tarn
1403 1996 1512 2062 dictus
1533 1997 1664 2062 auditor

302 2123 404 2187 quam
413 2109 608 2186 procurator
624 2099 795 2186 quondam
813 2098 979 2165 Frederici
991 2099 1141 2185 predicti,
1155 2108 1200 2182 et,
1211 2108 1249 2166 ut
1258 2101 1664 2187 presumitur,procurator

303 2205 405 2290 ipsius
414 2203 434 2282 J
437 2204 588 2285 ohannis,
601 2212 683 2269 tunc
697 2204 832 2289 penitus
848 2204 1057 2288 ignorabant,
1075 2203 1287 2269 continuavit
1300 2227 1308 2284 ;
1325 2225 1345 2270 a
1360 2226 1426 2289 qua
1436 2205 1615 2286 sententia,
1630 2212 1666 2269 et

303 2309 407 2374 etiam
431 2318 510 2374 ante
535 2309 654 2394 ipsam,
674 2329 736 2394 pro
760 2316 855 2393 parte
876 2307 957 2373 dicti
977 2306 1143 2385 Johannis
1159 2308 1278 2373 iterum
1295 2307 1357 2373 fuit
1372 2308 1415 2373 ad
1430 2308 1545 2374 sedem
1559 2317 1665 2394 apost.

303 2415 519 2500 appellatum,
537 2421 571 2478 et
595 2434 694 2479 causa
713 2412 803 2478 dom.
820 2411 922 2476 Petro
940 2409 1048 2494 Fabri,
1065 2412 1208 2477 auditori
1225 2412 1305 2478 dicti
1322 2413 1423 2478 vestri
1439 2414 1524 2478 sacri
1540 2413 1666 2500 palatii,

304 2517 491 2596 commissa,
517 2538 629 2583 coram
657 2539 724 2602 quo
756 2516 799 2582 ad
823 2518 1004 2582 nonnullos
1029 2525 1125 2581 actus
1150 2525 1201 2581 est
1225 2537 1428 2602 processum.
1449 2517 1535 2583 Cum
1560 2517 1667 2602 igitur,

304 2621 406 2687 Pater
429 2621 494 2701 8⁰¹⁶,
526 2622 635 2688 dictus
666 2621 841 2700 Johannes
863 2622 934 2706 jam
959 2621 1041 2686 duas
1065 2621 1249 2686 sententias
1276 2619 1473 2687 diffinitivas
1503 2621 1668 2708 predictas

304 2734 421 2793 contra
431 2727 705 2812 sereportaverit,
719 2735 754 2791 et
765 2726 893 2792 dictam
909 2725 991 2791 eccl.
1008 2725 1080 2789 sine
1095 2745 1168 2790 can.
1180 2724 1280 2789 titulo
1291 2723 1443 2791 detineat
1456 2732 1666 2811 occupatam,

304 2851 399 2916 supp.
416 2829 527 2895 eidem
543 2829 573 2895 S.
591 2830 769 2917 episcopus
780 2831 938 2917 prefatus
955 2839 1045 2916 quat.
1059 2830 1130 2912 sibi,
1146 2851 1190 2915 gr.
1215 2850 1304 2916 spec.
1321 2829 1492 2913 facientes
1508 2830 1541 2895 in
1557 2850 1667 2917 perso-

305 2954 386 2998 nam
402 2934 567 3019 capellani
585 2942 619 2999 et
635 2935 803 3000 servitoris
818 2936 868 3000 sui
885 2932 920 2999 N
922 2934 1019 3001 icolai
1031 2934 1073 2999 de
1085 2933 1208 2999 Nussia
1221 2936 1328 3022 presb.
1340 2944 1360 3016 ³,
1373 2934 1518 3000 eundem
1531 2928 1668 3001 Nicola-

307 3057 365 3104 um
384 3036 419 3100 in
443 3045 478 3101 et
505 3036 549 3101 ad
574 3058 674 3102 omne
697 3038 752 3122 jus
778 3038 868 3122 quod
890 3038 984 3104 dicto
1001 3036 1178 3103 Frederico
1194 3038 1227 3102 in
1244 3037 1334 3103 etad
1349 3038 1475 3104 dictam
1491 3038 1669 3103 ecclesiam

309 3142 536 3225 competebat,
560 3148 596 3205 et
611 3140 711 3207 hodie
736 3149 945 3227 competeret
960 3142 986 3207 si
1003 3142 1140 3222 viveret,
1157 3150 1192 3206 et
1212 3142 1246 3205 in
1261 3142 1320 3205 lite
1335 3152 1369 3208 et
1384 3162 1485 3207 causa
1500 3140 1669 3229 predictis

310 3264 351 3309 ac
369 3252 459 3309 statu
475 3265 585 3324 cause,
601 3245 687 3310 sicut
702 3253 753 3310 est
778 3243 821 3309 de
840 3246 998 3331 presenti,
1018 3244 1200 3331 dignemini
1217 3244 1414 3310 substituere
1430 3249 1465 3307 et
1480 3244 1669 3325 subrogare,

309 3367 387 3412 cum
417 3336 509 3413 omni
540 3369 641 3414 onere
672 3356 708 3413 et
736 3349 874 3429 honore,
902 3369 1114 3434 quacumque
1142 3348 1382 3415 constitutione
1408 3344 1573 3412 contraria
1602 3364 1669 3410 non

309 3454 476 3533 obstante,
493 3460 527 3517 et
543 3473 611 3517 non
627 3455 785 3518 obstante
797 3452 887 3538 quod
899 3452 989 3518 idem
1003 3452 1164 3519 Nicotaus
1185 3451 1436 3530 thesaurariam,
1449 3470 1514 3535 que
1531 3450 1670 3537 simplex

308 3554 364 3621 off.
377 3556 499 3636 existit,
516 3577 557 3621 ac
573 3577 647 3621 can.
660 3564 695 3621 et
706 3560 878 3642 prebcum
890 3556 1017 3622 ferculo
1028 3556 1241 3636 Xanctensis,
1255 3555 1431 3621 Colonien.
1441 3554 1539 3633 dioc,
1553 3560 1587 3618 et
1598 3572 1669 3619 can.

308 3667 343 3724 et
357 3661 449 3747 preb.
466 3659 497 3724 S.
525 3659 661 3745 Georgii
690 3658 876 3742 Colonien.,
893 3660 1120 3741 ecclesiarum,
1136 3660 1285 3726 noscitur
1300 3659 1460 3725 obtinere.
1477 3698 1520 3707 -
1536 3656 1613 3722 Fiat
1629 3655 1669 3720 R.

352 3763 430 3829 Dat.
447 3784 501 3849 ap.
519 3762 769 3852 Villamnoyam
786 3786 803 3828 2
821 3764 864 3830 id.
876 3764 950 3849 julii
967 3771 1001 3828 a⁰
1018 3772 1057 3829 2⁰.
1072 3764 1121 3847 (5,
1140 3766 1207 3848 93).
1251 3756 1255 3765 ’

359 3902 600 3984 415·418.
1342 3933 1361 3977 r
1363 3932 1404 3996 34
1404 3932 1437 3995 3,
1455 3912 1495 3976 (ό
1505 3909 1629 3992 juillet.

354 4019 456 4105 Supp.
469 4018 660 4099 Balduinus,
676 4002 870 4103 archiepisc.
883 4017 1085 4097 Treveren.⁴,
1096 4025 1188 4101 quat.
1200 4015 1347 4094 Johanni
1358 4016 1414 4100 [de
1428 4012 1672 4099 Ruremunde]⁵

309 4124 443 4190 decan.
459 4124 541 4190 eccl.
558 4124 589 4189 S.
617 4123 756 4188 Servatii
783 4122 812 4187 T
813 4121 1014 4206 rajectensiS,
1043 4120 1203 4186 Leodien.
1219 4119 1317 4200 dioc,
1333 4140 1373 4186 ac
1397 4122 1489 4206 preb.
1510 4118 1599 4205 [vac.
1615 4117 1670 4181 vel

309 4228 439 4314 vacat]
457 4228 639 4313 dignemini
655 4227 842 4313 providere.
863 4264 896 4274 -
919 4225 997 4291 Fiat
1014 4225 1054 4291 R.

353 4373 435 4432 416.
464 4366 551 4431 Item
579 4386 674 4452 supp.
702 4372 794 4450 quat.
825 4363 917 4450 [cap.
945 4384 1005 4428 suo
1033 4362 1213 4449 Nichasio]
1242 4362 1284 4428 de
1300 4360 1670 4427 Wamechin⁶deben

309 4471 391 4535 eccl.
409 4468 452 4535 ad
468 4471 543 4535 coll.
561 4472 636 4534 abb.
653 4476 688 4533 et
703 4476 848 4534 monast.
865 4468 907 4532 de
921 4466 1169 4548 Beccoheluini,
1187 4467 1433 4551 Rothomagen.
1445 4464 1542 4546 dioc,
1559 4464 1672 4548 digne·

309 4572 390 4637 mini
406 4573 590 4658 providere,
605 4594 673 4638 nou
696 4576 781 4638 obst.
809 4572 900 4656 quod
926 4571 1017 4637 idem
1042 4570 1251 4656 N(ichasius)
1268 4571 1311 4635 in'
1327 4570 1358 4636 S.
1375 4568 1526 4653 Quintini
1544 4566 1671 4633 Novio-

344 4805 366 4852 1.
384 4804 423 4852 cf.
436 4803 583 4862 Saucrland,
598 4802 689 4852 nien.
706 4803 934 4864 t'r·t.,11.618.-
951 4807 973 4853 2.
987 4804 1049 4854 Grec
1061 4804 1084 4854 le
1096 4806 1127 4853 20
1138 4808 1202 4867 sept.
1216 4806 1278 4852 1342
1290 4804 1394 4865 (Eubcl,
1408 4804 1428 4861 1,
1442 4802 1539 4862 38).·—
1549 4802 1571 4850 3.
1585 4802 1672 4849 Seuer·

310 4876 377 4934 land,
391 4892 416 4926 n.
431 4879 499 4935 16111,
514 4879 584 4925 1987.
604 4906 636 4911 -
655 4881 677 4925 1.
699 4878 833 4925 Baudouin
851 4880 883 4927 dc
902 4880 1082 4940 Ltitzelbourg‚
1099 4882 1159 4927 1306
1172 4885 1196 4934 ›1-
1208 4880 1236 4925 21
1251 4875 1670 4941 janv.13.·›4(nubet‚1,5aa).-

311 4955 334 5000 5.
348 4951 446 5011 Kirsch,
460 4950 536 5011 nult,
556 4953 609 5011 165,
625 4953 678 5000 189.
690 4980 723 4986 —
734 4954 756 5000 6.
770 4952 837 5001 ,rnna
857 4952 909 5001 i'ut.
923 4952 994 5012 Boiu,
1009 4953 1029 5012 1,
1043 4967 1067 5001 n.
1080 4954 1118 5000 42.
