3650 5675
710 526 798 599 1849,
820 525 914 608 24-27
936 526 1004 592 nai.
1469 527 1534 636 '451

220 669 364 758 1732.
1241 707 1336 772 1349,
1354 709 1394 772 24
1412 689 1490 752 anai.

216 789 318 875 Supp.
334 787 463 869 Petrus,
478 787 547 854 dux
559 787 753 871 Borbonnii,
765 796 859 874 quat.
872 789 994 856 clerico
1006 811 1067 857 suo
1082 791 1260 857 secretario
1272 790 1373 856 Petro
1385 790 1532 857 Bemen'i

173 895 256 961 alias
270 892 313 958 de
328 894 493 958 Atrebato
510 905 530 974 ¹,
553 893 596 959 de
612 914 685 959 can.
701 901 737 959 et
750 896 843 980 preb.
861 892 1041 976 Morinen.,
1056 915 1129 960 vac.
1156 915 1217 981 per
1231 897 1286 961 ob.
1313 893 1475 962 Guidonis
1490 896 1533 961 de

173 996 397 1082 Lenglentier,
407 1002 487 1061 anta
497 996 599 1082 ipsius
608 999 663 1063 ob.
672 999 858 1078 reservatis,
868 997 1050 1082 dignemini
1060 997 1252 1083 providere;
1264 1018 1334 1064 non
1346 1001 1432 1066 obst.
1442 998 1532 1084 quod

172 1121 245 1166 can.
260 1107 296 1165 et
318 1102 411 1186 preb.
427 1098 467 1165 B.
484 1098 533 1166 Μ.
551 1099 754 1186 Magdalene
770 1099 960 1180 virdunen,
984 1107 1019 1165 et
1033 1100 1179 1186 paroch.
1203 1101 1286 1168 eccl.
1302 1101 1344 1167 de
1368 1101 1532 1188 Locheyo

172 1212 207 1270 et
221 1204 385 1288 capellan.
401 1222 495 1289 perp.
511 1203 546 1269 in
561 1204 699 1290 paroch.
724 1206 806 1270 eccl.
829 1203 871 1269 de
894 1202 1044 1289 Bessayo
1067 1211 1102 1269 et
1125 1223 1198 1270 can.
1214 1207 1274 1270 sub
1290 1225 1366 1291 erp.
1381 1207 1474 1290 preb.
1490 1206 1532 1272 de

172 1307 318 1388 Siclinio,
335 1305 587 1372 claromonten.
602 1316 638 1373 et
653 1307 839 1374 Tomacen.
855 1306 953 1388 dioc..
966 1307 1119 1373 obtinere
1134 1316 1301 1375 noscatur.
1311 1349 1355 1360 —-
1367 1307 1445 1374 Fiat
1458 1307 1498 1374 R.
1507 1359 1528 1373 ..

215 1410 303 1476 Item
318 1418 521 1509 supponat.
537 1409 630 1476 dicto
646 1409 748 1477 Petro
772 1407 921 1476 Bernen'i
939 1411 972 1475 in
989 1411 1092 1477 sacris
1118 1433 1186 1477 non
1212 1412 1399 1479 constituto
1422 1421 1531 1479 recto·

67 1577 70 1582 .
173 1515 265 1600 rique
279 1514 417 1600 paroch.
434 1515 577 1580 ecclesie
589 1514 632 1580 de
647 1513 820 1601 Locheyo,
833 1512 1087 1581 Claromonten.
1099 1515 1197 1596 dioc„
1212 1515 1403 1602 dispensare
1418 1516 1532 1602 digne·

173 1619 254 1683 mini
271 1623 308 1684 u't
323 1618 402 1684 hinc
419 1619 463 1685 ad
478 1617 747 1703 quinquennium
769 1618 900 1684 ratione
916 1617 1006 1684 dicte
1033 1619 1174 1685 ecclesie
1189 1639 1248 1685 seu
1274 1619 1409 1686 alterius
1425 1620 1531 1712 cujus7

173 1722 253 1788 dam
268 1721 313 1787 ad
328 1721 475 1806 aliquem
490 1741 621 1788 sacrum
644 1719 795 1788 ordinem
819 1721 958 1788 minime
980 1717 1171 1808 promoveri
1188 1730 1380 1790 teneatur...
1402 1761 1432 1772 -
1455 1722 1533 1790 Fiat

174 1824 218 1890 ad
231 1825 415 1906 biennium,
431 1825 512 1892 dum
526 1833 641 1891 tamen
658 1824 702 1891 sit
717 1824 941 1891 subdiaconus
956 1825 1041 1891 inira'
1056 1846 1115 1891 ser
1131 1833 1272 1893 mens'es.
1289 1825 1352 1894 R...
1414 1835 1417 1842 ‘

217 1928 297 1994 Dat.
312 1929 413 1994 Avin.
431 1949 449 2010 9
465 1927 534 1995 kal.
546 1930 631 2014 junii
646 1936 681 1994 a⁰
696 1931 739 1995 8⁰.
755 1930 827 2014 (lo,
844 1935 925 2013 ω’).

229 2067 366 2167 1733.
561 2137 565 2142 .
604 2161 607 2170 Ι
783 2161 787 2174 ¹
838 2137 842 2144 .
877 2167 881 2173 g
1113 2140 1116 2147 ,
1243 2082 1490 2164 1549,24moi.

219 2183 320 2270 Su'pp.
337 2182 465 2263 Petrus,
481 2183 549 2249 dux
564 2182 734 2264 Borbonii‚
750 2191 840 2269 quat.
859 2181 999 2270 [clerico
1026 2203 1086 2249 suo
1099 2180 1257 2272 ,Johanni
1282 2180 1323 2247 de
1349 2182 1534 2268 Darligues,

176 2286 271 2374 cleu]
290 2286 461 2353 Morinen.
476 2287 574 2370 dioc,
589 2289 632 2355 de
647 2289 760 2373 aliquo
785 2290 862 2353 ben.
889 2287 933 2353 ad
956 2285 1209 2373 dispositionem
1236 2285 1477 2372 archiepiscopi
1500 2295 1537 2352 et

177 2391 314 2477 capituli
336 2390 583 2478 Rothomagen.
598 2391 781 2478 dignemini
802 2391 978 2478 providere
992 2413 1000 2470 3
1017 2411 1085 2456 non
1103 2392 1188 2456 obst.
1205 2390 1296 2475 quod
1311 2410 1403 2476 perp.
1424 2391 1536 2477 capel-

176 2497 245 2561 lan.
260 2496 295 2561 in
312 2497 394 2563 eccl.
409 2498 610 2581 Ambianen.
627 2503 661 2563 et
686 2495 951 2562 matriculariam
974 2495 1007 2558 in
1036 2495 1118 2560 eccl.
1145 2495 1177 2559 S.
1205 2493 1295 2559 Petri
1320 2492 1534 2574 Casletensis,

179 2596 347 2665 Morinen.
373 2599 471 2680 dioc,
498 2599 650 2683 obtinere
676 2606 844 2664 noscatur.
867 2637 911 2646 —
934 2594 1010 2661 Fiat
1036 2596 1080 2662 ad
1106 2597 1321 2662 collationem
1347 2597 1477 2662 abbatis
1504 2597 1536 2663 S.

179 2701 325 2768 Richarii
343 2701 377 2767 in
394 2701 550 2784 Pontivo,
566 2701 768 2769 Ambianen.
783 2700 882 2782 dioc,
899 2699 962 2765 R...

222 2805 300 2872 Dat.
316 2805 415 2872 Asin.
433 2827 451 2889 9
467 2805 537 2875 kal.
548 2806 633 2894 junii
648 2813 681 2873 a⁰
697 2808 739 2873 8⁰.
757 2809 825 2887 (19,
846 2807 908 2890 14).

231 2944 373 3030 1734.
663 3050 666 3055 p
1247 2976 1343 3041 1349,
1359 2978 1401 3042 27
1418 2959 1496 3023 mai.

223 3062 323 3150 Supp.
339 3060 489 3128 Thomas
504 3060 709 3143 Gouchardi,
730 3061 918 3131 eanonicus,
933 3060 1074 3127 ecclesie
1096 3060 1128 3127 S.
1146 3060 1235 3127 Petri
1252 3059 1442 3144 InsulensiS,
1458 3061 1540 3128 Tor-

178 3186 296 3233 nacen.
312 3165 410 3247 dioc,
426 3185 560 3232 necnon
583 3162 730 3242 Jacobus
752 3162 903 3237 Morseni
928 3172 962 3230 et
986 3162 1177 3251 Margareta
1201 3165 1271 3251 ejus
1293 3187 1386 3248 uxor,
1402 3164 1539 3232 Guillel-

179 3290 254 3335 mus
268 3269 310 3336 de
320 3267 473 3351 'Nivella‚
489 3269 596 3349 miles,
613 3275 647 3333 et
664 3266 855 3353 Margareta
870 3268 942 3354 ejus
956 3287 1050 3349 uxor,
1066 3267 1216 3353 ejusdem
1232 3266 1422 3337 Tomacen.
1441 3269 1538 3351 dioc„

180 3372 342 3439 Nicolaus
356 3373 398 3439 de
414 3372 548 3439 Baliolo
564 3379 599 3438 et
626 3369 785 3457 Boydina
808 3372 879 3458 ejus
901 3392 994 3453 uxor,
1020 3370 1189 3439 Morinen.
1215 3373 1313 3456 dioc,
1329 3382 1443 3460 quat...
1459 3394 1539 3439 con-

179 3476 315 3542 fessor...
330 3476 364 3542 in
380 3476 499 3543 mortis
514 3476 656 3541 articulo
680 3474 852 3541 absolvere
878 3476 1001 3555 valeat,
1028 3474 1211 3561 dignemini
1234 3474 1413 3562 indulgere,
1441 3485 1478 3542 ut
1504 3477 1537 3541 in

178 3579 351 3668 sorma.-
372 3578 451 3645 Fiat
463 3579 525 3665 R.

221 3682 305 3749 Dat.
315 3684 417 3749 Avin.
435 3687 452 3747 6
468 3681 535 3749 kal.
547 3682 681 3767 junii'a⁰
697 3684 739 3747 8⁰.
758 3681 827 3767 (19,
849 3683 927 3766 15).
973 3676 976 3695 ’
1090 3694 1094 3702 ’

231 3818 369 3906 1735·
845 3900 849 3905 ,
892 3922 896 3927 .
1036 3901 1038 3908 ,
1240 3851 1334 3918 1549,
1353 3850 1395 3915 27
1417 3833 1494 3898 moi.

222 3937 324 4024 Supp.
355 3936 539 4022 Philippus,
571 3919 713 4000 Francia
737 3954 805 4016 rex,
836 3942 927 4018 quat.
962 3932 1110 4020 [Thome
1136 3932 1245 4020 dicto]
1278 3931 1480 4014 Gouchardi,
1496 3932 1538 3999 de

179 4040 324 4125 Stapulis
339 4057 437 4126 supra
453 4058 545 4105 mare
560 4047 580 4119 ²,
594 4035 774 4103 ‘Morinen.
797 4036 895 4117 dioc,
918 4038 996 4102 ben.
1020 4037 1102 4102 eccl.
1126 4057 1155 4102 c.
1179 4057 1208 4103 c.
1231 4038 1285 4101 vel
1308 4056 1333 4103 s.
1350 4056 1379 4103 c.
1396 4037 1440 4103 ad
1462 4037 1538 4102 coll.

180 4143 422 4230 archiepiscopi
439 4151 473 4208 el
489 4139 626 4228 capituli
648 4140 894 4225 Rothomagen.
920 4140 934 4223 (
940 4159 999 4204 100
1015 4138 1070 4205 lib.
1088 4159 1116 4205 c.
1133 4160 1173 4220 c,
1191 4142 1231 4205 80
1248 4160 1273 4205 s.
1289 4143 1343 4223 c),
1356 4138 1538 4225 dignemini

180 4258 348 4313 reservare
363 4269 371 4326 ;
388 4248 560 4312 nonobst.
576 4244 667 4329 quod
682 4257 758 4310 ean.
774 4251 810 4309 et
824 4245 917 4330 preb.
929 4243 1011 4319 eccl.
1028 4242 1059 4308 S.
1084 4241 1173 4307 Petri
1198 4241 1387 4323 insulensis
1411 4242 1538 4309 Toma-

180 4370 254 4416 cen.
269 4348 367 4430 dioc.,
378 4348 533 4415 'noscitur
547 4348 700 4415 obtinere
723 4355 758 4413 et
772 4350 848 4413 ben.
864 4346 947 4412 eccl.
964 4366 993 4411 c.
1009 4366 1038 4411 c.
1054 4346 1149 4412 vel's.
1166 4367 1194 4411 c.
1210 4346 1252 4411 ad
1268 4347 1344 4413 coll.
1360 4347 1489 4413 abbatis
1504 4355 1539 4412 et

180 4452 374 4519 monasterii
390 4451 429 4541 S„
439 4451 530 4517 Petri
546 4450 735 4518 Gaudensis
752 4457 930 4537 expectare
945 4458 1135 4516 noscatur...
1151 4451 1206 4514 vel
1231 4450 1373 4515 similem
1398 4452 1539 4536 gratiam

182 4556 227 4623 ad
244 4558 320 4623 coll.
339 4556 472 4623 abbatis
487 4561 522 4621 et
537 4555 729 4622 monasterii
746 4555 778 4621 S.
793 4553 967 4620 Trinitatis
982 4553 1025 4619 de
1042 4553 1220 4635 Fiscanno,
1237 4554 1279 4621 Ο.
1295 4554 1327 4621 S.
1344 4553 1393 4637 B.,
1411 4553 1540 4622 Rotho·

182 4681 314 4747 magen.
326 4660 413 4727 dioc.
429 4699 473 4709 -
488 4658 565 4724 Fiat
580 4680 684 4745 usque
701 4660 742 4725 80
757 4679 787 4725 c.
803 4679 832 4725 c.
849 4658 902 4723 vel
923 4676 963 4743 50
979 4678 1003 4723 s.
1020 4678 1049 4723 c.
1066 4656 1129 4724 R...

228 4763 305 4831 Dat.
316 4764 417 4831 Aviu.
435 4768 453 4829 6
468 4762 535 4830 kal.
547 4764 632 4850 junii
655 4770 689 4830 a⁰
704 4765 747 4830 8⁰.
764 4763 834 4848 (19,
855 4764 921 4847 17).

220 4972 243 5020 1.
254 4970 318 5021 Voir
329 4985 355 5020 n.
369 4968 440 5018 1491.
452 4989 484 5005 -·
496 4971 519 5020 2.
530 4970 593 5019 Voir
604 4983 629 5019 n.
642 4970 713 5017 17³4.
