3650 5675
291 488 351 552 620
826 484 913 558 1352,
937 482 1023 549 12-18
1046 483 1113 551 mai.

290 644 375 707 obst.
400 638 650 719 consuetudine,
679 645 815 719 statuto,
841 637 1025 723 privilegio,
1052 640 1310 707 confirmatione
1336 643 1523 729 apostolica
1547 644 1650 710 etiam

287 745 480 830 juramento
496 744 638 823 vallatis
655 742 681 807 si
698 743 753 827 qui
770 743 836 808 sint
852 742 885 807 in
901 743 975 828 ipsa
985 744 1127 809 ecclesia
1141 767 1150 824 ;
1164 746 1283 829 quibus
1295 748 1403 812 caveri
1415 747 1545 829 dicitur,
1559 749 1650 833 quod

290 849 400 915 nullus
416 849 537 913 debeat
553 847 685 913 admitti
703 846 746 913 ad
762 846 1000 913 canonicatum
1016 854 1051 912 et
1061 849 1265 934 prebendam
1280 849 1419 936 alicujus
1432 850 1533 937 ipsius
1544 854 1651 917 eccle-

291 953 338 1019 sie
354 951 506 1019 canonici
523 958 617 1017 extra
633 951 741 1037 ipsam
758 954 811 1016 vel
827 952 972 1037 patriam
988 960 1286 1039 quantumcunque
1295 964 1461 1022 remotam
1476 957 1626 1025 defuncti
1641 982 1650 1038 ;

290 1056 351 1125 nisi
369 1056 488 1123 saltem
504 1075 563 1141 per
578 1054 661 1120 duos
678 1056 858 1122 canonicos
874 1056 976 1142 ipsius
990 1056 1132 1123 ecclesie
1152 1061 1320 1143 probetur,
1337 1061 1393 1144 qui
1415 1061 1589 1147 deponant
1604 1064 1652 1128 eis

291 1169 444 1228 constare
461 1160 503 1226 de
519 1167 628 1225 morte
644 1159 797 1225 canonici
814 1159 963 1226 defuncti
977 1183 986 1240 ;
1004 1182 1080 1227 cum
1093 1162 1248 1229 omnibus
1259 1184 1328 1229 non
1341 1167 1449 1231 obst...
1465 1186 1553 1245 ;non
1564 1170 1652 1235 obst.

291 1266 357 1331 suis
373 1264 581 1332 declarandis
598 1263 631 1328 in
648 1271 758 1330 vestra
785 1265 983 1331 cancellaria
1011 1266 1245 1352 exprimendis,
1271 1275 1308 1333 ut
1325 1268 1492 1338 informa.
1509 1310 1551 1321 -
1575 1269 1653 1339 Fiat

291 1372 316 1437 si
333 1392 402 1438 non
419 1370 462 1437 sit
477 1369 573 1436 alteri
589 1368 622 1434 in
638 1390 674 1433 re
694 1368 747 1454 jus
763 1369 941 1451 quesitum,
959 1367 998 1435 R.

335 1477 414 1542 Dat.
432 1496 485 1561 ap.
502 1474 751 1540 Villamnovam
769 1496 787 1557 4
805 1473 848 1540 id.
865 1473 944 1539 maii
962 1482 995 1539 a⁰
1015 1482 1076 1541 10⁰.
1101 1476 1172 1559 (21,
1190 1475 1227 1541 P.
1245 1474 1289 1559 ll,
1310 1478 1413 1561 102').

339 1646 480 1734 2391.
1359 1681 1455 1747 1352,
1472 1684 1513 1729 12
1530 1667 1609 1732 arai.

334 1768 436 1854 Supp.
452 1766 579 1833 Aelidis
593 1767 635 1833 de
653 1766 837 1846 Heemont,
854 1764 1010 1831 monialis
1030 1765 1223 1833 monasterii
1239 1766 1281 1832 de
1298 1764 1451 1850 Gliisnes,
1478 1766 1520 1835 Ο.
1547 1768 1579 1835 S.
1602 1767 1654 1850 B.,

294 1872 461 1939 Morinen.
478 1872 574 1953 dioc,
591 1880 681 1956 quat.
698 1869 804 1957 ipsam
820 1869 862 1935 de
878 1868 970 1935 dicto
986 1869 1200 1950 monasterio,
1217 1870 1307 1956 quod
1318 1881 1455 1958 propter
1464 1892 1654 1957 guerrarum

292 1976 483 2043 discrimina
499 1974 728 2062 multipliciter
744 1982 794 2039 est
809 1982 996 2059 gravatum,
1013 1971 1055 2038 ad
1070 1974 1311 2041 monasterium
1327 1974 1359 2043 S.
1374 1976 1590 2043 Austreberte
1610 1978 1654 2043 de

295 2078 514 2159 Monsterolo,
530 2076 670 2166 predicti
698 2076 832 2157 ordinis,
849 2076 1050 2143 Arnbianen.
1066 2076 1163 2160 dioc,
1180 2078 1214 2144 in
1231 2100 1298 2163 quo
1320 2088 1371 2145 est
1388 2088 1497 2147 certus
1523 2081 1655 2148 monia-

295 2186 376 2251 lium
391 2204 557 2264 numeruS,
575 2180 760 2263 transferre,
787 2203 826 2248 ac
852 2181 957 2269 ipsam
985 2182 1062 2248 loco
1088 2181 1225 2248 domine
1251 2180 1354 2249 Tasse
1382 2182 1424 2250 de
1439 2187 1547 2265 Aussi,
1570 2186 1654 2253 dicti

294 2287 487 2355 monasterii
515 2288 546 2353 S.
584 2286 800 2352 Austreberte
831 2284 997 2365 monialis,
1028 2305 1118 2350 nunc
1148 2285 1181 2351 in
1213 2287 1418 2353 abbatissam
1458 2290 1655 2354 monasterii

295 2394 325 2461 S.
343 2390 521 2459 Michaelis
545 2391 587 2458 de
615 2386 805 2471 Dullendio,
831 2388 921 2455 dicte
947 2388 1147 2455 Ambianen.
1172 2387 1269 2472 dioc,
1296 2411 1355 2476 per
1381 2390 1412 2456 S.
1430 2391 1470 2458 V.
1486 2401 1654 2479 promote,

294 2496 453 2563 mandare
468 2495 570 2581 recipi
598 2492 805 2579 dignemini3
831 2493 931 2559 certis
957 2512 1055 2579 super
1079 2491 1175 2579 [hoc]
1202 2496 1436 2561 executoribus
1461 2495 1656 2583 deputatis3

296 2623 372 2668 cum
388 2604 542 2667 omnibus
557 2620 625 2665 non
642 2598 863 2679 obstantibus,
880 2607 916 2664 et
931 2597 1086 2663 clausulis
1102 2600 1285 2684 oportunis,
1302 2621 1342 2666 ac
1357 2598 1601 2666 executoribus.
1613 2640 1657 2650 -

298 2706 373 2773 Fiat
390 2706 430 2773 R.
842 2712 844 2716 ’

340 2812 417 2878 Dat.
435 2830 488 2898 ap.
505 2809 753 2877 Villamnovam
770 2830 789 2894 4
806 2807 849 2875 id.
866 2807 946 2874 maii
963 2813 996 2873 a⁰
1016 2812 1076 2874 10⁰.
1094 2808 1166 2892 (21,
1183 2805 1220 2874 P.
1238 2805 1283 2890 ll,
1304 2810 1390 2895 108).

349 2984 495 3072 2392.
1362 3015 1457 3080 1352,
1475 2997 1517 3060 18
1532 2997 1611 3062 moi.

344 3103 444 3170 Motu
470 3104 605 3189 proprio
631 3100 846 3187 providemus
871 3098 890 3177 J
895 3099 1065 3183 (ohanni),
1090 3099 1122 3164 S.
1150 3097 1284 3184 Georgii
1310 3099 1355 3166 ad
1379 3100 1493 3166 velum
1516 3120 1657 3165 aureum

298 3209 443 3275 diacono
459 3206 618 3272 cardinali
636 3215 656 3286 ¹,
672 3206 714 3272 de
730 3205 879 3291 prioratu
893 3204 936 3270 de
951 3202 1133 3285 Bornhem,
1149 3202 1192 3270 Ο.
1208 3205 1240 3271 S.
1257 3203 1306 3286 B,
1323 3205 1540 3272 Cameracen.
1556 3203 1657 3286 dioc,

299 3311 511 3398 dependente
526 3332 545 3376 a
561 3310 765 3377 monasterio
780 3309 1007 3393 Affligenensi,
1024 3308 1173 3393 ejusdem
1188 3309 1312 3375 ordinis
1336 3317 1371 3374 et
1393 3309 1490 3390 dioc,
1507 3329 1579 3374 vac.
1595 3329 1657 3394 per

300 3421 353 3484 ob.
369 3415 476 3481 ultimi
492 3414 621 3501 pn'oris,
637 3414 692 3500 qui
712 3411 837 3499 [extra]
866 3411 964 3479 Rom.
986 3411 1111 3478 curiam
1138 3412 1227 3479 diem
1254 3413 1372 3481 clausit
1399 3422 1596 3480 extremum.
1612 3454 1657 3465 -

300 3519 377 3586 Fiat
392 3527 489 3584 motu
502 3517 637 3604 proprio
655 3516 695 3583 R.
1447 3505 1452 3520 '

342 3625 420 3690 Dat.
437 3644 490 3709 ap.
508 3622 756 3688 Villamnovam
778 3639 813 3706 15
831 3619 897 3686 kal.
911 3621 994 3706 Junii
1011 3629 1045 3688 a⁰
1065 3629 1126 3687 10⁰.
1144 3623 1215 3706 (21,
1233 3620 1270 3688 P.
1287 3619 1332 3700 Il,
1351 3623 1434 3706 86').

244 3862 246 3868 .
348 3794 494 3881 2393.
1365 3806 1612 3888 1352,18mai.

340 3913 440 3998 Supp.
458 3911 569 3976 Guido
584 3909 626 3976 de
642 3907 761 3988 Lensa,
778 3908 883 3989 miles,
901 3917 991 3993 quat.
1009 3909 1158 3974 familiari
1175 3929 1235 3973 suo
1260 3907 1396 3993 Hugoni
1424 3906 1572 3988 Boileau,
1590 3909 1659 3973 cle-

297 4017 376 4096 rico,
393 4033 479 4099 mag.
497 4014 530 4079 in
546 4021 608 4079 art.
624 4035 665 4079 ac
681 4013 827 4079 studenti
844 4014 876 4078 in
902 4014 1017 4095 theol,
1035 4013 1077 4079 de
1099 4014 1292 4100 capellaniis
1308 4013 1339 4079 S.
1357 4013 1472 4078 Crucis
1486 4013 1518 4078 in
1547 4021 1660 4079 castro

297 4119 518 4185 Abbatisville
534 4127 569 4183 et
585 4117 616 4182 S.
634 4115 814 4202 Margarite
841 4117 883 4183 de
906 4115 1045 4198 Lileriis,
1073 4117 1276 4184 Ambianen.
1303 4126 1338 4182 et
1366 4113 1531 4182 Morinen.
1558 4115 1659 4198 dioc,

296 4245 371 4290 vac.
387 4244 447 4309 per
462 4231 605 4288 mortem
622 4221 712 4288 Petri
730 4219 845 4302 Karet,
862 4221 943 4286 olim
960 4221 1111 4287 canonici
1127 4221 1374 4301 Ambianensis,
1390 4219 1569 4304 dignemini
1581 4241 1659 4306 pro-

298 4328 411 4394 videre
427 4351 435 4407 ;
452 4348 520 4392 non
538 4329 623 4392 obst.
639 4325 775 4412 paroch.
792 4328 874 4392 eccl.
903 4325 934 4391 S.
962 4324 1125 4403 Johannis
1152 4325 1184 4389 in
1213 4325 1323 4406 Crota,
1349 4323 1479 4391 Eduen.
1494 4323 1592 4404 dioc,
1616 4347 1659 4392 ac

296 4433 402 4517 gratia
439 4431 499 4496 sibi
527 4430 617 4496 sacta
644 4429 686 4495 de
713 4449 787 4497 can.
814 4431 873 4494 sub
899 4450 974 4516 exp.
999 4432 1091 4515 preb.
1119 4429 1150 4495 S.
1178 4427 1352 4514 Gaugerici
1375 4427 1595 4495 Cameracen.
1620 4467 1654 4478 -

298 4536 487 4726 &gali-ap·
507 4639 755 4706 villamnovam
778 4659 812 4724 15
830 4637 897 4704 kal.
911 4639 994 4724 junii
1010 4648 1044 4704 a⁰
1064 4647 1125 4703 10⁰.
1142 4639 1156 4721 i
1159 4645 1213 4718 21,
1231 4636 1268 4704 P.
1286 4636 1332 4718 ll,
1349 4646 1415 4722 93).

329 4929 350 4976 l.
362 4927 425 4975 domi
439 4925 470 4973 ilc
483 4926 646 4986 Caraningne,
659 4939 749 4988 promu
762 4926 784 4974 lo
798 4925 826 4972 li
839 4923 973 4974 decembre
987 4927 1049 4973 1350
1060 4923 1163 4986 (nubet,
1179 4923 1197 4983 l,
1211 4924 1265 4984 iri).
