3650 5675
676 529 764 604 1349,
785 529 874 593 21-26
897 528 1057 595 decembre.
1481 537 1543 602 485

183 680 333 747 ecclesiis
346 687 370 761 ⁸,
395 678 555 745 Leodien.
581 678 679 759 dioc,
704 678 923 745 canonicatus
950 687 985 744 et
1007 680 1196 765 prebendas
1210 681 1361 748 obtinere
1375 694 1543 769 noscatur,

184 807 267 873 quos
283 806 357 852 can.
374 792 408 849 et
423 786 516 871 preb.
533 782 672 849 ecclesie
698 783 729 848 S.
746 783 841 848 Pauli
857 783 948 849 idem
964 784 1131 850 Walterus
1147 795 1282 871 paratus
1297 796 1349 853 est
1364 788 1542 871 dimittere,

184 911 261 955 curn
276 889 391 973 vigore
415 887 512 973 hujus
537 887 644 971 gratie
667 907 741 953 can.
757 894 792 951 et
807 891 899 973 preb.
916 888 1067 973 predicte
1082 890 1224 955 ecclesie
1239 890 1270 956 S.
1287 891 1430 957 Dionisii
1446 891 1544 959 fuerit

183 992 428 1080 possessionem
444 991 585 1078 pacifice
600 999 780 1057 assecutus,
796 1032 839 1043 -
856 992 932 1058 Fiat
949 993 989 1060 R.

228 1094 316 1161 Item
342 1116 437 1181 supp.
463 1103 553 1181 quat.
581 1104 705 1161 canet
720 1098 809 1182 preb.
834 1098 976 1162 ecclesie
1000 1098 1031 1164 S.
1057 1097 1151 1163 Pauli
1178 1099 1356 1184 predictos,
1385 1120 1461 1165 cum
1485 1122 1544 1186 per

183 1198 286 1285 ipsius
308 1198 449 1265 Walteri
476 1199 704 1265 dimissionem
728 1203 907 1281 vacabunt,
935 1209 973 1266 ut
996 1202 1169 1287 prefertur,
1195 1223 1257 1268 suo
1279 1203 1407 1268 vicario·
1426 1204 1461 1267 in
1484 1225 1545 1269 suo

185 1302 458 1368 archidiaconatu
481 1302 652 1384 Leodien.,
672 1302 832 1389 magistro
857 1303 1024 1370 Franconi
1040 1305 1082 1371 de
1098 1304 1293 1387 Gemblaco,
1317 1306 1508 1393 jurisperito
1524 1315 1544 1389 ¹,

184 1406 405 1473 conferendos
429 1406 608 1473 donacioni
634 1415 741 1493 apost.
768 1407 951 1492 dignemini
981 1430 1159 1490 reservare,
1184 1430 1262 1476 cum
1292 1410 1447 1476 omnrbus
1476 1430 1544 1475 non

184 1510 427 1576 obstantibus...
444 1518 481 1575 ut
496 1531 616 1597 supra;
633 1532 701 1577 non
718 1515 804 1577 obst.
821 1512 922 1597 quod.
939 1532 1012 1579 can.
1028 1522 1063 1579 et
1085 1516 1176 1600 preb.
1200 1514 1341 1579 ecclesie
1357 1514 1388 1579 S.
1404 1514 1545 1580 Dionisii

185 1612 344 1680 Leodien.
361 1634 402 1680 ac
417 1614 552 1699 paroch.
577 1616 753 1681 ecclesiam
768 1616 811 1681 de
826 1616 963 1697 Torbes,
979 1616 1069 1683 dicte
1086 1616 1246 1682 Leodien.
1274 1617 1373 1698 dioc,
1395 1618 1546 1684 obtinere

184 1726 352 1785 noscatur.
367 1758 410 1769 —-
426 1710 503 1784 Fia't
519 1718 559 1785 R.

229 1821 308 1887 Dat.
323 1822 423 1887 Avin.
438 1842 454 1887 2
471 1821 521 1887 id..
532 1821 604 1888 dec.
621 1830 654 1888 a⁰
671 1826 713 1889 8⁰.
729 1822 741 1858 r
758 1824 830 1909 (18,
851 1826 952 1908 135').

239 1955 379 2039 1862.
1154 1993 1249 2057 1349,
1266 1996 1307 2039 21
1324 1979 1502 2042 decembre.

229 2072 332 2160 Supp.
357 2073 486 2155 Petrus
499 2076 675 2162 episcopus
702 2074 989 2153 Claromonten.²,
1005 2085 1096 2161 quat.
1115 2075 1308 2162 [capellano
1334 2087 1369 2144 et
1392 2080 1545 2145 familiari

185 2198 246 2243 suo
272 2178 433 2244 continuo
457 2177 622 2265 Johanni]
651 2178 696 2244 de
719 2178 847 2245 Roseto
872 2180 916 2245 de
942 2200 1016 2245 can.
1043 2188 1078 2245 et
1103 2184 1195 2266 preb.
1223 2182 1365 2249 ecclesie
1384 2183 1415 2249 S.
1432 2184 1548 2251 Crucis

184 2280 402 2348 Cameracen.
426 2303 499 2349 vac.
523 2284 557 2349 in
584 2283 676 2349 cun'a
704 2283 802 2349 Rom.
817 2304 878 2371 per
892 2286 948 2350 ob.
974 2282 1095 2361 Jacobi
1109 2284 1153 2350 de
1168 2284 1255 2351 Villa
1277 2301 1299 2367 ³,
1320 2287 1375 2372 qui
1390 2307 1497 2373 nuper
1511 2287 1545 2352 in

184 2385 277 2453 dicta
301 2387 390 2452 curia
416 2387 570 2470 decessit,
595 2388 777 2473 dignemini
802 2388 1002 2473 providere,
1033 2409 1102 2455 non
1132 2392 1217 2455 obst.
1241 2389 1331 2473 quod
1361 2391 1542 2475 quamdam

184 2490 408 2575 capellaniam
423 2490 457 2555 in
484 2492 627 2557 ecclesia
643 2490 859 2557 Cameracen.
876 2491 1028 2556 obtineat
1043 2499 1241 2577 perpetuam
1264 2500 1299 2556 et
1320 2494 1411 2576 quod
1424 2493 1481 2559 diu
1496 2501 1547 2558 est

184 2614 245 2679 per
261 2593 292 2657 S.
309 2592 348 2659 V.
366 2594 428 2659 fuit
442 2594 502 2660 sibi
529 2596 700 2681 provisum
723 2594 765 2660 de
792 2615 865 2660 can.
893 2598 953 2659 sub
978 2616 1053 2681 exp.
1078 2582 1222 2661 'ecclesie
1249 2596 1281 2662 S.
1305 2596 1487 2662 Andomari
1512 2598 1545 2661 in

187 2696 218 2761 S.
234 2696 439 2778 AndomarO,
458 2696 625 2764 Morinen.
640 2698 728 2764 dioc.
744 2740 787 2748 -
804 2697 882 2763 Fiat
907 2698 970 2763 R...

232 2800 310 2867 Dat.
325 2801 426 2867 Avin.
447 2822 483 2867 12
499 2801 566 2868 kal.
579 2802 706 2888 januar.
723 2808 755 2867 a⁰
772 2804 815 2867 8⁰.
832 2802 903 2887 (18,
925 2802 1013 2886 111).

240 2939 1250 3037 18631349,
1267 2975 1308 3037 24
1325 2957 1504 3022 decembre.

233 3055 333 3123 Motu
363 3057 499 3144 proprio
526 3075 734 3122 reservamus
764 3075 836 3122 can.
864 3063 899 3121 et
914 3058 1008 3142 preb.
1039 3055 1180 3122 ecclesie
1210 3056 1435 3140 Cameracen.,
1465 3078 1549 3143 quos

188 3158 371 3246 Philippus,
398 3163 525 3226 electus
555 3159 760 3226 Noviomen.
781 3173 803 3240 ⁴,
834 3159 869 3224 in
899 3159 1019 3225 eadem
1049 3160 1131 3226 eccl.
1159 3161 1300 3243 obtinet,
1329 3162 1549 3228 conferendos

189 3264 347 3332 Renardo
363 3264 476 3351 Gayte
497 3278 518 3347 ⁵,
535 3286 611 3332 can.
637 3265 899 3345 Claromonten,
917 3286 994 3330 cum
1005 3268 1173 3332 vacabant
1186 3286 1247 3352 per
1261 3268 1547 3334 consecrationem

188 3367 271 3434 dicti
285 3370 384 3435 electi
407 3371 461 3434 vel
484 3390 543 3455 per
565 3371 694 3455 lapsum
716 3369 880 3454 temporis
900 3368 943 3434 de
965 3369 1199 3435 consecrandis
1222 3369 1397 3456 episcopis.
1412 3411 1455 3421 —
1471 3370 1548 3438 Fiat

189 3481 285 3538 motu
307 3475 442 3560 proprio
467 3473 506 3539 R.
952 3547 955 3552 ,

233 3576 313 3644 Dat.
329 3577 429 3642 Avin.
447 3598 464 3658 9
480 3577 548 3642 kal.
560 3578 690 3661 januar.
707 3585 740 3641 a⁰
757 3579 799 3642 8⁰.
816 3577 888 3660 (18,
910 3579 1011 3661 1161).

241 3713 385 3796 1864.
1156 3747 1251 3810 1349,
1269 3728 1310 3790 26
1326 3730 1504 3794 decernbre.

233 3830 334 3897 Motu
348 3831 484 3918 proprio
498 3849 703 3895 reservamus
719 3849 802 3910 can,
818 3832 910 3914 preb.
935 3851 975 3895 ac
998 3831 1200 3896 decanatum
1217 3829 1248 3894 S.
1264 3830 1451 3900 Donatiani
1465 3830 1546 3897 Bur-

187 3935 306 4021 gensis,
331 3935 518 4000 Tomacen.
541 3933 639 4014 dioc,
664 3952 748 4017 quos
774 3933 904 3998 obtinet
935 3933 1118 4018 Philippus,
1146 3933 1273 3998 electus
1294 3919 1497 4000 Noviomen.
1524 3936 1546 4029 ⁶,

188 4038 408 4104 conferendos
423 4058 511 4122 mag.
530 4036 716 4122 Reginaldo
733 4035 908 4102 Chauvelli
924 4054 945 4117 ⁷,
961 4037 1015 4102 lic.
1032 4037 1065 4100 in
1081 4038 1155 4120 leg,
1172 4035 1294 4102 clerico
1309 4047 1343 4103 et
1360 4039 1548 4107 consiliario

220 4247 245 4310 a)
262 4245 319 4294 (bd.
336 4251 362 4293 et
378 4245 468 4294 clusus
480 4271 511 4278 -
522 4243 549 4306 b)
568 4241 609 4290 En
621 4257 708 4303 merge
720 4258 726 4289 :
747 4241 864 4290 Contacta
876 4241 938 4288 dala
952 4243 979 4289 tn
989 4242 1112 4303 oripirali
1122 4258 1170 4305 per
1181 4242 1283 4290 electum
1301 4243 1547 4306 Ceaarcuprstaamn

187 4318 219 4368 de
225 4321 346 4383 precepto
356 4316 451 4366 domim
462 4317 540 4363 noar-t
552 4319 575 4363 et
587 4314 630 4362 leia
637 4329 687 4378 per
698 4329 736 4361 me
749 4313 779 4363 P.
794 4315 924 4363 Garatoni.
936 4313 977 4361 On
988 4316 1059 4362 avait
1071 4317 1121 4363 mis
1131 4315 1238 4363 d’abord
1250 4332 1255 4363 :
1272 4318 1287 4363 5
1299 4317 1348 4365 cal.
1359 4317 1408 4374 fed.

223 4542 244 4588 1.
261 4539 324 4587 Voir
341 4553 366 4586 n.
385 4540 455 4586 1531.
467 4565 499 4572 —
510 4539 533 4585 2.
552 4537 636 4585 Pierrc
647 4534 848 4595 d’Aigrefeuille,
861 4533 928 4583 abbe
939 4534 972 4583 de
983 4535 1008 4584 la
1026 4535 1203 4595 Chelae-Diem
1221 4537 1435 4585 successivement
1451 4535 1547 4598 dvdque

187 4614 220 4662 de
239 4613 317 4666 Tulle.
335 4612 367 4661 de
385 4612 489 4670 Vabres,
502 4611 534 4659 de
546 4611 684 4668 Clermont,
697 4607 796 4667 d'llnbs,
809 4609 841 4656 de
854 4608 955 4668 Mundo,
976 4608 1130 4670 d'Avignon.
1143 4610 1183 4658 Of.
1195 4609 1314 4665 Albenbs,
1328 4609 1419 4658 Iterre
1429 4608 1546 4672 &lipre-

185 4686 284 4745 fenilla,
296 4686 432 4744 dlarseille,
447 4686 515 4742 1877,
528 4689 554 4733 et
566 4683 641 4732 Ball.
649 4681 715 4730 dela
725 4683 777 4730 Soc.
787 4681 870 4730 cl'lrirt.
882 4685 906 4729 et
917 4680 1091 4730 saretrude
1102 4682 1130 4730 la
1145 4681 1255 4741 Corrdse,
1269 4684 1340 4741 1892,
1350 4687 1372 4732 t.
1379 4682 1451 4740 xlv,
1464 4686 1546 4738 51:97.

186 4789 220 4796 -
231 4763 253 4809 3.
272 4759 334 4808 Voir
350 4773 375 4808 n.
394 4761 464 4806 1850.
479 4786 511 4794 —
522 4759 545 4806 l.
563 4757 681 4819 Philippe
692 4755 816 4808 d’Arboia
830 4754 932 4804 numme
943 4756 967 4804 le
979 4757 1009 4804 23
1021 4754 1156 4805 decembre
1169 4758 1231 4804 1819
1244 4756 1349 4818 (Enbel,
1363 4756 1382 4815 1,
1395 4757 1456 4817 390)
1469 4773 1474 4814 ;
1492 4747 1548 4804 =voir

187 4835 323 4883 n.185.-
343 4835 366 4880 5.
383 4833 445 4880 V'oir
457 4845 482 4880 n.
500 4833 554 4879 128.
566 4858 598 4866 —
619 4833 641 4879 6.
659 4829 777 4893 Philippe
789 4829 914 4890 d'Arbois,
928 4831 983 4878 voir
1000 4845 1025 4878 n.
1045 4831 1114 4878 1863.
1130 4858 1163 4865 -
1182 4832 1204 4878 7.
1222 4829 1346 4890 Reginald
1364 4829 1396 4877 de
1419 4829 1549 4878 Uliarelle

188 4906 301 4968 (Gallia
318 4907 414 4961 etrier,
430 4906 458 4964 l',
471 4906 538 4966 257),
555 4903 679 4954 Oltimlli
694 4903 845 4966 (dbmpead.
866 4903 1012 4966 cimona.
1025 4915 1050 4965 p.
1064 4905 1121 4965 81),
1133 4905 1188 4966 prit
1204 4904 1343 4965 possession
1355 4903 1390 4952 du
1402 4902 1513 4954 deerrat
1524 4905 1549 4952 le

187 4984 201 5029 5
213 4980 280 5030 avril
293 4981 355 5028 1350
367 4979 432 5042 (tt.)
448 4979 486 5038 ·,il
496 4977 586 5028 derint
597 4975 693 5040 ireque
704 4977 736 5026 de
749 4977 848 5028 chalon
858 4977 882 5026 le
894 4978 908 5026 3
920 4977 1023 5038 jansier
1035 4978 1096 5025 1851
1111 4977 1217 5039 (Eubel,
1236 4977 1257 5036 1,
1278 4979 1342 5037 1571
