3650 5675
697 539 786 616 1347,
808 540 862 604 2-9
882 557 972 606 mars
1453 533 1523 608 305'

152 694 263 779 ipsius,
279 701 432 779 tempore
448 692 671 778 promotionis
696 691 845 777 ejusdem
870 693 914 758 ad
938 693 1103 779 prefatam
1119 693 1249 759 Lunen.
1274 695 1356 760 eceb
1385 696 1516 760 obtine-

152 801 211 862 bat
228 811 248 879 ¹,
264 797 290 862 si
303 817 363 883 per
377 798 508 883 lapsum
523 797 685 882 temporis
709 796 752 861 de
768 798 941 882 episcopis·
958 797 1194 863 consecrandis
1213 799 1283 883 jam
1309 807 1443 880 vacant,
1459 800 1520 888 vei*

152 922 230 966 curn
256 921 316 987 per
338 900 624 966 consecrationem
657 900 758 984 ipsius
780 902 852 981 ·vel,
868 909 1081 986 preterquam
1108 917 1168 986 per
1192 901 1343 986 ejusdem
1366 903 1431 982 ob,
1447 902 1526 968 aiio*

153 1004 272 1088 quovis
297 1003 400 1069 modo
426 1005 498 1088 jam
532 1003 728 1068 vacaverint
751 1023 809 1068 seu
838 1011 962 1070 vacent
990 1003 1051 1068 vel'
1086 1005 1254 1068 vacabunt
1285 1003 1514 1090 imposterum,

152 1108 334 1194 dignemini
350 1109 544 1194 providere;
568 1128 637 1172 non
665 1110 750 1173 obst.
767 1108 858 1192 quod
873 1108 962 1172 idem
975 1104 994 1183 J
998 1108 1121 1172 acobus
1136 1107 1170 1171 in
1187 1108 1328 1172 ecclesia
1340 1107 1516 1173 Siclinensi
1588 1125 1595 1132 ·

152 1231 226 1275 can.
242 1210 375 1276 obtinet
390 1218 425 1275 et
440 1212 533 1296 preb.
552 1250 579 1260 -
601 1208 677 1275 Fiat
693 1209 734 1275 R.
1314 1237 1315 1242 ¹

196 1314 275 1380 Dat.
289 1313 391 1379 Avin.
409 1319 427 1378 6
443 1335 523 1380 non.
539 1323 639 1379 mart.
654 1321 688 1378 a⁰
704 1321 746 1399 5⁰.
764 1314 836 1398 (10,
854 1313 941 1398 (οι).

206 1450 344 1532 1164.
1218 1481 1313 1548 1347,
1331 1487 1350 1528 2
1367 1485 1471 1531 ruore.

196 1568 284 1653 Sign.
300 1566 473 1645 Johannes
489 1566 532 1631 de
549 1565 705 1633 Isendike
720 1579 742 1648 ²,
755 1577 790 1632 et
806 1566 973 1634 Gerardus
988 1568 1030 1633 de
1040 1566 1178 1632 Vivario
1194 1577 1215 1647 ³,
1232 1567 1322 1651 quod
1332 1565 1351 1644 J
1355 1567 1515 1648 ohannes,

151 1691 212 1758 per
226 1692 272 1753 se,
287 1671 532 1757 preposituram
549 1670 603 1735 SS.
628 1672 869 1756 Apostolorum
895 1671 1082 1752 Colonien.,
1107 1679 1142 1735 et
1162 1669 1338 1751 GerarduS,
1362 1671 1515 1757 predicti,

151 1798 212 1861 per
227 1783 477 1860 procuratorem
493 1794 599 1854 suurn,
624 1773 841 1856 scolastriam,
858 1796 931 1841 can.
956 1783 991 1840 et
1014 1777 1108 1861 preb.
1132 1795 1172 1840 ac
1195 1775 1467 1860 supplementum
1482 1774 1515 1841 S.

152 1879 333 1945 Salvatoris
356 1879 546 1964 Trajecten.
571 1879 798 1962 ecelesiarum,
823 1900 888 1964 que
914 1886 997 1944 tunc
1024 1879 1232 1959 obtinebant,
1261 1879 1293 1941 in
1317 1899 1406 1942 man.
1423 1878 1514 1944 dom.

152 1983 357 2068 Sttephani),
384 1985 484 2070 episc.
510 1985 541 2049 S.
568 1985 680 2049 Pontii
703 1985 972 2065 Thomeriarurn,
988 1985 1077 2069 apud
1101 1984 1217 2050 sedem
1233 1991 1339 2068 apost.
1353 1987 1398 2058 ,ex
1413 2002 1513 2048 causa

150 2088 408 2173 permutationis
433 2088 654 2172 resignarunt,
671 2088 828 2172 idemque
853 2088 966 2173 episc,
990 2088 1033 2154 de
1057 2087 1220 2154 mandato
1235 2095 1359 2167 vestre,
1376 2088 1512 2153 oraculo

151 2192 229 2256 rive
244 2192 337 2257 vocis
353 2191 414 2256 sibi
431 2191 530 2272 facto,
541 2192 731 2277 hujusmodi
746 2192 989 2276 resignationes
1004 2191 1151 2258 admisit.
1168 2190 1283 2274 Quare
1298 2211 1404 2276 supp,
1420 2199 1513 2274 quat.

151 2294 303 2362 Gerardo
324 2295 367 2360 de
391 2296 599 2381 prepositura
622 2296 822 2381 hujusmodi,
850 2305 884 2361 et
908 2295 1056 2373 Johanni
1081 2295 1240 2382 predictis
1262 2295 1305 2361 de
1328 2295 1513 2376 scolastria,

153 2418 228 2464 can.
244 2406 279 2464 et
296 2400 385 2485 preb.
400 2420 441 2465 ae
456 2401 692 2486 supplemento
708 2401 923 2466 ecclesiarum
946 2399 1180 2484 predictarum,
1201 2398 1334 2464 etiamsi
1349 2401 1424 2462 ben.
1441 2398 1513 2483 ipsa

154 2503 209 2578 vel
225 2504 368 2568 alterum
394 2523 510 2569 eorum
530 2503 689 2570 fuerint...
716 2512 903 2584 reservata„
922 2503 1104 2587 dignemini
1128 2501 1324 2588 providere;
1341 2523 1410 2566 non
1427 2504 1513 2566 obst.

154 2605 245 2690 quod
258 2604 279 2683 J
281 2606 431 2672 ohannes
440 2607 474 2672 in
487 2607 541 2673 SS.
557 2610 798 2694 Apostolorum
814 2607 988 2674 Colonien.
1005 2606 1167 2692 predicta,
1182 2625 1315 2670 necnon
1332 2604 1512 2683 Seflicensi,

153 2729 194 2774 ae
209 2707 430 2776 Wischelensi
446 2731 519 2778 can.
535 2719 571 2776 et
586 2715 689 2798 preb,
715 2722 750 2779 et
774 2712 807 2776 in
823 2709 1019 2790 Xanetensi,
1046 2708 1221 2774 Colonien.
1246 2707 1343 2788 dioc,
1360 2727 1436 2773 can.
1452 2711 1524 2772 sub

154 2832 230 2899 exp.
244 2815 337 2898 preb.
353 2822 389 2879 et
405 2814 460 2881 off.
476 2836 501 2881 s.
514 2836 568 2895 c.;
585 2836 684 2903 super
700 2817 821 2900 quibus
834 2813 1023 2881 Sefiioensis
1037 2831 1109 2879 can.
1126 2819 1161 2877 et
1176 2814 1279 2899 preb,
1290 2819 1325 2877 et
1341 2809 1513 2877 Xaneten·

153 2916 199 2981 sis
220 2917 435 2983 ecclesiarum
465 2918 591 2985 ferculo
606 2941 664 2985 seu
680 2922 916 3005 supplemento
931 2919 965 2983 in
995 2918 1093 2983 Rom.
1115 2938 1182 2983 cur.
1198 2916 1316 3001 litigat,
1344 2924 1380 2981 et
1395 2914 1514 2982 Gerar-

151 3020 224 3101 dus,
240 3021 373 3107 prefati,
392 3022 426 3087 in
443 3022 604 3089 Leodien.
631 3032 666 3089 et
689 3024 721 3089 S.
739 3023 887 3088 Severini
914 3022 1089 3089 Colonien.
1117 3030 1153 3087 et
1178 3023 1211 3087 in
1228 3022 1267 3088 B.
1285 3020 1334 3087 M.
1350 3022 1512 3106 Aquensi,

152 3145 195 3189 ac
204 3124 236 3189 S.
252 3123 442 3211 Gengulphi
459 3127 744 3213 Heynsbergensi,
761 3126 1293 3209 Leodien.dioc.,eoclesiis,can.
1309 3134 1345 3191 et
1360 3128 1462 3212 preb,
1479 3134 1515 3191 et

152 3228 187 3291 in
212 3229 329 3293 eadem
353 3231 435 3295 eccl.
463 3230 494 3294 S.
519 3231 667 3295 Severini
698 3232 980 3318 supplementum,
1008 3230 1099 3315 quod
1129 3230 1290 3297 ferculum
1316 3229 1513 3315 appellatur,

153 3332 306 3396 obtinere
320 3343 501 3398 noscantur
516 3356 524 3412 ;
541 3342 576 3398 et
592 3334 682 3418 quod
694 3335 784 3400 idem
794 3334 962 3401 Gerardus
973 3354 1071 3420 super
1083 3334 1265 3415 scolastria,
1277 3354 1350 3399 can.
1363 3342 1398 3399 et
1418 3335 1511 3419 preb.

153 3433 256 3519 ipsius
271 3435 353 3499 eccl.
372 3432 563 3519 Magnntin.
580 3437 614 3501 in
630 3438 722 3503 dicta
738 3459 805 3505 eur.
822 3439 943 3525 litigat.
960 3479 1003 3487 —
1026 3437 1103 3502 Fiat
1119 3457 1180 3524 pro
1197 3440 1359 3521 utroque,'
1374 3438 1415 3504 R.

199 3536 280 3603 Dat.
296 3538 394 3604 Avin.
413 3544 430 3602 6
447 3561 526 3606 non.
542 3550 641 3608 mart.
658 3548 693 3607 a⁰
709 3550 750 3627 5⁰.
768 3543 841 3628 (10,
861 3543 949 3627 103).

210 3677 346 3761 1165.
1218 3710 1314 3774 1347,
1331 3711 1350 3775 9
1368 3712 1472 3755 marr.

199 3795 300 3881 Supp.
316 3794 430 3861 Guido
446 3795 489 3861 de
504 3797 677 3876 Ambazia,
694 3797 920 3863 subdiaconus
944 3804 979 3861 et
1002 3797 1143 3861 servitor
1158 3803 1278 3874 vester,
1296 3802 1389 3878 quat.
1404 3794 1466 3859 sibi
1482 3794 1516 3857 in

154 3920 241 3984 pers.
257 3900 431 3966 servitoris
446 3898 496 3965 sui
511 3899 660 3981 Walteri,
687 3901 758 3966 nati
783 3901 953 3985 quondam
979 3898 1119 3963 Henriei
1135 3898 1179 3962 de
1200 3896 1320 3977 Busc0,
1337 3897 1414 3963 cler.
1431 3896 1517 3961 Leo-

156 4002 245 4069 dien.
261 4003 349 4070 dioc.
365 4016 386 4084 ⁴,
402 4023 492 4089 spec.
508 4024 555 4087 gr.
567 4003 738 4083 facientes,
762 4004 873 4070 eidem
887 4003 1041 4067 Waltero
1064 4001 1107 4067 de
1132 4010 1253 4067 canet
1277 4003 1369 4086 preb.
1385 4001 1468 4067 eccl.
1484 4000 1516 4066 S.

158 4104 253 4171 Pauli
270 4105 443 4187 Leodien.,
459 4127 518 4192 per
534 4109 588 4172 ob.
605 4107 776 4191 quondam
790 4107 924 4172 Tbome
939 4106 982 4171 de
998 4104 1146 4185 Perusi0,
1163 4104 1265 4189 ipsius
1290 4106 1373 4170 eccl.
1394 4126 1467 4171 can.
1483 4112 1519 4170 et

156 4217 264 4294 apost.
280 4210 368 4275 sedis
382 4210 552 4295 scriptoris
563 4216 599 4275 et
614 4209 832 4275 abreviatoris
842 4216 863 4290 ⁵,
879 4210 934 4274 vel
951 4208 1032 4275 arias
1043 4207 1167 4292 quouis
1181 4205 1284 4272 modo
1299 4225 1385 4287 vac,
1401 4226 1518 4292 quam-

157 4312 210 4377 vis
223 4312 313 4379 idem
328 4312 358 4378 T
359 4315 569 4380 homas'can.
585 4321 620 4379 et
632 4315 724 4398 preb.
741 4312 912 4399 predictos
928 4332 1005 4377 eum
1021 4312 1088 4377 alio
1102 4313 1179 4379 ben.
1195 4310 1267 4375 sine
1278 4309 1417 4377 licentia
1432 4311 1522 4377 sedis-

156 4424 266 4501 apost.
281 4418 498 4503 permutavit,
514 4416 698 4501 dignemini
721 4416 897 4501 providere
913 4438 922 4496 ;
939 4434 1007 4481 non
1024 4417 1110 4481 obst.
1126 4413 1217 4499 quod
1240 4413 1330 4480 idern
1352 4414 1521 4483 Walterus

155 4522 233 4585 ben.
249 4522 332 4585 eccl.
349 4529 506 4607 spectans
522 4520 746 4587 communiter
760 4519 805 4584 ad
820 4520 918 4586 coll...
934 4519 1007 4586 dec.
1023 4526 1058 4585 et
1073 4516 1210 4603 capituli
1227 4520 1309 4584 eccl.
1325 4518 1357 4583 S.
1374 4518 1517 4585 Dionisii

158 4621 318 4689 Leodien.
348 4624 382 4688 in
411 4624 581 4689 communi
605 4622 722 4705 forma,
749 4632 837 4691 auct.
861 4622 1050 4691 litterarum
1076 4629 1273 4704 vestrarum,
1298 4629 1466 4709 expectat,
1483 4631 1518 4691 et

192 4829 214 4876 1.
231 4825 356 4875 Jourdrrin
369 4828 491 4888 Golonna,
504 4829 661 4878 archidiacre
677 4830 710 4878 de
720 4830 791 4890 Toul,
805 4841 897 4893 promu
914 4841 947 4879 an
957 4829 1033 4890 'siege
1044 4828 1076 4877 de
1088 4828 1160 4877 Itoni
1179 4828 1281 4891 (Itab'e)
1293 4830 1317 4877 le
1337 4830 1368 4878 25
1387 4831 1438 4878 mni
1457 4828 1520 4879 18ss

158 4898 423 5022 pofflpffiogpbwb—
432 4904 455 4951 2.
469 4903 616 4963 Seuerland,
628 4918 654 4953 n.
664 4906 735 4954 2221.
746 4932 779 4940 -
791 4904 888 4954 3.‘Voir
899 4919 929 4953 n.
937 4904 995 4953 31111
1003 4928 1036 4938 —-
1047 4906 1070 4951 4.
1083 4902 1144 4950 Voir
1155 4916 1180 4951 n.
1193 4904 1248 4951 751.
1256 4916 1291 4937 ’-
1302 4906 1325 4951 5.
1336 4902 1399 4951 Voir
1410 4918 1436 4954 n.
1450 4904 1519 4964 11119,

224 5010 231 5034 ,
309 5010 316 5022 .

210 5062 273 5106 Amr
287 5063 335 5106 vat
353 5064 414 5116 serg.
540 5070 550 5079 ·
