3650 5675
730 534 816 608 1352,
842 534 875 599 18
898 535 965 599 mai.
1474 535 1528 600 621

224 684 537 771 2394-2395.
925 732 927 735 >
1239 720 1334 783 1552,
1353 703 1397 766 18
1410 702 1487 765 mai.

216 802 316 888 Supp.
330 801 489 868 Yolandis
500 803 542 868 de
556 802 721 884 Flandria,
735 804 905 869 comitissa
918 803 1089 869 Barrensis
1106 813 1140 869 et
1151 804 1289 870 domina
1302 806 1343 871 de
1356 805 1530 885 Casse13,...

173 914 263 990 quat.
279 906 359 971 dare
375 906 556 991 dignemini
574 908 607 972 in
623 907 824 973 mandatis...
840 916 877 973 ut
889 908 973 973 duas
988 909 1116 994 puellas
1126 908 1292 974 litteratas
1304 929 1388 993 quas
1400 908 1530 974 duxerit

172 1011 395 1078 nominandas
411 1012 444 1076 in
461 1009 664 1078 monasterio
680 1009 722 1075 de
740 1008 901 1091 Mecines,
928 1010 969 1077 Ο.
997 1010 1028 1076 S.
1045 1005 1094 1091 B„
1120 1009 1288 1076 Morinen.
1313 1011 1411 1093 dioc„
1427 1011 1530 1096 recipi

173 1116 307 1182 faciant.
323 1158 365 1166 -
382 1116 458 1182 Fiat
473 1116 515 1183 de
531 1136 597 1181 una
612 1114 646 1179 in
666 1114 758 1181 dicto
774 1115 977 1181 monasterio
992 1123 1026 1180 et
1042 1114 1084 1180 de
1105 1116 1169 1180 alia
1186 1115 1219 1181 in
1235 1116 1441 1181 monasterio
1463 1117 1531 1181 alio

173 1220 263 1307 quod
278 1220 415 1307 elegerit
434 1220 473 1287 R.

216 1324 303 1392 Item
320 1335 412 1410 quat.
429 1320 576 1403 Johanni
594 1323 758 1402 Johannis
773 1324 815 1390 de
833 1323 946 1406 Motis,
972 1323 1093 1390 clerico
1116 1322 1246 1390 Tulien.
1270 1324 1367 1407 dioc„
1391 1325 1432 1391 de
1455 1327 1532 1390 ben.

173 1432 254 1497 eccl.
285 1431 328 1498 ad
359 1431 434 1497 coll.
465 1429 601 1516 capituli
634 1430 664 1495 S.
696 1428 860 1507 Johannis
891 1428 1051 1495 Leodien.
1075 1428 1257 1515 dignemini
1283 1430 1466 1516 providere.
1490 1470 1532 1479 -

175 1532 251 1600 Fiat
269 1534 308 1599 R.

216 1676 322 1739 2395.
339 1672 427 1740 Item
443 1675 600 1741 mandare
617 1674 798 1759 dignemini
814 1695 911 1763 posse
928 1673 1087 1741 declarari
1111 1674 1145 1739 in
1158 1674 1358 1741 cancellaria
1374 1681 1486 1740 vestra
1497 1673 1530 1739 in

172 1778 289 1845 litteris
304 1800 402 1865 super
416 1781 522 1866 gratia
533 1780 621 1847 facta
632 1781 807 1867 capellano
822 1801 883 1846 suo
898 1779 1039 1866 Symoni
1052 1778 1203 1845 Wameri
1217 1779 1260 1845 de
1271 1780 1363 1865 Fago
1375 1792 1383 1818 ¹
1396 1780 1439 1844 de
1453 1782 1531 1845 ben.

173 1883 217 1949 ad
241 1884 315 1949 coll.
341 1885 489 1972 episcopi
518 1893 552 1950 et
576 1877 711 1971 capituli
740 1883 899 1951 Leodien.
917 1904 1010 1950 :non
1031 1886 1117 1950 obst.
1140 1904 1199 1951 sua
1223 1893 1256 1951 et
1274 1885 1345 1971 ipsa
1361 1883 1530 1951 declarare

172 1986 304 2054 admitti
320 1988 353 2053 in
369 1989 500 2070 eadem,
518 2010 594 2055 cum
622 1988 734 2073 aliqua
759 1988 801 2054 de
829 1988 928 2056 dictis
953 2009 1022 2054 non
1041 1991 1126 2055 obst.
1157 1988 1289 2055 fuerunt
1313 2010 1373 2076 per
1388 2008 1533 2054 errorem

173 2093 305 2158 omissa.
322 2130 363 2143 --
380 2092 457 2161 Fiat
475 2093 514 2159 R.

216 2196 296 2263 Dat.
312 2216 365 2283 ap.
382 2196 629 2263 Villamnovam
651 2216 685 2281 15
703 2194 770 2263 kal.
784 2197 867 2282 junii
884 2204 919 2263 a⁰
938 2202 999 2263 10⁰.
1017 2196 1089 2282 (21,
1107 2195 1144 2263 P.
1162 2194 1208 2279 ΙΙ,
1226 2200 1309 2284 95*)·

206 2418 227 2465 1.
239 2414 301 2464 von·
313 2430 337 2465 n.
350 2418 421 2465 2106.
