3650 5675
293 516 332 581 82
753 467 758 474 ¹
845 513 1099 597 1111111111.

294 664 399 731 diensi
412 662 552 730 conferri
568 663 712 744 solitam,
738 684 779 729 ac
803 684 878 729 can.
897 671 932 728 et
953 666 1045 749 preb.
1069 663 1240 745 Leodien.,
1256 684 1390 729 necnon
1415 665 1654 732 thesaurariam

215 773 218 778 '
296 769 328 834 S.
345 767 517 833 Cuniberti
535 767 711 834 Colonien.
728 768 880 832 obtinere
896 767 1054 833 noscitur.
1076 805 1108 814 -
1130 765 1207 832 Fiat
1225 767 1263 833 R.

339 872 417 937 Dat.
434 871 532 935 Avin.
558 891 575 952 9
592 870 660 936 kal.
672 871 756 956 junii
771 879 805 936 a⁰
821 880 863 937 2⁰.
880 873 929 956 (5,
951 871 1007 956 1l').

347 1009 461 1094 383
1097 1019 1099 1024 1
1383 1043 1478 1107 1313,
1498 1044 1513 1086 1
1524 1021 1611 1104 juin.

339 1129 440 1214 Supp.
457 1127 560 1213 Hugo
585 1126 675 1192 Rulli
699 1127 742 1192 de
767 1125 934 1207 Hisdinio,
950 1129 1067 1213 presb,
1085 1125 1119 1189 in
1143 1133 1214 1190 arte
1232 1132 1267 1190 et
1291 1125 1325 1189 in
1346 1126 1434 1191 decr.
1451 1126 1504 1192 lic.
1519 1147 1539 1191 a
1555 1127 1657 1210 longo

296 1240 460 1318 ternpore,
476 1252 538 1316 pro
553 1230 646 1316 cujus
661 1231 995 1296 recommendatione
1007 1251 1064 1295 rex
1082 1228 1224 1295 Francie
1240 1237 1274 1294 et
1290 1249 1404 1295 comes
1417 1228 1572 1296 Flandrie
1582 1229 1656 1296 S.V.

297 1336 509 1421 scripserunt,
526 1343 617 1419 quat.
634 1334 696 1400 sibi
719 1337 796 1400 ben.
812 1336 895 1401 eccl.
910 1335 954 1400 ad
978 1335 1054 1400 coll.
1070 1334 1193 1420 episc...
1210 1343 1245 1398 et
1271 1352 1344 1419 cap.
1361 1332 1578 1399 Cameracen.
1598 1332 1656 1419 [60

296 1440 353 1505 lib.
369 1441 433 1504 val.
450 1437 544 1524 ann]
574 1439 757 1523 dignemini
782 1459 959 1520 reservare,
976 1459 1045 1505 non
1071 1441 1156 1504 obst.
1173 1438 1263 1522 quod
1290 1437 1322 1500 in
1351 1437 1563 1502 Attrebaten.
1580 1458 1655 1502 can.

297 1548 357 1610 sub
388 1564 463 1630 exp.
479 1546 571 1630 preb.
597 1553 686 1609 auct.
707 1550 819 1609 vestra
844 1551 878 1608 et
902 1551 990 1608 auct.
1015 1540 1179 1620 Johannis
1205 1561 1262 1627 pp.
1286 1539 1410 1606 diutius
1434 1548 1468 1606 et
1498 1540 1658 1605 inutiliter

297 1648 490 1735 expectavit
514 1669 555 1712 ac
574 1646 607 1712 iu
623 1647 655 1712 S.
670 1647 785 1713 Amati
802 1647 997 1728 Duacensis‚
1013 1649 1226 1713 Attrebaten.
1242 1646 1339 1727 dioc,
1357 1646 1515 1726 ecclesiis
1532 1629 1608 1712 can.
1624 1653 1659 1710 et

297 1757 389 1841 preb.
406 1752 554 1818 noscitur
569 1752 731 1818 obtinere.
747 1791 790 1803 —
807 1750 884 1817 Fiat
901 1752 941 1818 R.

342 1856 421 1923 Dat.
437 1857 536 1921 Avin.
552 1855 620 1922 kal.
633 1856 718 1942 junii
733 1864 767 1921 a⁰
784 1863 825 1922 2⁰.
842 1858 891 1938 (5,
912 1878 924 1921 1
932 1857 993 1941 gl).

349 1994 466 2080 384.
1130 2055 1132 2060 -
1238 1987 1243 1998 ’
1387 2005 1614 2091 1343230111.

342 2113 444 2199 Supp.
477 2096 643 2177 Robertus
673 2109 779 2193 Belin,
811 2111 888 2176 cler.
918 2109 1176 2196 Rothomagen,
1208 2111 1349 2176 servitor
1374 2117 1524 2176 creature
1548 2117 1658 2174 vestre

300 2217 391 2282 Petri
407 2216 576 2295 Germani,
594 2215 649 2300 qui
666 2215 805 2281 clericus
820 2215 855 2280 in
867 2215 1080 2301 registrandis
1104 2215 1401 2301 supplicationibus
1425 2223 1537 2280 vestra
1561 2215 1660 2279 beata

299 2343 400 2387 manu
417 2321 557 2406 signatis
571 2320 628 2385 diu
644 2318 811 2385 laboravit
828 2319 970 2384 fideliter
980 2327 1014 2383 et
1027 2320 1168 2399 laborat,
1187 2329 1277 2403 quat.
1294 2319 1355 2385 sibi
1371 2319 1413 2384 de
1430 2339 1502 2384 can.
1519 2325 1553 2383 et
1569 2320 1660 2403 preb.

300 2426 331 2491 S.
349 2425 442 2490 Pauli
459 2423 631 2503 Leodien.,
644 2444 718 2488 vac.
738 2423 771 2487 in
791 2444 858 2488 cur.
874 2443 934 2509 per
944 2426 998 2488 ob.
1023 2423 1113 2488 dom.
1130 2422 1297 2501 Jobannis
1321 2422 1363 2487 de
1381 2419 1560 2487 Maclinia¹
1585 2441 1659 2486 can.

298 2533 402 2616 preb,
419 2528 587 2613 quondam
604 2528 692 2593 sedis
706 2535 814 2613 apost.
831 2548 914 2612 cap,
932 2527 987 2611 qui
1013 2527 1045 2592 in
1071 2527 1219 2612 partibus
1244 2527 1404 2592 Leodien.
1429 2525 1518 2592 diem
1543 2525 1660 2591 clausit

300 2641 497 2712 extremum,
514 2631 697 2716 dignemini
713 2630 899 2717 providere.
916 2672 959 2679 —
976 2630 1050 2695 Fiat
1069 2630 1107 2696 R.

344 2737 424 2803 Dat.
441 2736 539 2802 Avin.
555 2759 574 2819 4
590 2757 667 2802 non.
681 2736 765 2822 junii
781 2743 815 2801 a⁰
832 2743 870 2801 2⁰.
888 2736 938 2819 (5,
956 2756 973 2799 2
978 2734 1024 2819 3).

351 2876 1481 2969 385-1343,
1499 2906 1517 2949 2
1527 2882 1614 2965 juin.

344 2994 445 3079 Supp.
461 2993 630 3059 Amoldus
644 2993 687 3058 de
704 2992 895 3073 Benneren,
911 2992 953 3058 de
970 2991 1001 3055 S.
1017 2990 1185 3070 Trudone,
1203 2991 1279 3055 cler.
1295 2989 1381 3055 dioc.
1399 2988 1569 3069 Leodien.,
1585 2990 1659 3051 bae.

300 3098 334 3162 in
359 3097 458 3176 decr,
475 3106 565 3181 quat.
590 3098 651 3163 sibi
677 3097 719 3162 de
744 3117 817 3161 can.
842 3097 925 3161 eccl.
950 3094 1138 3178 Trajecten.
1163 3115 1203 3160 ac
1227 3097 1318 3179 preb.
1339 3093 1426 3181 [vac.
1446 3093 1506 3173 ¹vel
1532 3090 1657 3176 vacat]

300 3201 482 3286 dignemini
499 3201 685 3288 providere,
701 3221 770 3266 non
787 3202 873 3265 obst.
890 3198 980 3283 quod
996 3220 1069 3265 can.
1087 3207 1121 3263 et
1143 3201 1235 3284 preb.
1251 3198 1286 3262 in
1312 3199 1394 3263 eccl.
1411 3197 1442 3262 S.
1460 3196 1550 3261 Petri
1576 3194 1661 3260 Leo-

300 3305 388 3370 dien.
403 3306 553 3371 noscitur
568 3305 730 3370 obtinere.
746 3344 789 3354 -
806 3302 881 3368 Fiat
898 3303 938 3368 R.

345 3405 426 3472 Dat.
441 3409 543 3473 Avin.
560 3431 579 3493 4
594 3430 676 3474 non.
689 3407 772 3494 junii
789 3415 824 3473 a⁰
841 3415 883 3473 2⁰.
901 3410 950 3491 (5,
969 3408 1052 3491 3ol').

351 3544 468 3631 386
1393 3575 1411 3619 1
1414 3574 1454 3637 34
1455 3574 1488 3637 3,
1501 3576 1520 3637 4
1531 3549 1617 3633 juin.

345 3664 446 3751 Supp.
457 3672 569 3729 vester
579 3684 652 3749 cap.
668 3662 854 3748 adulphus,
870 3661 972 3747 episc.
989 3660 1160 3741 Leodien.,
1172 3668 1263 3745 quat.
1278 3658 1410 3745 [nepoti
1421 3678 1481 3722 suo
1492 3654 1662 3739 Adulplm,

300 3769 399 3856 nato]
417 3776 496 3836 nob.
512 3768 573 3833 viri
597 3767 745 3853 Adulphi
761 3766 894 3832 comitis
918 3766 960 3831 de
986 3764 1107 3829 Morka
1119 3775 1138 3846 ²,
1155 3765 1197 3830 de
1223 3784 1296 3829 can.
1323 3763 1404 3827 eccl.
1421 3758 1596 3825 Colonien.
1621 3777 1662 3821 ac

287 3877 392 3960 preb.
420 3873 511 3959 [vac.
539 3873 592 3936 vel
618 3868 746 3955 vacat]
776 3869 959 3954 dignemini
978 3868 1164 3954 providere,
1185 3888 1254 3932 non
1271 3870 1357 3931 obst.
1374 3862 1464 3949 quod
1488 3880 1595 3947 nuper
1619 3860 1663 3925 de

301 3999 376 4044 can.
393 3980 474 4043 eccl.
492 3974 651 4041 Leodien.
667 3978 728 4039 sub
743 3995 819 4060 exp.
835 3976 928 4060 preb.
944 3972 984 4038 V.
1001 3973 1032 4038 S.
1048 3972 1231 4058 providerit
1246 3971 1366 4036 eidem.
1387 4007 1419 4017 -
1441 3966 1518 4032 Fiat
1536 3965 1575 4030 R.

345 4082 425 4148 Dat.
443 4082 542 4145 Avin.
560 4102 577 4145 2
594 4100 674 4144 non.
687 4079 770 4165 junii
788 4087 822 4143 a⁰
838 4087 880 4142 2¹¹.
898 4081 947 4162 (5,
962 4079 1045 4161 34⁸),

352 4219 466 4305 387.
901 4265 906 4272 ·
1392 4240 1453 4303 134
1456 4238 1487 4302 3,
1504 4238 1523 4303 9
1534 4216 1620 4299 juin.

346 4339 436 4422 Sign.
453 4338 483 4402 S.
502 4336 541 4402 V.
557 4336 705 4402 decanus
721 4343 755 4400 et
778 4354 852 4418 cap.
869 4333 951 4397 eccl.
968 4329 1006 4396 B.
1025 4330 1073 4395 M.
1089 4328 1265 4414 Aquensis,
1282 4324 1443 4421 Leodien.
1459 4323 1557 4402 dioc,
1574 4318 1665 4405 quod

303 4444 383 4508 olim
400 4441 489 4507 dom.
506 4441 691 4525 Adulphus,
712 4438 813 4525 episc.
839 4435 1011 4517 Leodien.,
1038 4434 1080 4500 de
1105 4452 1270 4500 consensu
1293 4438 1327 4495 et
1352 4434 1501 4494 tractatu
1526 4423 1664 4510 capituli

303 4546 363 4627 sui,
379 4547 532 4632 parroch.
549 4546 630 4610 eccl.
647 4544 688 4609 de
706 4542 970 4622 Erclens³,dicte
986 4541 1083 4621 dioc,
1099 4540 1141 4605 de
1151 4544 1334 4625 patronatu
1344 4531 1503 4619 prepositi
1516 4528 1664 4614 ejusdem

303 4651 384 4715 eccl.
401 4659 591 4730 exeuntem,
603 4669 665 4734 pro
675 4656 858 4733 augmento
874 4648 1118 4714 cotidianamm
1133 4641 1404 4711 distributionum
1419 4634 1663 4724 prebendarum

339 4836 361 4881 1.
374 4834 473 4888 Rimul,
488 4831 563 4892 Ir'oll.,
576 4833 631 4880 269.
644 4859 675 4865 —
685 4832 707 4878 2.
719 4830 751 4878 de
763 4830 858 4881 Tbeux.
872 4832 906 4890 1Ι,
918 4834 991 4879 87-88
1003 4846 1008 4888 ;
1020 4830 1051 4879 do
1064 4830 1187 4886 (thestrct,
1201 4826 1282 4874 34-37.
1292 4854 1322 4858 —
1333 4825 1355 4871 3.
1366 4822 1404 4869 Gt.
1415 4816 1563 4875 stenetland,
1573 4814 1666 4862 erer'u.

310 4906 499 4967 111-1.,ῃ.1;111,
513 4907 549 4955 La
567 4906 644 4954 lettre
661 4905 693 4952 110
712 4902 825 4965 l'cquue
842 4912 878 4955 est
892 4906 927 4953 du
946 4907 976 4953 30
995 4905 1056 4953 notit
1070 4904 1148 4961 1340;
1166 4901 1214 4949 elle
1230 4904 1269 4949 est
1280 4897 1427 4961 rcproduitc
1437 4893 1501 4941 dans
1514 4890 1537 4938 la
1549 4888 1619 4936 bullo
1630 4887 1666 4935 du

304 4994 371 5044 pape
383 4978 458 5042 (slep.
472 4980 546 5027 Aria.
559 4981 597 5038 74,
610 4979 640 5028 tf.
653 4978 804 5039 strar-3950.
