3650 5675
294 557 357 622 258
848 553 999 628 1341122
1019 553 1096 634 juin.

294 705 322 770 si
349 726 464 771 curam
489 706 675 770 animarum
698 705 847 783 haberet,
872 703 1025 768 obtinere
1048 710 1172 788 posset,
1189 703 1300 767 extitit
1324 702 1563 788 dispensatum,
1580 715 1656 791 post

295 831 394 895 quarn
410 809 707 895 dispensationem,
724 829 797 874 can.
814 815 850 872 et
865 809 957 892 preb.
974 807 1056 872 eccl.
1070 807 1100 870 S.
1114 805 1229 871 Crucis
1243 804 1402 870 Leodien.
1413 814 1464 871 est
1476 817 1655 889 assecutus,

257 951 261 957 ·
295 921 329 979 et
353 915 386 978 in
414 913 635 998 presbiterum
657 920 833 998 promotus
847 935 856 992 ;
875 919 922 991 ut,
939 920 1049 996 preter
1065 931 1139 976 can.
1156 918 1190 975 et
1206 913 1298 996 preb.
1315 909 1493 994 predictos,
1510 911 1573 976 tria
1591 913 1656 979 alia

294 1015 856 1098 60110001,0110100101101100111111
872 1035 951 1080 cura
969 1014 1142 1079 immineat
1157 1013 1353 1094 animarum,
1370 1021 1405 1077 et
1421 1033 1496 1079 can.
1513 1023 1546 1079 et
1561 1019 1653 1100 preb.

294 1123 327 1184 in
340 1122 423 1187 eccl.
434 1121 556 1186 fuerint
567 1121 761 1202 cathedrali,
772 1121 798 1184 si
809 1120 868 1185 sibi
880 1119 963 1184 alias
973 1119 1136 1184 canonice
1147 1117 1371 1198 conserantur,
1383 1118 1486 1182 libere
1496 1119 1653 1214 recipere,

294 1233 328 1290 et
351 1246 420 1291 una
444 1246 520 1291 curn
544 1246 619 1290 can.
642 1233 677 1289 et
692 1226 783 1309 preb.
804 1223 972 1310 predictis,
988 1222 1079 1287 licite
1094 1223 1246 1300 retinere,
1263 1241 1303 1286 00
1318 1220 1490 1305 quodlibet
1506 1223 1651 1307 ipsorum

293 1330 542 1409 beneficiorum,
565 1329 693 1394 totiens
705 1327 859 1412 quotiens
868 1326 930 1390 sibi
946 1325 1120 1410 placuerit,
1136 1331 1327 1411 permutare
1343 1325 1465 1404 valeat,
1481 1324 1574 1390 dicto
1589 1325 1654 1392 dei.

294 1441 329 1496 et
351 1433 615 1517 quibuscumque
639 1429 934 1497 constitutionibus
956 1440 1074 1516 apost,
1097 1449 1137 1494 ac
1158 1428 1293 1493 statutis
1309 1436 1344 1492 et
1360 1428 1655 1495 consuetudinibus

294 1535 518 1616 ecclesiarum,
550 1534 583 1598 in
615 1535 733 1618 quibus
762 1532 874 1598 forsan
906 1532 1095 1617 hujusmodi
1125 1529 1288 1597 beneficia
1319 1530 1450 1610 fuerint,
1482 1533 1655 1598 contrariis

293 1657 506 1721 nequaquam
523 1640 619 1717 obst,
635 1636 818 1721 dignemini
835 1636 1037 1720 dispensare,
1054 1635 1272 1700 lrabilitantes
1289 1635 1396 1720 ipsum
1412 1638 1455 1700 ad
1466 1636 1653 1722 hujusmodi

293 1741 456 1807 beneficia
472 1740 668 1821 obtinenda,
685 1740 766 1806 acsi
784 1749 871 1805 esset
886 1739 929 1804 de
945 1739 1096 1824 legitimo
1112 1738 1327 1804 matrimonio
1349 1739 1481 1824 genitus
1496 1763 1503 1820 ;
1521 1761 1652 1806 necnon

292 1845 335 1910 de
350 1845 492 1911 uberiori
509 1844 600 1910 dono
615 1845 721 1929 gratie
737 1843 964 1910 concedentes
980 1843 1088 1908 eidem
1106 1843 1196 1927 quod
1212 1844 1246 1907 in
1262 1843 1526 1928 quibuscumque
1541 1846 1653 1930 gratiis

291 1969 351 2033 per
373 1948 480 2035 ipsum
505 1949 559 2012 vel
579 1969 641 2034 pro
663 1948 736 2032 ipso
759 1948 976 2032 impetrandis
1002 1968 1070 2012 non
1094 1956 1249 2012 teneatur
1271 1946 1314 2012 de
1337 1946 1428 2013 dicto
1455 1948 1519 2013 def.
1544 1948 1652 2014 facere

290 2052 510 2117 mentionem.
527 2093 569 2100 —
586 2049 663 2115 Fiat
680 2049 720 2115 R.
738 2051 804 2134 (ll,
821 2056 903 2135 46⁹).

338 2195 437 2255 1015.
454 2187 542 2254 Item
553 2209 649 2273 supp.
660 2187 793 2253 Franco
804 2188 845 2253 de
859 2188 1056 2271 Gemblac0,
1068 2212 1140 2256 can.
1154 2191 1234 2255 eccl.
1246 2189 1278 2254 S.
1292 2189 1446 2274 Dyonisii
1457 2188 1615 2257 Leodien.
1632 2205 1651 2271 ¹,

210 2281 214 2292 ’
292 2299 396 2376 0001.,
413 2313 489 2357 cum
506 2291 637 2372 eodem,
654 2312 731 2357 cum
747 2312 813 2376 quo
829 2312 927 2378 super
942 2293 1006 2358 def.
1023 2303 1102 2374 nat,
1120 2315 1219 2378 quem
1235 2293 1362 2379 patitur
1378 2293 1420 2358 de
1437 2295 1547 2361 soluto
1561 2296 1651 2380 geni-

291 2402 344 2460 tus
359 2404 394 2460 et
409 2398 529 2475 soluta,
546 2395 646 2479 quod,
674 2396 796 2461 eodem
817 2416 885 2461 non
913 2400 1009 2477 obst,
1037 2397 1079 2462 ad
1102 2419 1219 2463 omnes
1246 2397 1379 2462 ordines
1405 2399 1594 2484 promoveri
1617 2412 1652 2463 et

290 2503 367 2566 ben.
394 2501 487 2580 0001.,
504 2500 606 2564 0110111
634 2500 659 2564 01
688 2521 802 2566 curam
829 2499 1016 2564 animarum
1041 2500 1190 2582 haberet,
1216 2501 1367 2566 obtinere
1394 2511 1516 2586 posset,
1540 2502 1651 2568 extitit

222 2657 226 2664 .
292 2604 532 2690 dispensatum,
548 2613 742 2689 postquam
758 2604 1044 2689 dispensationem
1061 2625 1135 2670 can.
1157 2614 1192 2670 et
1214 2609 1306 2690 preb.
1328 2606 1410 2671 eccl.
1438 2607 1468 2671 S.
1496 2607 1650 2692 Dyonisii

293 2707 453 2774 Leodien.
469 2715 520 2773 est
536 2716 716 2789 assecutus,
733 2717 768 2773 et
783 2707 827 2773 ad
838 2707 1100 2774 subdiaconatus
1112 2709 1262 2774 ordinem
1280 2718 1461 2794 promotus,
1486 2718 1522 2774 111
1538 2718 1649 2795 preter

288 2819 400 2878 canet
415 2814 506 2899 preb.
526 2812 695 2897 predictos
713 2812 776 2878 tria
792 2812 857 2877 alia
866 2815 942 2877 ben.
953 2813 1035 2878 eccl.
1049 2811 1102 2898 [ut
1120 2833 1218 2899 supra
1229 2813 1261 2877 in
1272 2813 1462 2899 precedenti
1481 2813 1645 2899 supplica-

286 2917 408 3002 tione].
430 2955 462 2965 -
484 2916 560 2981 Fiat
577 2916 617 2982 R.

330 3020 411 3086 Dat.
427 3041 481 3105 ap.
499 3020 749 3087 Villamnovam
770 3042 807 3086 10
822 3021 889 3087 kal.
902 3022 973 3106 julii
992 3032 1025 3085 a⁰
1043 3030 1084 3105 5⁰.
1102 3024 1115 3095 (
1123 3030 1168 3103 ll,
1186 3024 1270 3107 461).

340 3156 478 3240 1016.
534 3238 536 3241 ,
752 3238 756 3243 ,
1179 3160 1182 3168 ’
1351 3172 1445 3253 1546,
1464 3193 1504 3235 22
1516 3169 1602 3251 juin.

333 3276 421 3359 Sigu.
438 3277 543 3340 abbas
558 3290 569 3315 ²
585 3281 620 3338 et
644 3282 831 3339 conventus
846 3274 1040 3337 monasterii
1058 3274 1088 3338 S.
1105 3272 1250 3338 Amamli
1276 3274 1308 3336 in
1335 3272 1471 3354 Pabula,
1489 3274 1530 3339 Ο.
1548 3274 1579 3339 S.
1595 3272 1644 3353 B,

287 3377 472 3443 Tomacen.
487 3378 584 3457 dioc,
601 3376 717 3442 afflicti
727 3377 956 3463 multipliciter
968 3385 1003 3440 et
1012 3376 1230 3462 depauperati
1249 3377 1409 3457 totaliter,
1420 3378 1511 3461 quod
1527 3398 1644 3443 mona-

286 3481 424 3546 sterium
440 3482 558 3566 ipsum,
575 3490 711 3566 propter
725 3501 860 3564 guerras
875 3480 1076 3559 durissimas,
1094 3502 1158 3564 que
1174 3482 1260 3545 inter
1282 3480 1437 3546 dominos
1454 3480 1595 3547 Francic
1610 3490 1645 3546 et

288 3586 409 3670 Anglie
424 3604 519 3669 reges
535 3586 567 3649 in
583 3585 647 3649 illis
662 3585 820 3670 partibus,
837 3584 1013 3669 presertim
1030 3585 1117 3649 01100
1140 3584 1266 3649 dictum
1290 3587 1541 3665 monasterium,
1557 3594 1645 3652 atro-

283 3690 370 3754 citer
384 3690 571 3773 rn'guemnt,
588 3698 639 3753 001
661 3688 849 3753 desolatum
875 3687 1025 3753 totaliter
1052 3698 1086 3751 et
1110 3687 1337 3767 destructum,
1365 3686 1481 3770 viginti
1509 3686 1587 3749 ville
1610 3696 1645 3750 et

286 3792 423 3877 triginta
438 3791 503 3857 due
519 3800 629 3857 curtes
645 3800 680 3855 et
695 3790 815 3855 domus
830 3811 888 3855 seu
903 3790 1039 3874 grangie
1056 3790 1157 3875 ipsius
1172 3790 1375 3871 monasterii,
1391 3810 1433 3853 ex
1449 3789 1567 3873 quibus
1583 3789 1644 3875 ipsi

288 3904 437 3960 oratores
452 3896 553 3960 vestri
570 3896 603 3959 in
619 3895 712 3960 victu
727 3903 762 3958 et
777 3894 901 3958 vestitu
918 3896 1200 3973 sustentabantur,
1216 3915 1348 3959 necnon
1365 3902 1451 3958 terre
1467 3902 1501 3956 et
1516 3911 1645 3978 posses-

287 4000 398 4064 siones
424 4000 581 4084 ipsorum,
607 4006 743 4084 propter
767 3998 932 4062 exercitus
958 3996 1123 4062 dictorum
1149 4018 1274 4081 regum,
1299 3996 1450 4061 totaliter
1473 4003 1550 4061 sunt
1565 4015 1644 4061 con-

286 4111 419 4188 sumpte
435 4126 443 4181 ;
460 4103 570 4183 blado,
587 4102 785 4167 animalibus
798 4110 832 4166 et
842 4101 914 4165 aliis
924 4104 1021 4165 rebus
1032 4101 1220 4183 mobilibus,
1235 4101 1267 4164 in
1278 4100 1403 4165 eisdem
1413 4100 1642 4175 existentibus,

283 4208 315 4270 in
333 4207 470 4292 predam
485 4207 602 4291 positis
618 4216 653 4271 et
668 4206 848 4271 011111101ἰοιι
863 4229 872 4285 ;
890 4206 937 4270 ita
950 4204 1039 4289 quod
1051 4206 1291 4270 monasterium
1301 4205 1408 4291 ipsum
1425 4212 1475 4268 est
1491 4203 1642 4268 totaliter

284 4311 374 4375 casui
390 4318 424 4374 et
440 4310 533 4374 ruine
549 4294 751 4394 irreparabili
767 4309 969 4394 expositum,
980 4308 1041 4373 nisi
1052 4330 1111 4393 per
1124 4309 1271 4373 savorem
1282 4308 1368 4373 sedis
1384 4317 1492 4391 apost.
1509 4326 1640 4372 succur-

283 4422 374 4479 ratur
397 4420 432 4478 et
459 4414 561 4478 etiam
588 4414 788 4479 sublevetur.
816 4413 929 4496 Quare
956 4414 1062 4497 suppl.
1091 4421 1193 4496 quat,
1220 4420 1257 4477 ut
1284 4411 1472 4495 aliqualiter
1503 4412 1640 4475 valeant

281 4519 440 4604 respirare
456 4537 497 4583 ac
512 4517 660 4581 fidelium
676 4525 807 4581 mentes
834 4516 877 4581 ad
902 4515 1172 4601 compassionem
1194 4534 1271 4599 erga
1296 4534 1353 4578 eos
1380 4512 1496 4579 10111110
1520 4532 1638 4578 000011-

313 4708 342 4764 0)
358 4705 415 4755 (bd.
425 4706 549 4753 Abdittis.

311 4925 333 4972 1.
346 4922 403 4972 cire
414 4922 438 4971 lc
451 4926 480 4969 15
491 4929 541 4970 oct.
554 4923 617 4969 1317
629 4920 728 4984 (GRH,
741 4922 766 4967 3ε
778 4920 847 4978 serie,
861 4920 933 4978 XIV,
947 4920 1007 4981 120)
1019 4926 1043 4968 01
1052 4919 1075 4967 10
1087 4919 1221 4967 2311111101
1233 4920 1293 4966 1352
1306 4930 1405 4967 commo
1414 4915 1488 4964 cban.
1497 4914 1529 4962 110
1539 4912 1562 4963 S.
1573 4910 1637 4960 Paul

279 4998 348 5047 etde
361 4998 384 5047 S.
398 4996 476 5045 Denis
488 4995 632 5057 (Bonosus,
647 4994 691 5056 lV,
706 4996 771 5055 170.)
783 5022 815 5032 -
826 4996 849 5043 2.
861 4994 927 5043 Joen
940 4992 972 5042 de
983 4992 1122 5055 Vaseoigne
1135 4992 1221 5055 ((1011.
1234 4992 1329 5052 eru-iu,
1344 4990 1392 5049 III,
1406 4990 1474 5051 266).
