3650 5675
685 524 772 598 1344,
796 523 836 588 80
859 522 965 587 avril-2
987 521 1056 587 mai.
1506 528 1557 592 171

195 676 440 762 supplicatione
477 676 678 756 continetur,
709 682 744 739 et
782 674 982 741 obmiseritis
1011 673 1154 740 scribere
1183 685 1296 741 vestra
1325 697 1428 741 manu
1457 680 1558 743 bene-

195 778 312 845 dicta:
339 779 444 845 etiam
470 780 497 845 si
521 785 720 865 patronatus
745 779 892 845 existat:
911 786 1051 864 propter
1076 778 1167 862 quod
1191 780 1329 845 collatio
1355 781 1558 867 supplicanti

195 882 320 947 inutilis
334 890 519 968 reputatur,
535 889 673 969 propter
687 882 940 948 multitudinem
965 882 1219 967 impetrantium
1244 884 1361 949 datam
1378 885 1468 950 dicte
1483 906 1560 971 sup-

195 986 387 1071 plicationis
401 986 664 1072 precedentium,
680 994 716 1051 et
731 987 832 1051 etiam
850 986 929 1070 quia
944 985 979 1050 in
994 984 1085 1052 dicta
1109 986 1185 1052 coll.
1201 1007 1270 1052 non
1295 997 1346 1053 est
1372 988 1434 1053 nisi
1451 988 1558 1054 solum

195 1092 273 1155 ben.
289 1097 441 1156 curatum
450 1092 515 1155 val.
530 1111 570 1156 20
586 1090 643 1156 lib.
655 1090 884 1176 Tur.parV.,et
897 1089 1010 1173 aliqua
1025 1090 1092 1154 alia
1101 1090 1265 1157 beneficia
1280 1112 1305 1155 s.
1316 1112 1345 1156 0.
1357 1091 1400 1157 ad
1415 1090 1558 1157 formam

196 1213 412 1258 communem
425 1193 625 1279 pertinentia
640 1217 648 1274 ;
665 1194 801 1279 placeat
813 1192 924 1259 eidem
939 1191 1013 1258 VS.
1024 1193 1166 1258 scribere
1179 1195 1212 1258 in
1224 1195 1376 1279 predicta
1392 1195 1559 1281 supplica·

196 1296 290 1361 tione
310 1316 317 1361 :
341 1297 444 1362 etiam
460 1297 485 1362 si
502 1305 698 1383 patronatus
713 1296 848 1377 existat,
865 1317 943 1363 cum
959 1296 1049 1377 data,
1065 1304 1100 1362 et
1116 1298 1303 1364 clausulis...
1320 1298 1353 1363 in
1376 1298 1468 1365 dicta
1483 1320 1561 1386 sup-

197 1399 379 1484 plicatione
395 1402 575 1466 contentis.
590 1441 634 1450 —
650 1399 728 1466 Fiat
745 1399 784 1465 R.

242 1502 321 1568 Dat.
337 1504 437 1569 Avin.
453 1526 473 1589 4
489 1502 555 1569 kal.
571 1504 651 1569 maii
668 1511 701 1569 a⁰
718 1511 760 1569 2⁰.
777 1504 830 1589 (4,
845 1505 951 1589 333V).

249 1641 359 1724 723.
449 1732 451 1739 ,
1253 1677 1348 1741 1344,
1358 1677 1403 1740 30
1419 1659 1516 1722 avril.

241 1759 342 1845 Supp.
353 1758 559 1840 Guillelmus,
570 1760 765 1844 archiepisc.
776 1760 958 1841 Auxitanff,
971 1769 1062 1845 quat.
1078 1760 1228 1847 [Andree
1241 1760 1419 1845 Peregrini,
1430 1760 1555 1848 presb]

195 1863 284 1929 dioc.
303 1862 481 1944 Morinen,
505 1863 605 1947 quod,
623 1884 699 1929 cum
727 1864 797 1948 ipse
823 1864 987 1949 presbiter
1013 1865 1159 1930 existens
1173 1865 1208 1929 in
1226 1871 1280 1929 22⁰
1295 1872 1331 1929 et
1345 1864 1433 1929 ultra
1460 1865 1562 1931 etatis

196 1986 256 2031 sue
286 1988 384 2049 annu,
415 1968 499 2034 citra
522 1976 638 2032 tamen
664 1974 752 2051 23⁰¹¹³,
783 1988 843 2052 per
873 1968 1123 2053 simplicitatem
1154 1978 1189 2034 et
1211 1968 1292 2054 juris
1323 1968 1559 2052 ignorantiam,
1656 2033 1660 2042 ,

196 2071 361 2156 receperit
377 2072 459 2137 eccl.
487 2079 639 2137 curatam
659 2070 702 2137 de
725 2068 905 2153 Masseriis,
932 2072 1019 2139 dioc.
1046 2072 1206 2139 Auxitan.
1232 2094 1274 2137 ex
1300 2072 1377 2137 0011.
1394 2072 1560 2137 ordinaria

197 2175 347 2259 ejusdem
374 2175 602 2262 supplicantis,
619 2182 653 2241 et
669 2175 896 2261 postmodum,
914 2196 955 2241 ea
970 2175 1115 2256 dimissa,
1132 2177 1214 2242 eccl.
1230 2175 1383 2262 parroch.
1399 2174 1442 2241 de
1459 2173 1559 2241 Mon-

196 2278 315 2359 tealt0,
332 2278 479 2363 ejusdem
495 2277 590 2358 (1100,
604 2298 648 2351 ex
674 2280 750 2345 coll.
777 2279 908 2360 eadem,
925 2279 1112 2364 eodemque
1135 2288 1289 2366 tempore
1312 2299 1348 2345 se
1385 2278 1501 2344 fecerit
1517 2277 1561 2344 ad

196 2380 430 2464 sacerdotium,
446 2382 527 2447 alias
542 2390 657 2447 tamen
674 2383 847 2464 canonice,
864 2384 1066 2469 promoveri,
1082 2383 1276 2467 dictamque
1303 2383 1385 2447 eccl.
1401 2380 1444 2447 de
1462 2381 1561 2447 Mon-

196 2486 313 2567 tealto,
330 2494 364 2550 et
380 2507 480 2551 unam
499 2487 617 2571 capell.
633 2496 790 2552 vocatam
807 2487 838 2551 S.
852 2485 973 2564 Jacobi
989 2487 1023 2551 in
1040 2488 1122 2553 eccl.
1138 2487 1180 2552 de
1196 2485 1290 2567 vico,
1300 2485 1387 2552 dioc.
1401 2485 1561 2569 ejusdem,

195 2590 437 2674 permutaverit
452 2610 529 2655 cum
545 2591 627 2655 eccl.
643 2591 795 2675 parroch.
811 2589 854 2655 de
869 2590 993 2654 Zintini
1010 2592 1151 2675 capella,
1167 2588 1255 2655 dioc.
1284 2588 1464 2670 Morinen.,
1481 2590 1562 2653 alias

194 2701 310 2757 tamen
326 2693 514 2775 canonice;
539 2693 674 2759 easdem
689 2693 888 2759 collationes
914 2701 949 2758 et
973 2693 1259 2779 permutationem
1282 2700 1373 2757 ratas
1390 2699 1424 2755 et
1450 2701 1562 2777 gratas

195 2796 321 2862 habere
342 2796 522 2882 dignemini
549 2804 584 2862 et
607 2805 717 2884 apost.
728 2805 816 2862 auct.
842 2796 1051 2878 confirmare,
1068 2803 1113 2879 01,
1140 2795 1166 2861 01
1184 2814 1320 2861 necesse
1343 2794 1396 2877 sit,
1412 2794 1454 2860 de
1469 2814 1561 2861 novo

196 2901 357 2983 conferre,
374 2902 477 2966 etiam
493 2901 519 2967 si
535 2910 659 2967 vacent
675 2902 708 2966 in
726 2900 823 2967 Rom.
840 2921 907 2967 cur.
935 2903 988 2966 vel
1012 2902 1093 2967 alias
1120 2900 1415 2985 qualitercunque3
1433 2908 1561 2964 etcum

197 3004 317 3070 eodem
343 3005 528 3091 presbitero
543 3005 736 3090 dispensare
763 3012 800 3070 ut
824 3007 858 3070 in
883 3005 932 3071 sic
956 3005 1118 3090 susceptis
1143 3004 1312 3071 ordinibus
1331 3006 1442 3069 valeat
1466 3004 1562 3068 mini-

197 3117 301 3174 strare
317 3109 510 3192 dictamque
540 3109 716 3174 ecclesiam
732 3108 775 3173 de
796 3107 921 3173 Zintini
946 3108 1076 3195 capella
1100 3109 1192 3173 licite
1218 3108 1329 3174 valeat
1353 3109 1505 3188 retinere,
1521 3107 1564 3173 de

197 3211 340 3276 uberiori
356 3212 388 3276 S.
405 3209 445 3277 V.
460 3211 569 3297 gratia
586 3210 711 3277 fructus
726 3219 904 3297 perceptos
919 3211 1030 3276 eidem
1045 3211 1260 3277 remittendo.
1278 3247 1322 3255 —
1335 3209 1564 3276 Habilitamus

197 3322 233 3378 01
248 3313 290 3380 (10
305 3335 398 3380 novo
412 3313 638 3402 providemus,
656 3323 690 3380 et
705 3314 830 3380 fructus
844 3317 936 3380 bona
952 3314 1018 3379 fide
1033 3322 1212 3400 perceptos
1226 3315 1438 3380 remittimus
1456 3314 1497 3380 R.

241 3419 319 3484 Dat.
335 3419 436 3485 Avin.
454 3440 470 3483 2
487 3418 554 3484 kal.
569 3418 647 3484 maii
664 3426 697 3484 a⁰
714 3425 755 3483 2⁰.
773 3419 825 3503 (4,
843 3420 949 3503 324vi,

250 3556 362 3638 724.
1293 3587 1387 3651 1344,
1404 3590 1423 3632 a
1442 3570 1518 3633 moi.

243 3672 298 3737 Sme
313 3673 422 3738 Pater.
439 3671 525 3738 Cum
544 3671 713 3740 Henricus
740 3672 826 3758 Loy,
853 3676 973 3759 presb,
989 3692 1064 3757 cap.
1080 3672 1210 3758 capelle
1229 3692 1268 3737 ac
1284 3671 1388 3736 famil.
1404 3670 1563 3737 domesti-

199 3797 259 3842 cus
273 3785 309 3842 et
324 3797 507 3842 commens.
523 3775 709 3857 Gaucelmi,
726 3776 827 3863 episc.
850 3777 1028 3858 Albanen,
1053 3795 1128 3842 can.
1145 3781 1180 3838 et
1205 3776 1296 3860 preb.
1312 3775 1394 3838 eccl.
1410 3774 1565 3837 Antwer-

198 3879 333 3965 piensis,
350 3879 569 3946 Cameracen.
585 3878 683 3960 dioc,
699 3900 807 3966 nuper
823 3879 857 3946 in
881 3881 954 3966 ipsa
969 3881 1051 3946 eccl.
1067 3899 1142 3944 vac.
1157 3897 1217 3963 per
1232 3879 1285 3942 ob.
1301 3874 1470 3959 quondam
1487 3874 1565 3941 Bal-

198 3983 291 4048 duini
314 3983 357 4050 de
383 3983 593 4064 Watervliet,
624 3983 708 4048 alias
733 3982 814 4050 dicti
840 3983 1072 4068 BehagelaerS,
1098 3981 1213 4066 vigore
1244 3980 1430 4045 litterarum
1461 3978 1493 4044 S.
1524 3977 1564 4044 V.

198 4087 297 4152 suerit
312 4087 460 4173 legitime
476 4093 657 4168 assecutus
673 4087 829 4172 ipsosque
844 4089 1014 4174 possideat
1035 4085 1180 4174 pacifice
1195 4092 1230 4148 01
1245 4082 1368 4167 quiete,
1385 4088 1420 4146 et
1434 4080 1565 4147 dubitet

197 4211 242 4256 ne
258 4191 319 4277 ipsi
345 4211 419 4256 can.
446 4198 481 4257 et
504 4192 597 4276 preb.
625 4190 747 4258 fuerint
771 4191 941 4258 reservati.
965 4189 1095 4256 Idcirco
1125 4208 1221 4273 supp.
1237 4186 1327 4252 idem
1343 4185 1456 4271 episc,
1473 4193 1564 4269 quat.

198 4293 309 4360 eidem
326 4293 487 4376 Henrico,
504 4294 538 4359 in
555 4313 634 4360 casu
649 4295 682 4359 in
706 4315 773 4379 quo
798 4295 937 4361 forsitan
952 4294 1034 4360 dicti
1060 4300 1186 4358 canet
1211 4292 1314 4375 preb,
1331 4297 1368 4353 ut
1391 4287 1564 4373 prefertur,

200 4398 323 4464 suerint
337 4399 507 4480 reservati,
520 4419 594 4464 can.
610 4405 646 4463 et
660 4400 753 4484 preb.
768 4397 906 4464 eosdem
930 4397 972 4463 de
998 4416 1091 4462 novo
1106 4393 1256 4460 conferre
1270 4391 1452 4475 dignemini
1468 4414 1476 4471 ;
1493 4411 1562 4456 non

201 4505 287 4569 obst.
304 4502 395 4588 quod
408 4502 498 4569 idem
514 4501 683 4568 Henricus
705 4522 780 4567 can.
797 4510 832 4567 et
847 4504 940 4587 preb.
955 4502 1037 4567 eccl.
1054 4501 1086 4566 S.
1102 4496 1240 4564 Vedasti
1261 4495 1472 4560 Suessionen.
1488 4515 1563 4559 nos-

201 4608 288 4674 citur
303 4607 465 4674 obtinere.
487 4643 518 4654 -
540 4604 621 4671 Fiat
638 4605 678 4672 R.
1097 4629 1100 4633 ·

246 4708 325 4775 Dat.
341 4708 440 4774 Avin.
459 4713 476 4774 6
491 4729 572 4775 non.
587 4709 667 4773 maii
684 4715 717 4772 a⁰
734 4713 773 4772 2⁰.
791 4709 842 4793 (4,
861 4708 966 4792 325‘).

237 4950 258 4995 1.
271 4948 416 4996 (luilleume
426 4948 458 4996 (10
471 4949 624 4997 Flaracourt
636 4949 739 5012 (Eubel
753 4949 851 5011 l',123).
