3650 5675
692 531 781 607 1319,
803 530 881 595 11-13
903 532 1030 597 octobre
1477 536 1540 600 175

106 757 108 761 .
235 678 375 765 1825.
457 674 513 683 '¹
1186 718 1282 782 1349,
1300 718 1340 761 ιι
1357 701 1495 763 octobre.

223 800 346 885 Supp...
363 800 403 866 G.
432 798 575 885 Rogen'i,
600 799 747 865 decanus
772 798 940 884 Baiocen„
969 807 1061 884 quat.
1082 799 1250 887 [familiari
1281 822 1341 866 suo
1366 802 1539 887 Stephano

179 903 339 987 Bamerii‚
352 902 490 991 clerico]
508 902 759 969 Claromonten.
776 902 874 985 dioc.,
890 905 967 968 ben.
984 905 1066 968 eccl.
1093 902 1136 968 ad
1159 903 1375 968 collationem
1402 905 1538 990 capituli

180 1006 211 1071 S.
227 1005 317 1072 Petri
334 1006 524 1087 Insulensis,
540 1005 728 1073 Tomacen.
740 1004 838 1087 dioc.,
854 1026 1023 1072 reservare
1038 1006 1232 1091 dignemini.
1247 1047 1290 1056 —
1307 1006 1383 1073 Fiat
1398 1006 1441 1076 R

223 1112 302 1179 Dat.
317 1110 417 1177 Avin.
435 1130 452 1196 5
470 1111 513 1177 id.
530 1118 597 1179 oct.
614 1118 648 1176 a⁰
664 1113 707 1179 8⁰.
725 1112 796 1197 (18,
814 1111 898 1197 39').

233 1265 374 1349 1826.
1183 1299 1278 1364 1549,
1299 1300 1341 1363 13
1357 1282 1495 1345 octobre.

223 1385 346 1471 Supp...
363 1382 583 1469 Bternardus)
599 1382 641 1447 de
659 1380 816 1448 Nexonio
834 1392 854 1463 ¹,
878 1382 1017 1448 clericus
1033 1402 1165 1448 camere
1180 1391 1300 1463 vestre,
1317 1391 1409 1467 quat.
1426 1382 1540 1471 [sami-

178 1486 250 1551 liari
267 1508 327 1553 suo
342 1486 482 1571 Symoni
499 1485 669 1565 Kobillon,
686 1484 823 1571 clerico]
850 1484 1066 1551 Cameracen.
1081 1485 1158 1551 dioc
1161 1536 1212 1566 .....
1236 1486 1278 1552 de
1304 1486 1442 1572 paroch.
1458 1473 1540 1552 eccl}

179 1590 222 1656 de
238 1589 383 1670 Ononi0,
400 1589 615 1656 Cameracen.
642 1589 739 1671 dioc.,
765 1590 858 1673 cujus
884 1589 1040 1664 fructus...
1067 1609 1107 1674 50
1131 1590 1187 1655 lib.
1204 1589 1325 1655 Turon.
1352 1610 1446 1677 parV.
1471 1611 1539 1655 non

181 1693 358 1775 excedunt,
375 1714 447 1773 vac.
464 1693 507 1759 ad
521 1714 659 1780 presens
681 1714 741 1780 per
767 1701 911 1759 mortem
928 1692 1104 1759 Bertrandi
1119 1693 1161 1759 de
1178 1694 1434 1779 Chaulhagueto
1449 1715 1470 1775 ²,
1483 1694 1539 1778 qui

181 1806 275 1864 extra
291 1798 418 1879 curiam
435 1797 533 1871 Rom.
541 1799 631 1865 diem
643 1798 762 1864 clausit
775 1798 1156 1883 extremum,dignemini
1169 1798 1358 1885 providere;
1374 1818 1443 1863 non
1454 1800 1539 1863 obst.

180 1901 272 1988 quod
287 1903 458 1989 quandam
473 1903 636 1988 capellan.
652 1902 686 1967 in
703 1903 785 1969 eccl.
802 1903 834 1968 S.
861 1901 1020 1968 Rumoldi
1050 1900 1305 1984 Mascliniensis,
1323 1901 1539 1967 Cameracen.

181 2006 280 2087 dioc.,
296 2006 446 2072 noscitur
461 2006 623 2071 obtinere.
645 2044 676 2054 -
694 2005 771 2071 Fiat
787 2004 828 2071 R.

224 2106 304 2173 Dat.
320 2108 419 2174 Avin.
437 2128 454 2193 3
472 2108 515 2174 id.
532 2117 599 2175 oct.
616 2116 649 2175 a⁰
666 2112 708 2175 8⁰.
726 2110 797 2193 (18,
815 2110 883 2194 35).

233 2262 535 2348 1827-1830.
1007 2330 1012 2337 .
1117 2329 1122 2340 ,
1180 2300 1276 2363 1549,
1297 2299 1338 2362 13
1356 2279 1495 2344 octobre.

225 2379 386 2466 [Rotolus
411 2382 671 2446 bocolloriorom
696 2383 728 2445 in
752 2382 916 2467 theologia
938 2381 1120 2468 Portitor]

226 2482 435 2569 [Dignemini
451 2482 645 2569 providere]

222 2586 311 2653 Item
327 2587 478 2655 Roberto
503 2589 547 2653 de
575 2587 730 2673 Corbeya
746 2604 756 2639 ³
772 2589 814 2654 de
839 2592 914 2654 ben.
932 2591 1014 2654 eccl.
1039 2588 1082 2654 ad
1108 2590 1324 2655 collationem
1340 2589 1488 2675 episcopi
1505 2597 1540 2653 et

178 2691 318 2757 ecclesie
334 2691 506 2771 Parisien.,
523 2713 591 2757 non
616 2694 700 2757 obst.
714 2692 803 2776 quod
820 2691 853 2756 in
870 2692 901 2757 S.
920 2690 1051 2757 Mathei
1064 2691 1292 2758 Foilliacensis
1307 2713 1381 2758 can.
1397 2699 1432 2758 et
1447 2696 1539 2778 preb.

177 2805 212 2861 et
224 2794 257 2860 in
274 2794 305 2861 S.
322 2794 505 2862 Donatiani
521 2796 563 2863 de
582 2794 700 2881 Brugis
715 2794 875 2876 ecclesiis,
887 2795 1088 2862 Ambianen.
1099 2804 1134 2861 et
1146 2794 1334 2862 Tomacen.
1351 2795 1447 2876 dioc.,
1465 2815 1539 2862 can.

178 2899 310 2965 obtinet
326 2902 385 2965 sub
402 2921 477 2986 exp.
493 2903 585 2986 preb.
602 2907 637 2964 et
653 2900 743 2984 quod
770 2899 940 2984 quandam
964 2899 1106 2984 gratiam
1132 2920 1192 2986 per
1206 2898 1332 2966 dictam
1348 2901 1390 2980 S„
1406 2899 1464 2964 diu
1479 2907 1539 2980 est,

177 3002 238 3068 sibi
254 3023 451 3068 concessam
474 3013 512 3069 ut
534 3003 666 3084 dicitur,
681 3003 866 3089 exprimere
891 3004 1002 3068 valeat
1027 3002 1059 3067 in
1075 3011 1187 3068 vestra
1212 3003 1487 3070 vicecancellaria
1502 3011 1540 3068 ut

177 3116 370 3192 apponatur
383 3108 417 3173 in
434 3128 533 3194 super
547 3107 694 3194 presenti
706 3107 811 3191 gratia
826 3105 1045 3173 conficienda.
1061 3148 1105 3157 -
1128 3105 1204 3172 Fiat
1220 3106 1261 3172 R.
1278 3109 1350 3190 (18,
1365 3109 1451 3192 43').
1482 3103 1485 3108 ’

224 3269 327 3330 1828.
352 3262 440 3328 ltem
456 3261 602 3341 Johanni
628 3263 721 3329 dicto
747 3261 917 3347 Caligator
943 3261 985 3328 de
1009 3261 1202 3349 Lovanyo⁴
1225 3263 1377 3328 similiter
1390 3259 1435 3328 ad
1450 3256 1537 3345 collss,

177 3375 252 3447 etc,
280 3366 398 3433 decani
421 3376 456 3433 et
480 3366 617 3453 capituli
645 3365 682 3432 B.
706 3364 755 3431 M.
779 3366 1056 3452 Antwerpiensis,
1078 3365 1293 3433 Cameracen.
1320 3366 1407 3432 dioc.
1431 3390 1440 3446 ;
1468 3386 1536 3431 non

177 3473 262 3536 obst.
279 3471 369 3554 quod
385 3472 548 3556 capellan.
565 3471 635 3536 sive
661 3472 766 3536 altare
786 3469 894 3536 Marie
918 3471 952 3535 in
978 3473 1059 3538 eccl.
1086 3472 1129 3536 de
1153 3470 1254 3551 Aska,
1279 3471 1368 3537 dicte
1392 3470 1478 3536 dioc.
1503 3478 1538 3535 et

178 3595 251 3640 can.
264 3575 347 3640 eccl.
363 3574 394 3638 S.
413 3573 506 3639 Pauli
531 3573 690 3640 Leodien.
707 3575 861 3640 obtineat
877 3578 937 3640 sub
954 3596 1029 3660 exp.
1045 3579 1147 3661 preb„
1174 3597 1231 3640 seu
1255 3576 1345 3660 quod
1369 3577 1446 3639 ben.
1464 3593 1492 3639 c.
1509 3595 1537 3638 c.

177 3679 232 3743 vel
248 3699 273 3744 s
290 3699 319 3743 c.
335 3678 377 3744 ad
390 3679 466 3744 coll.
478 3679 638 3764 prepositi
650 3679 789 3744 ecclesie
804 3677 965 3744 Leodien.
981 3680 1184 3745 auctoritate
1200 3688 1312 3743 vestra
1328 3685 1535 3764 expectet.—

179 3780 257 3847 Fiat
273 3780 314 3847 R.
939 3778 943 3785 ’
1046 3777 1051 3786 ’

225 3943 327 4004 1829.
352 3934 440 4000 Item
469 3935 606 4020 Hngoni
632 3935 674 4002 de
700 3936 802 4002 Duno
817 3947 838 4017 ⁵,
856 3936 1007 4002 similiter
1033 3935 1075 4002 ad
1102 3935 1178 4001 coll.
1207 3933 1481 4020 archiepiscopi...
1505 3941 1540 3999 et

178 4041 319 4107 ecclesie
332 4033 473 4105 Remen.
489 4063 498 4120 ;
516 4060 584 4105 non
602 4042 687 4106 obst.
704 4041 794 4124 quod
821 4061 893 4106 can.
910 4049 945 4105 et
961 4042 1052 4125 preb.
1069 4033 1150 4105 eccl.
1175 4038 1206 4104 S.
1223 4037 1312 4103 Petri
1329 4037 1371 4102 de
1387 4036 1538 4122 Braquis,

176 4143 267 4210 dicte
283 4142 383 4224 dioc.,
400 4151 435 4208 et
449 4137 588 4228 paro'ch.
605 4143 687 4208 eccl.
704 4143 745 4208 de
765 4142 972 4224 Broukerka,
993 4136 1159 4209 Morinen.
1175 4141 1273 4220 dioc.,
1289 4142 1438 4206 noscitur
1453 4141 1539 4206 obti-

179 4241 500 4314 nere.-FiatR.'
976 4237 982 4246 ’
1033 4239 1036 4244 ’

223 4409 328 4470 1830.
360 4401 447 4468 Item
478 4402 668 4470 Christiano
699 4401 793 4488 Guys
821 4402 863 4467 de
895 4402 926 4468 S.
952 4402 1174 4468 Audomaro⁶
1199 4401 1351 4468 similiter
1374 4401 1418 4467 ad
1442 4395 1539 4467 coll...

179 4506 311 4572 abbatis
326 4514 361 4571 et
377 4515 565 4573 conventus
581 4507 774 4573 monasterii
792 4505 829 4572 B.
848 4505 898 4572 M.
924 4506 967 4572 de
990 4505 1102 4572 Becco
1119 4505 1281 4592 Heluyni,
1295 4503 1339 4572 Ο.
1355 4507 1388 4571 S.
1404 4505 1453 4587 Β.,
1471 4505 1539 4572 Ro·

177 4608 374 4694 thomagen.
390 4609 477 4676 dioc.
491 4634 499 4691 ;
516 4631 586 4676 non
603 4614 688 4677 obst.
705 4609 795 4695 quod
811 4611 977 4697 capellan.
993 4609 1160 4696 quandam
1181 4610 1215 4676 in
1242 4611 1327 4677 eccl.
1351 4611 1382 4676 S.
1400 4609 1538 4675 Martini

211 4824 233 4872 l.
245 4823 307 4871 Voir
319 4838 344 4874 n.
356 4825 393 4884 la,
407 4825 445 4882 19,
459 4825 614 4884 ula-1356.
627 4851 658 4864 -
670 4827 692 4875 2.
704 4825 766 4873 Voir
778 4839 802 4873 n.
816 4825 885 4872 1530.
897 4851 929 4858 —
942 4824 964 4872 3.
975 4823 1039 4871 Voir
1050 4837 1075 4871 n.
1088 4825 1150 4871 1031
1163 4823 1288 4883 menore„
1298 4821 1422 4880 caenon,
1434 4822 1470 4882 11,
1481 4824 1537 4877 651,

176 4898 232 4943 656.
244 4925 275 4935 -
288 4897 311 4948 1.
324 4897 386 4945 Voir
402 4913 428 4946 n.
446 4899 499 4954 519,
513 4899 576 4946 1697
589 4914 598 4957 ⁴,
617 4899 721 4956 Denifle,
736 4898 774 4958 11,,
788 4900 842 4958 ool,
856 4901 910 4947 665.
922 4925 954 4934 —
966 4901 988 4946 6.
1004 4898 1108 4958 Denille‚
1122 4897 1245 4960 (leottulq
1257 4898 1292 4958 11,
1304 4899 1358 4956 651,
1372 4900 1425 4956 l'n'n'),
1439 4899 1494 4944 662.
1506 4923 1538 4933 -·

173 4969 261 5028 .o.1o.,
274 4972 329 5030 sor,
342 4973 388 5020 ooo
399 4987 406 5032 ς
418 4973 474 5020 von
485 4984 511 5020 n.
526 4973 595 5022 1829.
