3650 5675
321 470 384 543 226
828 480 918 556 1345,
939 478 990 545 oe
1011 481 1186 561 septembre.

321 626 448 705 mente,
480 624 734 694 continuatione
762 626 958 715 apostolica,
984 627 1039 692 vel
1066 629 1181 715 quavis
1207 628 1272 694 alia
1298 628 1455 693 finnitate
1481 629 1615 695 vallatis
1643 650 1684 697 ac

321 723 441 794 ceteris
457 746 525 795 non
542 732 628 797 obst.
638 772 682 781 —
698 728 774 797 Fiat
789 752 850 818 pro
866 731 945 817 ipsis
959 731 1073 797 trihus.
1091 732 1131 799 R.

366 832 444 899 Dat.
460 830 560 900 Avin.
577 836 595 899 8
612 833 657 901 id.
674 845 758 922 sept.
775 840 808 901 a⁰
823 844 868 921 4⁰.
884 842 934 919 (9,
955 838 1042 922 170).

371 984 485 1071 907·
1299 1024 1360 1088 134
1363 1023 1394 1086 5,
1411 1006 1431 1068 ό
1447 1006 1635 1091 septembre.

364 1104 466 1191 Supp.
484 1100 688 1191 N(icolaus),
706 1107 737 1173 S.
755 1104 804 1172 M.
820 1106 853 1172 in
870 1104 934 1173 Via
949 1110 1019 1175 lata
1043 1107 1130 1175 diac.
1157 1107 1257 1189 card,
1284 1115 1376 1191 quat.
1404 1106 1493 1194 [cap.
1518 1116 1554 1174 et
1576 1108 1681 1174 famil.

320 1229 381 1277 suo
396 1206 417 1287 J
420 1208 545 1277 ohanni
561 1209 604 1276 de
620 1210 766 1278 Bossaco
780 1222 798 1293 ¹,
815 1210 940 1299 presb]
970 1210 1138 1278 Tutellen.
1154 1210 1252 1291 dioc,
1268 1208 1311 1275 de
1337 1230 1410 1275 can.
1426 1218 1461 1276 et
1487 1214 1579 1297 preb.
1598 1212 1682 1278 eccl.

321 1312 352 1378 S.
370 1310 524 1398 Dyonisii
550 1313 720 1397 Leodien,
747 1335 819 1381 vac.
846 1334 906 1403 per
932 1324 1076 1382 mortem
1102 1314 1267 1393 Johannis
1282 1313 1324 1379 de
1340 1312 1446 1379 Cressi
1462 1324 1483 1395 ³,
1499 1312 1681 1399 dignemini

321 1417 517 1502 providere;
534 1438 603 1486 non
620 1422 704 1485 obst.
733 1418 823 1505 quod
847 1416 998 1506 parroch.
1015 1420 1097 1486 eccl.
1114 1418 1156 1483 de
1179 1418 1377 1499 DarassacO,
1402 1414 1569 1483 Tutellen.
1584 1417 1682 1499 dioc,

322 1538 363 1587 ac
390 1541 464 1587 can.
481 1528 516 1586 et
530 1526 622 1608 preb.
640 1524 721 1589 eccl.
738 1521 907 1589 Turonen.
927 1526 987 1589 sub
1002 1540 1079 1610 exp.
1096 1522 1244 1588 noscitur
1260 1523 1421 1588 obtinere.
1438 1521 1569 1587 —Fiat
1581 1522 1621 1588 R.

367 1624 447 1693 Dat.
463 1620 561 1694 Avin.
579 1630 597 1693 8
615 1628 658 1694 id.
675 1637 759 1717 sept.
776 1638 808 1695 a⁰
824 1638 866 1714 4⁰.
885 1628 933 1713 (9,
955 1631 1042 1712 169).

374 1780 490 1865 908.
1300 1814 1363 1878 134
1365 1812 1396 1875 5,
1413 1813 1433 1878 9
1449 1794 1636 1880 septembre.

364 1894 455 1984 Sign.
472 1898 618 1981 Electus
646 1899 869 1967 vicedecanus
896 1910 932 1966 et
955 1900 1137 1987 capitulum
1165 1898 1337 1979 Leodien.,
1364 1897 1464 1982 quod,
1480 1899 1566 1963 sicut
1580 1918 1681 1984 expe-

320 2002 441 2069 rientia
457 2002 582 2085 docuit,
599 2024 676 2069 cum
689 2005 748 2091 ipsi
770 2025 831 2090 pro
856 2004 1111 2071 conservatione
1123 2002 1256 2089 jurium,
1283 2002 1487 2083 libertatum,
1502 2001 1679 2081 fructuum,

320 2098 510 2174 reddituum
525 2118 814 2193 proventuumque
830 2128 887 2173 sue
903 2108 1043 2173 ecclesie
1062 2115 1098 2173 et
1113 2108 1259 2193 ipsorum
1271 2115 1372 2190 atque
1387 2105 1491 2171 totius
1507 2105 1584 2170 cleri
1601 2106 1680 2170 civi·

321 2208 402 2277 tatis
418 2220 453 2279 et
468 2211 555 2279 dioc.
572 2204 744 2294 Leodien,
757 2233 799 2277 ex
815 2213 914 2279 certis
925 2213 1022 2294 veris,
1035 2213 1132 2298 justis
1156 2220 1191 2277 et
1206 2210 1363 2295 legitimis
1379 2210 1497 2289 causis,
1519 2210 1552 2273 in
1569 2208 1676 2295 opida,

321 2321 439 2396 castra,
456 2312 698 2399 universitates,
714 2324 827 2397 terras,
842 2317 1009 2384 territoria
1033 2325 1068 2382 et
1092 2317 1261 2383 districtus
1283 2317 1465 2381 multorum
1491 2314 1677 2400 principum

320 2413 510 2485 et'aliorum
526 2418 686 2486 laicorum
703 2420 843 2487 indicta
869 2420 993 2488 diocesi
1021 2421 1236 2487 existentium
1260 2428 1295 2485 et
1321 2420 1355 2485 in
1379 2440 1495 2487 eorum
1511 2439 1677 2507 personae,

319 2523 504 2589 sententias
513 2522 869 2591 excommunicationis
884 2534 918 2592 et
935 2525 1102 2594 interdicti
1118 2522 1401 2612 promulgaverint
1412 2533 1447 2589 et
1456 2524 1677 2610 promulgant,

318 2634 489 2712 terrasque
505 2626 652 2715 ipsorum
663 2628 852 2717 principum
868 2638 903 2696 et
915 2632 1077 2697 laicorum
1092 2637 1127 2697 et
1150 2631 1289 2696 aliorum
1306 2628 1540 2715 supposuerint
1552 2636 1587 2693 et
1602 2648 1678 2713 sup-

317 2740 448 2818 ponunt
464 2730 692 2800 ecclesiastico
708 2732 896 2817 interdicto,
913 2734 1090 2821 ipsumque
1115 2733 1329 2800 interdictum
1345 2741 1380 2800 et
1396 2731 1478 2797 alias
1493 2731 1677 2797 sententias

316 2834 550 2904 mandaverint
565 2847 599 2904 et
615 2839 780 2906 mandant
796 2839 1031 2906 inviolabiliter
1051 2840 1229 2920 observari,
1246 2836 1435 2924 hujusmodi
1450 2834 1618 2922 principes
1641 2844 1676 2902 et

317 2942 372 3007 alii
388 2939 462 3008 laici
480 2963 520 3009 ac
543 2944 785 3025 universitates
805 2941 881 3029 quia
908 2945 1116 3030 suspicantur
1139 2942 1363 3008 verisimiliter
1380 2939 1471 3026 quod
1485 2939 1673 3024 hujusmodi

315 3043 530 3112 interdictum
547 3047 580 3112 in
596 3048 879 3128 terras,territoria
891 3057 926 3113 et
942 3047 1111 3114 districtus
1124 3048 1268 3136 ipsorum
1285 3046 1407 3113 debeat
1423 3043 1624 3131 promulgari
1639 3050 1673 3108 et

313 3148 375 3236 ipsi
394 3151 675 3217 excommunicari
691 3151 926 3231 indifferenter,
942 3172 986 3218 ne
1012 3150 1200 3237 huJusmodi
1218 3149 1429 3215 interdictum
1457 3155 1493 3212 et
1518 3146 1583 3212 alie
1598 3163 1673 3211 sen-

305 3249 421 3319 ¹tentie
442 3255 694 3340 promulgentur
717 3256 759 3323 de
785 3257 877 3322 facto
901 3267 1169 3343 provocaverunt
1190 3262 1225 3320 et
1252 3259 1449 3340 provocant,
1473 3258 1508 3316 et
1532 3271 1552 3316 a
1574 3249 1671 3316 dictis

312 3359 489 3424 sententiis
505 3357 723 3444 promulgatis
739 3366 773 3426 et
797 3360 874 3425 latis
901 3359 1017 3426 frivole
1042 3360 1298 3446 appellaverunt
1325 3366 1359 3422 et
1384 3357 1566 3443 appellant,
1583 3363 1617 3420 et
1632 3362 1669 3419 ut

313 3458 503 3544 hujusmodi
528 3462 702 3527 sententiis
722 3461 888 3546 illudatur,
913 3472 948 3528 et
974 3483 1018 3528 ue
1045 3464 1164 3549 aliquis
1191 3463 1331 3528 effectus
1357 3460 1477 3526 exinde
1504 3466 1670 3543 sequatur,

302 3553 439 3629 'clerum
456 3565 515 3630 sub
532 3585 646 3632 eorum
663 3565 823 3649 dominio,
839 3568 992 3636 districtu
1009 3579 1045 3636 et
1059 3569 1227 3637 territorio
1247 3568 1477 3647 constitutum,
1490 3565 1671 3650 aliquando

311 3669 465 3754 precibus
481 3667 604 3736 illicitis
619 3671 673 3734 vel
690 3671 797 3752 minis,
812 3671 992 3757 aliquando
1001 3675 1122 3742 timore
1137 3675 1191 3740 vel
1203 3681 1304 3752 metu,
1321 3672 1376 3757 qui
1392 3672 1493 3738 debet
1508 3677 1543 3734 et
1557 3677 1670 3756 potest

311 3772 431 3839 cadere
444 3773 476 3838 in
493 3781 687 3840 constantes
703 3775 801 3856 viros,
818 3784 855 3842 ut
871 3777 1060 3864 hujusmodi
1078 3777 1372 3866 provocationibus
1388 3785 1422 3841 et
1438 3772 1669 3861 appellationi·

310 3878 372 3942 bus
388 3877 512 3944 frivolis
527 3875 718 3944 adheserint
734 3887 768 3945 et
784 3879 977 3965 adhereant,
984 3883 1361 3968 induxerunt,c0gerunt
1375 3887 1410 3945 et
1426 3878 1666 3964 compulerunt,

308 3977 481 4064 inducunt,
496 3990 620 4068 cogunt
636 3989 670 4048 et
687 3985 894 4070 compellunt
909 4009 918 4067 ;
935 3990 989 4053 vel
1006 3987 1031 4054 si
1048 3987 1236 4074 hujusmodi
1253 3987 1358 4052 clerus
1373 3980 1666 4070 provocationibus

307 4091 342 4148 et
361 4085 644 4172 appellationibus
668 4085 789 4153 talibus
815 4089 959 4157 noluerit
991 4100 1025 4158 et
1045 4092 1129 4158 nolit
1154 4088 1324 4172 adherere,
1348 4084 1584 4154 nichilominus
1604 4105 1666 4171 per

305 4185 437 4273 aliquos
455 4189 685 4256 conducticios
701 4191 901 4275 sacerdotes,
911 4203 984 4261 tam
1001 4215 1113 4262 coram
1135 4217 1170 4261 se
1186 4189 1493 4271 excommunicatis,
1510 4209 1611 4274 quam
1628 4189 1661 4254 in

304 4289 493 4376 hujusmodi
518 4293 613 4359 terris
639 4294 706 4360 suis
721 4295 768 4361 sic
793 4295 988 4381 interdictis,
1011 4301 1135 4388 passim
1159 4300 1310 4366 iecerunt
1334 4305 1369 4362 et
1394 4295 1521 4362 faciunt
1547 4292 1661 4359 divina

297 4391 513 4482 prophanari.
531 4393 586 4462 Ne
603 4397 701 4484 igitur
716 4399 759 4465 de
775 4410 888 4468 cetero
903 4404 985 4470 talia
1006 4406 1060 4469 vel
1082 4404 1270 4470 consimilia
1297 4403 1432 4467 valeant
1447 4405 1660 4483 attemptare,

302 4499 494 4587 supplicant
509 4498 648 4586 predicti
667 4502 813 4586 Electus,
830 4504 1054 4574 vicedecanus
1065 4517 1100 4573 et
1117 4507 1310 4593 capitulum,
1323 4511 1415 4590 quat.
1428 4502 1507 4588 ipsis
1518 4508 1660 4587 patemo

301 4604 547 4692 compatientes
563 4606 695 4687 affectu,
712 4607 900 4695 hujusmodi
913 4611 1111 4678 adhesiones
1123 4609 1249 4676 fiendas
1259 4607 1511 4694 quomodolibet
1525 4605 1556 4669 in
1574 4605 1660 4671 futu-

293 4705 375 4774 'rum
390 4708 572 4794 dignemini
585 4709 764 4778 decenrere
774 4715 1009 4796 nullas,irritas
1018 4727 1053 4783 et
1066 4717 1189 4798 inanes,
1203 4716 1348 4802 ipsisque
1358 4731 1425 4778 non
1437 4711 1537 4776 licere
1549 4709 1660 4796 hujus·

333 4937 353 4984 l.
372 4935 471 4994 Kirsclq
490 4935 565 4996 Jibll,
584 4937 639 4986 279.
654 4965 685 4972 --
702 4939 723 4988 2.
737 4935 784 5000 Il,
798 4941 851 5000 278,
865 4941 919 4998 bru,
933 4943 989 4994 288.
