3650 5675
303 533 364 598 542
473 480 475 485 Ι
731 529 825 605 1352·
841 529 882 593 24
904 527 1101 607 septembre-s
1122 530 1250 593 octobre.

337 753 340 772 ι
355 681 505 762 2082.
1265 712 1359 776 1350,
1376 714 1416 775 24
1433 695 1625 779 septembre.

348 803 449 886 Supp.
476 797 495 875 J
499 797 648 863 ohannes
672 796 714 861 de
739 794 877 860 Varenis
894 804 912 875 ¹,
938 795 1161 860 subcollector
1185 794 1327 860 Camere
1355 795 1515 881 Ejusdem
1541 797 1672 862 Sancti-

302 904 382 970 tatis
406 904 439 967 in
468 901 668 986 episcopatu·
692 897 859 965 Morinen.
885 908 920 963 et
943 906 1032 963 terra
1057 896 1265 979 Flandrensi,
1293 907 1394 984 quat„
1422 921 1498 966 cum
1524 909 1671 967 vacante

302 1006 457 1093 parroch.
484 1003 625 1069 ecclesia
640 1002 682 1067 de
699 1001 824 1083 Barlin,
848 1004 1045 1066 Atrebaten.
1070 1001 1168 1081 dioc,
1195 1022 1255 1087 per
1277 1005 1331 1068 ob.
1352 1002 1518 1081 Johannis
1533 1002 1670 1085 Blassel‚

303 1109 411 1174 ultimi
443 1109 544 1194 ipsius
567 1106 707 1173 ecclesie
734 1105 883 1185 rectosis,
911 1104 1010 1169 fuerit
1026 1104 1119 1169 dicta
1134 1105 1277 1170 ecclesia
1301 1105 1412 1170 eidem
1434 1105 1581 1184 Johanni
1595 1110 1672 1172 snb-

303 1212 475 1279 collectori
492 1210 695 1277 auctoritate
711 1209 878 1275 ordinaria
906 1209 1039 1288 collata,
1063 1208 1191 1293 sibique
1206 1209 1376 1295 provisum
1392 1210 1434 1275 de
1450 1210 1580 1291 eadem,
1595 1232 1673 1296 pos·

303 1316 488 1382 sessionem
504 1335 638 1399 quoque
655 1313 756 1399 ipsius
771 1312 911 1398 pacifice
928 1319 1110 1393 assecutus,
1125 1312 1322 1396 dubitetque
1345 1334 1389 1377 ne
1411 1312 1502 1378 dicta
1529 1314 1674 1379 ecclesia

303 1420 414 1485 forsan
441 1417 650 1504 dispositioni
678 1424 785 1502 apost.
811 1416 910 1481 fuerit
936 1424 1117 1496 reservata,
1141 1417 1284 1500 gratiam
1312 1416 1494 1503 specialem
1508 1418 1676 1483 facientes

303 1522 423 1601 eidem,
449 1521 558 1586 dictas
584 1519 801 1586 collationem
826 1527 860 1583 et
884 1519 1111 1605 provisionem
1138 1540 1179 1584 ex
1204 1528 1298 1586 certa
1323 1520 1464 1586 scientia
1488 1521 1671 1605 dignemini

305 1625 512 1705 confirmare,
530 1624 636 1708 eique,
653 1623 679 1689 si
695 1632 730 1687 et
746 1622 781 1687 in
797 1632 962 1707 quantum
978 1622 1136 1704 indigeat,
1152 1623 1194 1688 de
1209 1644 1301 1689 novo
1316 1625 1492 1709 providere
1507 1625 1550 1690 de
1565 1626 1672 1690 eccle-

305 1729 353 1793 sia
368 1729 506 1814 prefata,
532 1748 608 1792 curn
635 1726 791 1791 omnibus
815 1746 882 1791 non
909 1728 1026 1791 obst...
1033 1748 1042 1805 ;
1066 1746 1135 1792 non
1151 1729 1238 1792 obst.
1254 1728 1345 1811 quod
1368 1729 1580 1794 scolasterias
1594 1749 1673 1794 cum

307 1831 486 1918 prebendis
513 1830 729 1897 ecclesiarum
746 1829 777 1894 S.
795 1829 884 1894 Petri
910 1829 1060 1894 Ariensis
1087 1838 1122 1894 et
1147 1829 1360 1911 CasletensiS,
1384 1832 1475 1897 dicte
1502 1831 1675 1899 Morinen.

308 1936 394 2001 dioc.
399 1958 408 2014 ;
425 1956 491 2019 que
506 1933 642 2017 quidem
658 1933 852 1997 scolasterie
872 1932 1037 2018 simplicia
1053 1932 1163 1998 officia
1174 1933 1332 2015 existunt,
1348 1936 1497 2001 noscitur
1512 1936 1676 2002 obtinere.

309 2080 353 2089 -
376 2038 452 2104 Fiat
476 2038 516 2103 R.

354 2144 434 2209 Dat.
451 2144 550 2208 Avin.
568 2146 586 2207 8
603 2142 669 2207 kal.
686 2149 753 2207 oct.
770 2148 803 2206 a⁰
820 2148 862 2222 9⁰.
879 2142 957 2223 (20,
977 2141 1065 2224 149).

361 2282 508 2367 2083·
1272 2313 1367 2376 1550,
1383 2317 1425 2379 24
1440 2297 1632 2382 septembre.

353 2402 454 2486 Supp.
471 2399 645 2478 Johannes
670 2399 712 2465 de
740 2397 916 2477 Boulonia,
941 2396 1031 2462 dom.
1056 2394 1356 2481 Montisgaconis2,
1383 2408 1476 2482 quat.
1506 2398 1675 2485 [familiari

309 2526 369 2571 suo
386 2503 552 2589 Gerardo]
580 2503 621 2568 de
648 2502 883 2569 Montenaken
905 2517 927 2583 ³,
944 2500 1219 2581 Leodien.-dioc..
1235 2503 1411 2588 providere
1434 2504 1616 2589 dignemini
1633 2504 1677 2569 de

308 2631 384 2675 can.
400 2620 435 2673 et
450 2612 546 2695 preb.
571 2608 712 2673 ecclesie
739 2608 916 2692 collegiate
941 2604 1139 2686 Bonnensis,
1164 2606 1251 2672 dioc.
1279 2606 1467 2689 Colonien„
1492 2628 1561 2672 non
1588 2610 1678 2673 obst.

310 2714 401 2799 quod
416 2735 491 2779 can.
508 2721 543 2778 et
558 2715 651 2798 preb.
668 2713 752 2777 eccl.
769 2712 802 2779 S.
818 2710 961 2776 Servatii
976 2708 1209 2792 Trajectensis,
1233 2709 1395 2777 Leodien.
1411 2710 1509 2791 dioc„
1525 2711 1678 2777 noscitur

311 2820 475 2886 obtinere.
498 2860 540 2868 -
566 2816 641 2882 Fiat
665 2815 707 2881 R.

355 2923 435 2988 Dat.
451 2923 551 2987 Avin.
569 2925 587 2986 8
604 2921 670 2986 kal.
687 2930 753 2987 oct.
771 2929 804 2986 a⁰
821 2929 863 3002 9⁰.
880 2921 957 3004 (20,
978 2928 1081 3004 149⁷).

361 3059 512 3140 2084.
1271 3091 1367 3154 1350,
1384 3073 1427 3135 28
1442 3072 1633 3158 septembre.

354 3178 454 3262 Supp.
472 3175 716 3258 Btertrandus)‚
740 3175 841 3260 episc.
866 3176 1067 3257 Sabinensis,
1080 3186 1170 3260 quat.
1189 3175 1268 3262 [suo
1289 3175 1439 3241 familiari
1456 3177 1677 3241 commensali

312 3280 446 3367 Egidio]
476 3279 649 3365 Bourgosii
674 3280 716 3345 de
743 3280 774 3344 S.
802 3280 1004 3347 Andomaro·
1020 3281 1062 3346 de
1087 3301 1159 3346 can.
1187 3290 1222 3345 et
1248 3282 1340 3366 preb.
1364 3279 1505 3344 ecclesie
1529 3277 1561 3342 S.
1585 3278 1678 3344 Petri

310 3385 468 3464 Ariensis
497 3382 664 3449 Mon'nen.
692 3383 790 3464 dioc,
818 3405 893 3450 vac.
920 3406 980 3470 per
1003 3393 1148 3451 mortem
1173 3405 1259 3469 mag.
1286 3384 1375 3449 Petri
1401 3383 1444 3448 de
1461 3383 1566 3449 Ulmo
1582 3392 1682 3449 extra

312 3489 410 3554 Rom.
426 3487 553 3554 curiam
569 3487 717 3554 defuncti
734 3488 918 3572 dignemini
934 3489 1129 3574 providere;
1146 3508 1215 3553 non
1228 3492 1314 3554 obst.
1327 3487 1418 3573 quod
1433 3487 1523 3553 idem
1539 3486 1681 3571 Egidius

311 3591 459 3657 officium
474 3591 599 3656 vicarie
616 3591 649 3655 in
666 3591 808 3656 ecclesia
824 3591 856 3655 S.
872 3591 1066 3673 Andomari,
1083 3591 1173 3656 dicte
1188 3591 1285 3679 dioc,
1302 3592 1453 3656 obtinere
1469 3592 1684 3657 noscitur.—

313 3693 390 3758 Fiat
414 3693 453 3758 R.

355 3798 433 3863 Dat.
450 3819 504 3884 ap.
522 3797 770 3863 Villamnovam
786 3821 805 3882 4
821 3797 889 3863 kal.
906 3807 973 3864 oct.
990 3807 1023 3864 a⁰
1039 3807 1081 3880 9⁰.
1099 3804 1175 3882 (20,
1197 3819 1255 3882 150
1267 3799 1307 3874 ⁸).

364 3936 510 4018 2085.
1345 3971 1440 4034 1550,
1454 3971 1476 4033 3
1493 3953 1635 4016 octobre.

354 4056 455 4141 Supp.
485 4053 595 4119 Maria
620 4053 662 4119 de
688 4053 855 4134 Flandria‚
883 4052 1095 4120 Boloniensis
1121 4063 1155 4120 et
1187 4055 1351 4120 Arvernie
1381 4055 1564 4135 comitissa,
1583 4063 1679 4138 quat.

313 4159 462 4224 Gerardo
486 4158 528 4223 de
554 4155 787 4222 Montenaken
802 4175 823 4238 ⁴,
851 4157 893 4222 de
919 4161 997 4223 ben.
1024 4157 1069 4224 ad
1096 4159 1172 4224 coll.
1195 4159 1362 4224 abbatisse
1380 4167 1416 4224 et
1431 4168 1619 4225 conventus
1634 4159 1680 4224 de

314 4262 460 4342 Thoren,
476 4262 563 4328 dioc.
581 4259 750 4342 Leodien.,
769 4261 965 4345 [dignemini
981 4261 1186 4348 providere].
1203 4298 1245 4306 —
1262 4261 1336 4328 Fiat
1354 4262 1394 4327 R.

358 4364 438 4432 Dat.
456 4385 509 4451 ap.
526 4364 777 4431 Villamnovam
795 4385 811 4449 5
829 4359 910 4430 non.
928 4374 995 4430 oct.
1011 4373 1044 4430 a⁰
1060 4373 1103 4446 9⁰.
1120 4365 1196 4450 (20,
1217 4372 1317 4450 155).

345 4582 372 4641 a)
383 4579 423 4627 (ln
436 4585 527 4628 trouve
538 4577 607 4627 deux
619 4591 696 4640 pagos
708 4583 813 4640 portant
823 4577 846 4625 le
856 4577 901 4627 fol.
910 4580 964 4626 150.
974 4577 1042 4626 C'est
1053 4593 1097 4625 sur
1108 4578 1134 4626 lo
1144 4575 1279 4627 ‹leuxieme
1290 4593 1340 4639 quc
1351 4593 1378 4627 sc
1389 4582 1481 4626 trouve
1492 4577 1518 4626 la
1529 4579 1681 4641 suppliquo.

349 4817 371 4862 l.
383 4815 446 4862 Voir
457 4830 482 4862 n.
496 4817 550 4863 291,
563 4841 595 4849 -
607 4818 629 4863 2.
641 4815 704 4862 Volr
716 4829 741 4863 n.
756 4815 826 4872 1193,
844 4815 916 4862 21117,
927 4842 960 4852 -
977 4816 999 4863 3.
1013 4814 1036 4862 ll
1047 4814 1135 4862 devint
1149 4813 1209 4863 curt
1220 4813 1401 4862 d'Antlcrnach
1413 4815 1437 4862 le
1449 4815 1480 4861 22
1492 4812 1595 4874 janvicr
1615 4815 1678 4862 1351

316 4888 428 4946 (limam,
448 4887 516 4946 Koll,
532 4891 595 4948 192).
608 4887 631 4935 ll
643 4896 679 4936 est
693 4887 744 4936 cnc-
755 4901 854 4935 comme
866 4888 992 4936 cbanoine
1003 4887 1035 4935 do
1047 4889 1184 4936 S¹-Scrvais
1195 4887 1219 4936 le
1230 4889 1261 4935 24
1274 4887 1378 4936 octobre
1394 4888 1454 4936 1386
1467 4885 1579 4943 (bbrtal.
1591 4885 1624 4934 de
1642 4887 1683 4937 S·

322 4960 444 5020 ternebat,
459 4961 502 5020 ll',
516 4963 583 5022 sib).
596 4989 628 4998 -
640 4962 662 5009 l.
674 4961 737 5008 l'olr
748 4975 773 5010 n.
786 4961 865 5009 21183.Δ
