3650 5675
647 535 734 610 1842,
757 535 845 599 18-20
864 535 974 617 juillet.
1463 544 1499 607 lo

133 686 282 755 Sorbone
309 685 465 751 Pan‘sien.
481 686 516 751 in
531 687 633 752 theol.
650 687 796 767 studens,
825 688 881 772 qui
905 689 1047 773 perlegit
1071 711 1174 755 unum
1191 712 1321 757 cursum
1349 693 1382 757 in
1406 694 1497 759 dicta

134 789 308 871 facultate,
323 810 425 874 quem
440 793 515 855 bon.
532 811 631 855 mem.
647 790 735 856 dom.
753 791 898 874 P(etrus)
915 792 1005 858 card.
1021 794 1319 860 Autissiodorensis
1335 807 1353 877 ¹,
1370 797 1498 863 amicus

133 900 252 973 vester,
263 891 391 958 dudum
406 894 587 980 provisioni
604 902 724 976 vestre,
737 894 817 960 dum
834 916 949 960 coram
964 896 1060 961 vobis
1075 904 1110 961 et
1125 918 1167 962 eo
1182 897 1217 961 in
1232 919 1348 963 mensa
1360 900 1495 983 legeret

132 996 324 1083 specialiter
339 998 602 1079 commendavit,
621 1007 710 1082 quat.
727 999 816 1065 eide
832 1019 904 1064 can.
921 999 1002 1065 eccl.
1018 998 1184 1066 Morinen.
1210 1001 1391 1086 dignemini
1421 1023 1496 1087 pro·

133 1100 257 1181 ridere,
284 1109 321 1166 et
340 1103 431 1187 preb.
455 1104 540 1186 [vac.
558 1102 611 1167 vel
626 1104 750 1188 vacat]
773 1123 952 1182 reservare,
977 1124 1046 1169 non
1070 1107 1153 1170 obst
1170 1104 1262 1189 quod
1276 1105 1309 1171 in
1333 1106 1365 1170 S.
1381 1105 1495 1171 Salva-

132 1204 212 1268 toris
228 1202 272 1269 de
288 1203 318 1267 S.
335 1202 442 1271 Paulo
458 1224 529 1270 can.
547 1213 582 1270 et
594 1208 684 1290 preb.
702 1206 792 1271 acin
808 1206 850 1271 de
867 1205 1083 1272 Parvovillari
1099 1229 1140 1275 ac
1155 1209 1335 1294 leprosarie
1350 1209 1496 1275 Ariensis

132 1307 211 1371 eccl.
236 1327 331 1392 perp.
362 1308 566 1393 capellanias
598 1329 638 1374 ac
667 1309 816 1394 parroch.
842 1310 922 1374 eccl.
953 1310 996 1375 de
1027 1310 1201 1392 Marcello,
1231 1312 1430 1377 Ambianen.
1461 1323 1495 1378 et

135 1408 299 1474 blorinen.
316 1409 414 1491 dioc„
430 1411 578 1477 noscitur
593 1412 751 1478 obtinere.
775 1452 803 1463 —
828 1412 905 1477 Fiat
923 1413 961 1479 R.

175 1512 255 1578 Dat.
272 1513 370 1578 Avin.
389 1534 406 1578 2
424 1514 464 1580 id
478 1515 551 1599 julii
568 1522 602 1580 a⁰
622 1522 657 1581 1⁰.
675 1514 717 1599 (I,
736 1520 815 1601 69‘').

184 1650 362 1735 88·89
1169 1688 1260 1751 1342,
1277 1671 1320 1732 18
1328 1667 1451 1749 juillet.

176 1768 277 1855 Supp.
288 1768 444 1834 Galterus
454 1769 582 1834 Alberti
595 1778 685 1853 quat.
701 1770 876 1856 providere
888 1769 1070 1855 dignemini
1083 1770 1185 1836 Petro
1200 1771 1330 1835 Alberti
1342 1771 1411 1835 filio
1423 1790 1493 1849 suo,

134 1874 208 1957 cler.
226 1873 310 1939 dioc.
334 1872 558 1954 Lemovicen.‚
586 1872 628 1937 de
655 1894 728 1939 can.
744 1882 778 1939 et
794 1877 882 1960 preb.
911 1874 1111 1940 cathedralis
1136 1874 1215 1940 eccl.
1231 1874 1407 1955 Turonen,
1423 1895 1494 1939 vac.

134 1995 194 2060 per
218 1976 506 2041 consecrationem
530 1975 618 2042 dom.
644 1975 779 2042 Nicolai
804 1977 902 2043 electi
919 1978 961 2043 de
979 1977 1143 2062 Pergamo
1158 1988 1175 2042 ².
1192 2018 1235 2027 -
1251 1976 1329 2043 Fiat
1354 1979 1389 2043 in
1416 1978 1496 2043 ecel.

135 2081 164 2144 S.
181 2078 271 2144 Petri
282 2080 324 2145 de
339 2081 430 2162 Aria,
449 2080 615 2147 Morinen.
631 2080 716 2146 dioc.
733 2079 771 2145 R.
793 2118 825 2128 -
845 2080 888 2145 de
904 2100 976 2145 can.
993 2084 1052 2145 sub
1069 2101 1142 2166 exp.
1159 2084 1250 2167 preb.
1271 2080 1307 2145 R.

178 2216 235 2277 89.
262 2210 351 2275 Item
367 2232 460 2297 supp.
476 2219 565 2296 quat.
577 2210 752 2297 providere
764 2210 946 2296 dignemini
962 2209 1099 2295 Hugoni
1115 2212 1185 2277 lilio
1200 2231 1260 2276 suo
1272 2212 1347 2276 cler.
1363 2210 1406 2276 de
1423 2231 1496 2276 can.

135 2322 168 2377 et
184 2316 273 2398 preb.
291 2315 373 2380 eccl.
390 2315 463 2381 coll.
480 2315 510 2380 S.
528 2314 666 2380 Martini
688 2315 866 2395 Toronen,
881 2334 954 2380 vac.
970 2335 1030 2401 per
1045 2315 1331 2380 consecrationem
1348 2313 1496 2400 ejusdem
1608 2350 1613 2361 ·

135 2416 292 2481 electi-
309 2416 385 2483 Fiat
414 2418 448 2483 in
475 2419 557 2484 eccl.
586 2419 615 2483 S.
643 2417 835 2499 Oudemari,
864 2416 1030 2484 Morinen.
1058 2417 1152 2499 dion,
1169 2418 1212 2483 de
1238 2439 1309 2484 can.
1337 2421 1397 2484 sub
1421 2440 1495 2503 exp.

134 2524 225 2605 preb.
243 2520 282 2586 R.

178 2624 256 2689 Dat.
272 2625 370 2692 Avin.
391 2646 427 2710 15
444 2624 511 2691 kal.
528 2647 599 2711 aug.
617 2633 650 2690 a⁰
670 2634 706 2691 1⁰.
724 2624 766 2709 (I,
785 2628 848 2709 75).

187 2759 270 2842 90.
1167 2775 1321 2856 raa-18
1330 2770 1452 2854 juillet.

178 2879 279 2963 Supp.
303 2877 487 2959 Joharmes,
504 2879 594 2945 dom.
618 2878 661 2944 de
687 2880 720 2944 la
736 2878 901 2962 Queulha,
927 2876 1175 2942 Claromonten.
1199 2877 1295 2957 dioc,
1319 2884 1410 2960 quat.
1426 2877 1497 2960 ejus

134 2982 205 3047 lilio
221 2981 406 3049 Bertrando
421 2983 464 3048 de
479 2985 512 3048 la
527 2983 692 3067 Queulha,
710 2984 785 3049 cler.
798 2981 1043 3048 Claromonten.
1059 2981 1154 3062 dioe,
1171 2981 1213 3046 de
1229 3001 1301 3045 can.
1317 2981 1397 3045 eccl.
1414 2979 1495 3044 Tor-

132 3106 252 3150 nacen.
283 3086 464 3172 dignemini
489 3087 663 3173 providere
689 3107 729 3152 ac
752 3090 841 3172 preb.
865 3107 940 3152 vac.
966 3105 1141 3150 reservare.
1167 3124 1210 3135 -
1245 3083 1322 3150 Fiat
1345 3085 1379 3148 in
1414 3086 1496 3150 eccl.

136 3189 331 3274 Lugdunen.
346 3190 381 3255 in
397 3191 510 3257 sonna
528 3191 566 3255 R.

180 3291 256 3358 Dat.
274 3294 371 3360 Avin.
393 3314 427 3379 15
445 3293 510 3360 kal.
527 3315 600 3380 aug.
617 3303 650 3359 a⁰
671 3303 707 3358 1⁰.
724 3293 766 3378 (Ι,
781 3299 857 3378 751).

188 3428 261 3510 91.
1168 3462 1263 3526 1342,
1277 3443 1319 3505 18
1328 3440 1452 3523 juillet.

181 3547 282 3633 Supp.
310 3547 500 3633 Stephanus
523 3546 566 3612 de
594 3546 784 3626 Molceone,
810 3546 872 3631 leg.
889 3546 990 3625 doct,
1007 3543 1133 3610 archid.
1161 3544 1388 3622 Cameracen,
1405 3550 1495 3627 quat.

137 3649 156 3726 J
160 3650 285 3715 ohanni
313 3651 507 3716 Andalhoni
524 3652 612 3731 cler„
628 3650 670 3716 de
687 3649 870 3730 BellolocO,
896 3648 1112 3714 Lemovicen.
1137 3647 1234 3728 dioc„
1251 3647 1351 3712 famil.
1367 3667 1437 3726 su0,
1454 3647 1496 3713 de

138 3754 218 3818 eccl.
234 3754 266 3818 S.
283 3754 417 3835 Cosme‚
432 3754 520 3821 dioc.
538 3753 754 3834 Nemausen„
770 3753 951 3838 dignemini
968 3752 1154 3839 providere.
1172 3790 1204 3799 -
1223 3751 1297 3815 Fiat
1314 3749 1353 3814 R.

182 3849 260 3922 Dat'.
276 3857 377 3922 Avin.
398 3877 434 3942 15
450 3856 518 3923 lral.
535 3851 609 3942 aug.
626 3865 660 3921 a⁰
680 3865 718 3922 1⁰.
736 3856 780 3940 (Ι,
798 3858 865 3940 76).

188 3993 262 4075 92.
1164 4024 1259 4087 1342,
1276 4023 1317 4065 20
1327 4000 1412 4082 juill
1428 4007 1451 4064 l.

182 4111 277 4198 Supp.
295 4112 324 4178 S.
342 4111 379 4177 V.
402 4111 568 4177 Walterus
582 4119 602 4191 ³,
620 4113 723 4175 abbas
745 4107 937 4174 monasterii
954 4108 982 4171 S.
1009 4107 1175 4171 Laurentii
1199 4127 1303 4192 prope
1320 4102 1493 4183 Leodium,

137 4214 178 4278 Ο.
195 4215 223 4282 S.
239 4215 286 4296 Β,
303 4224 393 4300 quat.
419 4217 593 4300 [continuo
609 4214 709 4278 famil.
727 4233 786 4278 suo
812 4209 1004 4276 Humberto
1020 4209 1177 4275 Willelmi
1200 4209 1243 4273 de
1267 4207 1458 4272 Bertinhers
1473 4218 1493 4286 ⁴,

139 4320 213 4384 cler.
243 4319 427 4403 Leodien.],
451 4320 493 4384 de
527 4339 597 4384 can.
623 4318 702 4382 eccl.
734 4317 762 4380 S.
795 4314 934 4379 Martini
963 4313 1118 4378 Leodien.
1150 4318 1184 4373 et
1217 4311 1305 4394 preb.
1331 4308 1415 4390 [rac.
1441 4308 1493 4371 vel

138 4423 261 4505 vacat]
277 4430 366 4486 auct.
383 4428 488 4509 apost.
504 4418 685 4505 dignemini
701 4416 876 4504 proridere
891 4458 935 4465 -
952 4415 1029 4479 Fiat
1046 4413 1084 4479 R
1550 4411 1553 4417 '

184 4523 258 4589 Dat.
276 4524 367 4611 apud
383 4515 630 4590 Villamnovam
652 4541 686 4604 13
705 4519 770 4586 kal.
787 4541 859 4604 aug.
877 4527 909 4585 a0
930 4527 967 4584 1⁰.
984 4517 1025 4601 (I,
1043 4519 1125 4601 81').

174 4681 195 4726 1.
215 4679 298 4728 Pierre
317 4680 350 4728 de
371 4679 514 4740 Mortem,
532 4681 601 4728 mrrl.
621 4679 652 4728 ile
671 4680 695 4726 S.
712 4663 823 4726 b'ltienne
841 4675 1031 4730 nuCelius31a
1041 4674 1102 4722 date
1117 4673 1150 4720 de
1169 4685 1196 4719 aa
1215 4676 1283 4718 mort
1300 4673 1338 4718 est
1356 4669 1498 4716 incertaine

141 4753 219 4808 (1333,
242 4755 311 4813 1315,
334 4754 397 4801 1³50
412 4753 452 4813 l);
474 4753 508 4802 cf.
530 4753 618 4810 Eubel
640 4753 658 4811 1,
681 4755 717 4801 16.
738 4752 786 4799 Les
805 4752 874 4799 deux
891 4748 1022 4798 dernieres
1040 4748 1115 4796 dates
1132 4747 1240 4794 doivent
1257 4743 1312 4792 etro
1331 4742 1450 4792 omnem.
1467 4769 1499 4774 --

141 4829 164 4872 2.
187 4825 287 4874 Niwlas
310 4826 413 4887 canali,
440 4841 531 4890 promu
556 4827 579 4876 le
600 4829 630 4875 18
652 4825 738 4886 juillet
764 4826 825 4872 1312
847 4839 881 4871 au
904 4822 973 4883 sibge
995 4822 1027 4868 de
1051 4821 1175 4880 Bergamo
1197 4817 1303 4886 (duhel,
1331 4816 1355 4874 l,
1379 4817 1445 4876 415).
1468 4842 1500 4848 -

141 4899 164 4946 3.
176 4897 288 4949 Wautier
299 4899 333 4947 de
345 4899 443 4958 Maior,
455 4899 521 4948 abbo
533 4915 564 4948 on
579 4901 640 4948 1342
654 4897 740 4962 (Gall.
753 4898 847 4956 alerio..
864 4897 911 4954 111,
931 4897 990 4954 993)
1006 4910 1011 4951 ;
1024 4909 1055 4943 en
1070 4895 1131 4941 1338
1151 4893 1243 4952 (Daris,
1261 4891 1362 4936 bollers
1373 4886 1438 4973 list„
1450 4887 1499 4936 xl,

144 4973 204 5031 101).
216 5001 247 5008 κ
258 4975 281 5021 1.
294 4973 335 5022 Cf.
349 4973 475 5032 Poncelet,
489 4974 569 5035 Fiesa,
583 4975 638 5021 454.
1124 5006 1127 5013 ⁴
1289 5005 1293 5010 -
1439 4973 1445 4978 '
