3650 5675
271 510 310 574 62
792 509 879 582 1343,
903 509 971 572 6-10
993 505 1108 573 ie'l'rier.

320 660 441 745 300.
460 669 471 681 '¹
836 647 861 679 ⁷
904 668 907 673 ¹
927 645 930 652 .
1244 669 1247 673 ’
1315 669 1587 760 1345,6fdvrier.

314 776 579 842 sedatae-Cum
593 779 624 843 S.
639 777 678 843 V.
691 784 787 842 motu
797 776 933 862 proprio
946 776 1125 841 contulerit
1135 776 1236 840 michi
1249 775 1269 853 J
1272 775 1396 840 ohanni
1406 775 1449 841 de
1460 776 1602 842 Pistorio
1612 788 1630 854 ¹,

271 882 347 946 fam.
364 888 486 960 vestr0,
503 882 654 965 parroch.
671 882 750 946 eccl.
766 880 808 945 de
826 879 971 945 Markou
983 894 1004 961 ²,
1022 878 1178 944 Leodien.
1194 879 1289 959 dioc,
1305 888 1387 944 tunc
1402 879 1435 944 in
1454 879 1549 945 Rom.
1565 901 1630 946 cur.

270 1006 352 1066 vac,
369 1006 469 1070 quam
486 985 524 1050 R.
541 986 578 1052 P.
594 987 684 1052 dom.
700 985 920 1072 A[nibaldus]
927 1002 948 1066 ³,
965 985 1065 1070 episc.
1081 983 1298 1064 Tusculanus,
1315 984 1348 1048 in
1364 1005 1468 1070 regno
1492 983 1631 1050 Francie

269 1100 303 1156 et
318 1091 439 1175 Anglie
454 1099 559 1175 apost.
575 1090 662 1156 sedis
677 1090 823 1169 nuntius,
839 1098 940 1154 antea
966 1089 1156 1153 contulerat
1170 1086 1303 1152 Thome
1318 1088 1360 1170 de
1375 1087 1475 1153 Tullo
1491 1089 1576 1169 cler,
1597 1097 1631 1152 et

269 1216 345 1278 cum
360 1195 451 1260 dicta
466 1194 605 1278 ecclsit
620 1194 683 1258 sita
708 1200 803 1277 extra
817 1213 918 1278 regna
942 1192 1102 1278 predicta,
1119 1201 1154 1256 et
1177 1191 1318 1258 excedat
1346 1192 1378 1256 in
1403 1193 1518 1258 valore
1544 1203 1631 1256 surn-

268 1320 359 1383 mam
379 1320 394 1384 r
399 1318 415 1382 5
432 1299 488 1388 lib,
504 1297 600 1388 Tur,
610 1306 807 1362 contentam
823 1297 856 1361 in
872 1297 992 1361 litteris
1007 1305 1112 1380 apost.
1128 1316 1227 1381 super
1242 1296 1413 1362 beneficiis
1424 1296 1632 1362 conferendis

268 1405 355 1468 intra
379 1402 462 1466 fines
485 1382 662 1486 legationis
686 1399 787 1487 ipsius
813 1401 904 1466 dom.
936 1400 1136 1479 cardinalis;
1162 1400 1317 1485 dignetur
1347 1399 1376 1464 S.
1402 1399 1438 1465 V.
1464 1400 1631 1465 declarare

270 1505 491 1572 intentionem
507 1513 652 1589 vestram
669 1503 702 1568 in
719 1502 896 1589 premissis,
913 1512 948 1569 et
968 1512 1079 1568 utrum
1105 1505 1198 1570 valor
1222 1504 1411 1569 reddituum
1436 1504 1525 1569 dicte
1551 1504 1629 1568 eccl.

269 1612 400 1690 debeat,
417 1617 475 1674 aut
490 1630 554 1674 sec.
569 1607 791 1699 taxdecime,
808 1629 865 1673 seu
881 1629 943 1673 sec.
961 1607 1052 1692 quod
1066 1608 1147 1673 alias
1168 1629 1230 1694 pro
1246 1609 1325 1694 ipsis
1349 1615 1400 1672 est
1414 1628 1475 1694 pro
1501 1607 1631 1684 decima

270 1714 485 1800 persolutum,
502 1710 556 1777 vel
571 1733 637 1778 sec.
653 1699 770 1776 verum
794 1712 941 1777 valorem
968 1713 1175 1797 computari;
1201 1734 1277 1778 curn
1303 1711 1385 1778 dicti
1408 1711 1428 1790 J
1432 1712 1581 1776 ohannes
1596 1718 1630 1775 et

268 1819 416 1884 Thomas
432 1817 466 1882 in
481 1826 594 1882 vestro
609 1838 703 1882 sacro
718 1812 844 1903 palatio
860 1838 973 1882 coram
990 1816 1079 1882 dorn.
1097 1816 1197 1882 Petro
1213 1815 1403 1896 Alemanni,
1419 1835 1490 1900 cap.
1507 1822 1628 1892 vestro,

269 1930 303 1986 et
319 1922 421 2006 ipsius
435 1920 672 2007 sacri[palatii]
691 1942 864 1986 causarum
873 1921 1034 2001 auditore,
1048 1921 1179 2006 litigent
1188 1921 1230 1986 de
1246 1922 1326 1986 ec'cl.
1336 1918 1533 2005 supradicta,
1550 1919 1627 1982 etin

270 2026 341 2111 ipsa
356 2045 455 2090 causa
469 2045 573 2108 usque
589 2024 631 2090 ad
647 2024 821 2090 dationem
836 2025 938 2089 libelli
957 2025 1117 2089 inclusive
1133 2025 1281 2090 extiterit
1293 2026 1363 2110 jam
1374 2043 1576 2109 processum,
1593 2031 1629 2085 ut

270 2128 379 2193 eidem
403 2128 452 2193 liti
478 2128 552 2193 finis
579 2130 676 2194 citius
702 2138 898 2214 apponatur.
926 2169 969 2178 -
994 2129 1211 2195 Declararnus
1234 2138 1383 2195 nostram
1407 2128 1629 2192 intentionenr

270 2231 368 2296 fnisse
384 2241 418 2297 et
433 2251 505 2296 esse
520 2233 562 2296 de
576 2233 748 2298 beneficiis
763 2233 885 2298 taxatis
900 2253 1004 2316 nsque
1021 2233 1065 2298 ad
1079 2254 1244 2298 summam
1267 2253 1302 2317 15
1325 2233 1379 2298 lib.
1396 2232 1465 2297 Tur
1489 2251 1551 2296 sec.
1563 2238 1630 2294 tax.

269 2336 398 2400 decime
413 2358 420 2415 ;
438 2335 479 2401 de
495 2356 563 2401 non
579 2336 703 2401 taxatis
717 2344 831 2401 antem
846 2336 890 2401 ad
904 2337 1080 2416 decimam,
1093 2337 1135 2402 de
1151 2337 1293 2421 hiisque
1309 2358 1377 2402 non
1388 2334 1554 2401 excedunt
1563 2353 1629 2398 sec.

270 2460 484 2504 communem
500 2441 648 2504 valorem
665 2460 832 2504 summam
852 2461 888 2524 15
906 2441 970 2520 lib.,
987 2441 1029 2506 de
1046 2441 1109 2505 lriis
1124 2449 1237 2505 autern
1253 2462 1317 2525 que
1334 2441 1408 2525 plus
1420 2440 1534 2504 valent
1545 2453 1629 2501 nun-

269 2563 370 2626 quam
385 2552 499 2608 nostra
515 2544 658 2609 intentio
674 2545 735 2609 suit
748 2568 765 2624 ;-
776 2553 811 2610 et
827 2545 892 2610 lroc
919 2546 1118 2630 generaliter
1143 2546 1254 2630 quoad
1277 2565 1395 2610 omnes
1420 2544 1548 2628 legatos
1575 2542 1628 2605 vel

269 2647 404 2712 nuntios
419 2647 505 2712 sedis
520 2656 636 2734 apost,
652 2649 770 2732 quibus
785 2650 888 2714 talem
903 2649 1045 2733 gratiam
1063 2649 1210 2729 fecimus,
1227 2647 1574 2715 declaramus—Fiat
1591 2644 1628 2709 R.

313 2749 388 2815 Dat.
405 2751 503 2815 Avin.
521 2753 540 2840 8
556 2751 597 2817 id.
613 2753 691 2817 febr.
709 2761 742 2817 a⁰
763 2761 800 2818 1⁰.
818 2755 867 2840 (2,
887 2760 967 2833 π’).

320 2898 431 2983 301.
1308 2934 1402 2997 1345,
1419 2914 1586 3001 dsevrr'er.

314 3016 413 3099 Supp.
430 3014 631 3080 Gaucelmus
645 3028 665 3097 ⁴,
682 3018 780 3102 episc.
796 3019 1005 3098 Albanensis,
1036 3027 1123 3102 quat.
1148 3017 1307 3102 [Jolranni
1339 3018 1486 3099 Gerardi,
1510 3020 1629 3103 presb]

272 3116 447 3183 Mimatcn.
462 3118 558 3199 dioc,
574 3123 723 3205 parroch.
746 3124 825 3187 eccl.
843 3123 871 3186 S.
888 3122 1023 3187 Andree
1047 3123 1090 3188 de
1116 3123 1358 3210 Rupepertusii,
1376 3123 1511 3189 Uticen.
1535 3123 1629 3202 dioc,

271 3223 420 3288 conferre
435 3222 627 3307 dignemini,
644 3248 713 3291 non
729 3230 810 3292 obst.
828 3227 919 3311 quod
935 3248 1004 3293 can.
1021 3237 1056 3293 et
1071 3232 1159 3314 preb.
1170 3229 1203 3293 in
1218 3230 1296 3294 eccl.
1310 3227 1344 3292 B.
1358 3225 1453 3291 Mde
1466 3225 1629 3306 Messirris,

273 3325 436 3391 Morinen.
454 3326 548 3409 dioc,
564 3331 713 3396 noscitur
727 3332 887 3417 obtinere.
903 3372 947 3381 -
964 3331 1040 3398 Fiat
1058 3332 1094 3397 R.

314 3430 393 3494 Dat.
408 3430 505 3495 Avin.
524 3436 541 3494 6
558 3433 601 3498 id.
618 3433 695 3499 febr.
711 3442 744 3499 a⁰
764 3442 821 3501 1⁰⁸.
838 3436 888 3519 (2,
906 3437 981 3520 27).

322 3553 573 3663 302-306.
1286 3618 1380 3682 1345,
1398 3619 1439 3661 10
1446 3598 1586 3684 farier.

315 3696 413 3789 Supp.
431 3696 850 3784 [Guillelmns],Hanonie,
862 3700 1056 3783 Hollandie,
1067 3702 1222 3767 Zelandie
1233 3723 1356 3781 conreS,
1367 3701 1505 3767 aedom.
1518 3700 1630 3779 Frisie,

270 3810 360 3884 quat.
372 3802 456 3887 [cap.
467 3822 527 3867 suo
536 3801 728 3887 Wigghero,
739 3803 808 3868 lilio
824 3804 996 3884 Gherardi,
1012 3808 1132 3891 presb]
1143 3806 1327 3891 Trajecten.
1338 3806 1445 3885 dioc.⁵,
1458 3826 1501 3890 gr.
1518 3804 1631 3889 digne-

270 3904 352 3968 mini
368 3905 476 3970 facere
492 3906 534 3970 de
550 3927 621 3971 can.
638 3914 673 3971 et
682 3908 772 3992 preb.
782 3908 862 3973 eccl.
874 3909 903 3973 S.
916 3910 1096 3975 Salvatoris
1106 3910 1134 3973 'l'
1169 3911 1301 3995 jecten,
1316 3909 1402 3995 [vac.
1419 3910 1481 3973 vel.
1491 3906 1628 3992 vacat.,]

270 4028 370 4090 quam
387 4008 475 4073 idem
491 4010 622 4075 duxerit
636 4012 878 4095 acceptandam
887 4036 896 4092 ;
907 4034 976 4079 non
988 4016 1071 4078 obst.
1083 4014 1172 4097 quod
1187 4014 1333 4079 mediam
1343 4020 1472 4099 partem
1482 4012 1630 4098 parroclr.

270 4114 349 4177 eccl.
365 4113 407 4178 de
430 4113 616 4196 Bocchout,
641 4136 775 4181 necnon
797 4119 914 4203 capell.
940 4118 968 4181 S.
995 4116 1110 4183 Crucis
1134 4120 1167 4182 in
1192 4120 1270 4183 eccl.
1293 4118 1524 4197 Dordracensi,
1540 4115 1631 4181 dicte

270 4214 456 4300 Trajecten.
472 4220 567 4300 dioc,
584 4240 665 4304 quas
680 4228 757 4306 post
776 4221 933 4307 adeptam
956 4222 1119 4307 integram
1140 4231 1174 4287 et
1192 4222 1366 4308 pacificam
1385 4222 1629 4308 possessionem

269 4319 435 4384 dictorum
472 4344 542 4387 can.
570 4333 605 4389 et
629 4327 721 4410 preb.
750 4327 916 4411 resignare
944 4335 1078 4412 paratus
1104 4337 1164 4407 est,
1197 4328 1380 4394 dinoscitur
1404 4327 1562 4393 obtinere.
1588 4367 1629 4374 —

272 4420 348 4487 Fiat
368 4423 405 4487 R.

302 4611 330 4671 a)
343 4611 382 4658 En
395 4627 481 4671 nrarge
492 4630 525 4660 on
539 4616 567 4661 lit
584 4631 589 4662 :
601 4616 742 4663 calvellum
754 4619 817 4679 (μαία-
829 4621 963 4681 registrum
977 4624 1010 4665 nd
1027 4618 1091 4665 alibi
1105 4622 1129 4666 iu
1145 4618 1340 4680 aeralimifiuumr.

277 4729 524 4741 -ξι

307 4799 326 4843 l.
342 4796 401 4842 Voir
413 4812 437 4844 n.
452 4800 504 4845 lii.
526 4828 548 4833 —
560 4804 582 4847 2.
596 4800 696 4859 Kirsch,
709 4802 776 4854 Ir'oll.
789 4806 843 4862 270,
856 4806 911 4853 278.
924 4832 956 4837 —
973 4806 995 4851 3.
1008 4806 1119 4852 Anibnld
1131 4805 1162 4852 dc
1176 4804 1296 4853 Cinnano.
1352 4808 1373 4853 l.
1386 4804 1509 4853 Gnnoelin
1521 4804 1553 4852 ‹le
1565 4804 1629 4852 Jean

272 4870 445 4931 (bubalus)
463 4871 524 4919 dont
541 4888 573 4919 on
588 4888 605 4921 a
620 4874 667 4920 fait
685 4877 700 4921 ir
717 4881 768 4922 tort
785 4892 820 4923 un
837 4892 919 4925 neven
931 4878 963 4925 ‹le
978 4879 1042 4925 dean
1061 4879 1141 4925 XXII
1156 4896 1161 4937 3
1177 4878 1210 4926 cf.
1220 4878 1402 4940 Albe(Aaerrrrrl.
1415 4878 1445 4927 de
1460 4880 1486 4927 δ’.
1499 4878 1577 4926 Louir
1588 4876 1630 4924 aaa

272 4943 405 5004 Franqeris,
419 4950 436 4991 t.
450 4945 499 4992 Vll
513 4948 609 5008 (loire),
624 4950 750 5011 loo-loa).
764 4979 768 4982 -
780 4979 794 4984 -
805 4969 828 4999 o.
841 4951 924 5011 Brorn,
938 4966 963 5000 n.
976 4954 1045 4999 105⁸.
