3650 5675
740 522 828 597 1343,
851 523 945 588 21124
966 525 1045 588 00111.
1517 528 1575 592 109

213 672 402 758 specialiter
416 673 487 739 sedi
503 673 689 759 apostolice
710 682 889 754 reservata,
911 673 1079 738 Sanctitas
1105 681 1217 739 vestra
1243 675 1460 760 responderit,
1485 679 1575 759 quod

214 778 364 842 valorem
378 798 449 844 non
465 780 675 865 exprimebat
690 802 698 859 ;
717 778 894 844 Sanctitati
910 779 1118 864 supplicatur
1133 780 1243 846 eidem
1259 789 1351 865 quat.
1368 782 1409 847 de
1422 783 1495 868 ipso
1505 784 1574 869 ple-

214 884 349 962 banatu,
365 882 459 967 cujus
473 883 598 950 fructus
615 903 655 969 70
671 883 702 947 fl.
719 884 800 963 auri,
817 883 861 948 ad
875 891 945 948 tax.
972 882 1113 963 decime,
1129 884 1192 949 val.
1218 905 1295 950 ann.
1312 905 1380 951 nou
1397 887 1574 967 excedunt,

216 985 317 1051 habet
331 992 449 1051 tamen
465 988 637 1054 canonicis
652 997 687 1053 et
703 987 775 1052 aliis
791 987 920 1053 clericis
936 987 968 1052 in
986 987 1183 1073 opportunis
1207 988 1250 1053 de
1264 990 1361 1054 bonis
1388 989 1476 1055 dicte
1493 993 1574 1057 eccl.

215 1089 399 1174 providere,
415 1090 597 1176 dignemini
613 1091 799 1179 providere,
815 1112 884 1156 non
901 1094 988 1157 obst.
1004 1091 1095 1176 quod
1118 1091 1228 1158 dictus
1251 1091 1413 1157 Anrideus
1440 1113 1513 1159 can.
1541 1103 1576 1159 et

215 1195 305 1277 preb.
317 1193 352 1257 in
366 1193 567 1278 Tomacen,
583 1205 618 1261 et
633 1196 667 1260 in
686 1194 814 1261 Meten.
840 1217 915 1262 can.
943 1198 1002 1262 sub
1027 1217 1102 1282 exp.
1126 1199 1228 1282 preb,
1254 1196 1411 1278 ecclesiis
1428 1198 1578 1263 noscitur

217 1297 375 1363 obtinere.
391 1339 435 1347 -
452 1298 529 1364 Fiat
546 1299 586 1364 R.

259 1400 336 1466 Dat.
352 1422 406 1488 ap.
423 1401 671 1469 Villamnovam
691 1425 727 1488 13
744 1403 810 1469 kal.
826 1412 911 1490 sept.
928 1411 960 1470 a⁰
978 1411 1019 1469 2⁰.
1037 1405 1086 1488 (5,
1108 1405 1195 1488 163).

266 1539 384 1621 489.
1273 1577 1368 1640 1313,
1387 1561 1532 1622 2000111.

207 1641 213 1648 ¹
261 1653 359 1722 Motu
373 1657 509 1742 proprio
518 1658 732 1742 providemus
742 1658 953 1740 Guidonitit.
964 1660 995 1725 S.
1013 1659 1137 1726 Cecilie
1154 1663 1262 1746 presb.
1276 1660 1385 1740 card.¹,
1398 1661 1441 1726 de
1457 1682 1576 1748 prepo-

218 1761 317 1826 situra
328 1782 387 1826 seu
402 1761 506 1826 domo
518 1761 560 1827 de
570 1763 760 1848 Duyssell0,
773 1763 984 1829 Suessionen.
998 1763 1095 1844 dioc,
1109 1785 1173 1848 que
1183 1766 1242 1829 sub
1255 1767 1377 1829 abbate
1388 1764 1419 1829 S.
1433 1764 1575 1849 Remigii

220 1863 367 1945 Remen,
385 1865 427 1931 Ο.
444 1865 475 1932 S.
492 1866 541 1948 Β,
557 1866 679 1933 dicitur
694 1869 886 1950 consistere,
903 1889 976 1934 vac.
993 1889 1053 1954 per
1069 1871 1122 1934 ob.
1140 1868 1229 1933 Petri
1246 1869 1288 1934 de
1304 1867 1323 1945 J
1327 1889 1458 1954 usseyo
1487 1869 1576 1934 Item

218 1967 259 2032 de
273 1969 482 2055 prepositura
497 1992 555 2036 seu
570 1970 673 2038 domo
688 1971 731 2038 de
746 1971 993 2053 Calidornonte,
1010 1993 1074 2057 que
1091 1975 1151 2038 sub
1174 1973 1310 2038 abbatia
1335 1973 1366 2037 S.
1384 1972 1511 2038 Bertini
1535 1973 1577 2040 de

219 2071 250 2135 S.
266 2071 445 2154 Odemar0,
464 2073 631 2140 Morinen.
647 2074 745 2156 dioc,
761 2076 910 2142 noscitur
926 2077 1117 2157 consistere,
1135 2097 1335 2162 quocunque
1351 2077 1485 2144 modo...
1503 2097 1576 2143 rac.

220 2216 262 2224 -
278 2175 353 2241 Fiat
368 2185 465 2242 motu
481 2180 625 2265 propria,
642 2187 678 2245 et
692 2180 935 2266 dispensamus,
952 2189 1017 2246 etc.
1035 2179 1075 2246 R.

261 2278 340 2345 Dat.
356 2301 411 2366 ap.
427 2280 678 2348 Villamnovam
698 2304 734 2368 13
750 2283 818 2349 kal.
835 2294 920 2370 sept.
938 2292 971 2349 a⁰
988 2291 1029 2351 2⁰.
1047 2285 1097 2370 (5,
1119 2288 1220 2371 165V).

267 2419 388 2500 490.
1275 2455 1370 2518 1313,
1387 2457 1428 2499 22
1444 2441 1532 2500 00111.

260 2537 432 2625 Supplicat
446 2538 646 2603 universitas
661 2539 760 2604 studii
775 2540 1066 2606 Aurelianensis...

261 2640 349 2707 Item
375 2642 495 2708 eodem
510 2643 612 2708 modo
629 2641 729 2708 Petro
755 2643 798 2709 de
822 2643 972 2724 Serrone,
996 2643 1060 2725 leg.
1077 2639 1178 2721 doct,
1199 2639 1347 2726 [decan.
1364 2640 1523 2726 etpreb.]
1543 2641 1575 2704 in

217 2746 299 2811 eccl.
314 2748 537 2828 Attrebaten,
547 2767 615 2812 non
632 2749 718 2812 obst.
735 2768 807 2813 can.
823 2755 858 2812 et
873 2750 966 2832 preb.
983 2746 1064 2811 eccl.
1080 2743 1258 2827 Anagnine
1274 2752 1309 2808 et
1324 2744 1477 2829 parroclr.
1495 2744 1577 2809 eccl.

218 2849 261 2915 de
276 2848 417 2916 Camins
436 2850 695 2938 capellaniisque
714 2851 756 2918 de
771 2851 1005 2937 Waescapella
1027 2849 1118 2915 etde
1141 2848 1361 2933 Rodelglrern,
1377 2848 1576 2930 Tomacen,

216 2964 318 3039 atque
329 2956 525 3041 capellaniis
536 2957 578 3022 de
590 2956 734 3021 Avesnis
743 2955 894 3037 Comitis,
905 2956 948 3021 de
957 2952 1088 3020 Bruaco
1100 2962 1135 3018 et
1147 2952 1190 3017 de
1204 2952 1369 3034 Sailliaco,
1381 2952 1575 3019 Atrebaten.

217 3058 314 3139 dioc,
330 3079 413 3143 quas
428 3060 631 3144 capellanias
646 3081 764 3125 omnes
779 3060 940 3125 dimittat.
956 3099 999 3108 —
1016 3057 1094 3123 Fiat
1110 3057 1150 3123 R.

260 3165 339 3230 Dat.
356 3186 409 3251 ap.
426 3166 676 3233 villamnovam
697 3187 731 3230 11
749 3163 817 3228 kal.
834 3171 919 3249 sept.
935 3172 967 3227 a⁰
985 3170 1025 3227 2⁰.
1044 3162 1093 3246 (5,
1120 3164 1206 3245 170).

267 3303 379 3387 491.
1274 3330 1369 3394 1313,
1387 3332 1427 3393 2,(
1445 3314 1532 3375 nortl.

260 3422 361 3509 Supp.
377 3422 414 3487 fr.
430 3423 647 3501 Alamannus,
665 3420 765 3506 episc.
783 3416 951 3482 Mutinen.
967 3426 987 3497 ²,
1005 3414 1217 3481 arnbaxiator
1232 3411 1275 3477 ad
1290 3414 1393 3500 pedes
1412 3414 1443 3479 S.
1460 3412 1500 3479 V.
1516 3434 1577 3500 pro

216 3525 332 3591 inclito
347 3525 497 3612 principe
513 3524 652 3590 domino
668 3523 716 3607 G(
718 3522 852 3605 altero),
876 3521 1101 3585 Atthenarunr
1116 3517 1202 3584 duce
1217 3527 1237 3597 ³,
1254 3525 1289 3581 et
1312 3518 1482 3584 communi
1500 3516 1578 3582 Flo·

215 3630 331 3710 rentie,
349 3638 441 3713 quat.
463 3629 668 3717 [Augustino
684 3628 761 3694 cler.
778 3624 935 3705 studenti,
953 3622 1052 3709 nato]
1072 3626 1150 3689 nob.
1168 3623 1227 3688 viri
1244 3622 1470 3701 Bellincionis,
1487 3622 1577 3686 dom.

216 3731 312 3799 Cecis
328 3733 370 3799 de
388 3724 531 3799 Don'atis
546 3733 589 3798 de
603 3731 783 3812 Florentia,
793 3729 918 3808 militis,
935 3728 1093 3793 carissimi
1105 3728 1211 3793 fratris
1227 3728 1285 3806 sui,
1303 3726 1344 3791 de
1358 3746 1430 3789 can.
1442 3734 1476 3789 et
1486 3727 1578 3810 preb.

215 3838 355 3903 ecclesie
372 3838 538 3919 Parmen,
555 3858 615 3923 per
631 3838 681 3901 ob.
698 3838 777 3901 bon.
793 3854 895 3898 mem.
905 3832 996 3898 dom.
1007 3830 1185 3917 A(ndree),
1198 3831 1250 3895 tit.
1261 3831 1292 3894 S.
1304 3830 1453 3893 Susanne
1470 3831 1577 3913 presb.

217 3941 315 4022 card,
331 3942 386 4006 vel
397 3943 480 4007 alias
492 3941 797 4026 quomodocunque
806 3958 889 4017 vac,
902 3934 1084 4021 dignemini
1097 3934 1273 4021 providere
1287 3956 1295 4012 ;
1307 3952 1375 3998 non
1389 3934 1474 3997 obst.
1488 3931 1578 4014 quod
1668 3940 1677 3951 '

216 4046 305 4110 idem
319 4046 525 4130 Augustinus
540 4045 719 4111 rectoriam
736 4041 877 4108 ecclesie
892 4040 935 4107 de
952 4040 1069 4105 Pontis
1078 4039 1120 4104 de
1136 4037 1289 4123 Vignola,
1302 4035 1469 4100 Mutinen.
1480 4035 1577 4116 (1100,

215 4170 241 4214 s.
256 4170 296 4230 c.,
313 4150 406 4234 cujus
421 4149 548 4216 fructus
565 4169 581 4234 5
598 4149 632 4214 fl.
648 4148 717 4213 auri
733 4146 883 4212 valorem
900 4165 1048 4209 annuum
1064 4164 1132 4209 non
1144 4142 1320 4222 excedunt,
1333 4140 1482 4205 noscitur
1492 4140 1577 4204 obti-

217 4273 306 4318 nere.
323 4294 366 4303 -
382 4252 458 4318 Fiat
475 4253 515 4318 R.

261 4355 341 4421 Dat.
357 4378 412 4443 ap.
427 4356 680 4422 villamnovam
698 4377 715 4437 9
732 4356 799 4420 kal.
815 4362 899 4440 sept.
918 4361 950 4419 a⁰
967 4360 1008 4417 2⁰.
1026 4352 1075 4436 (5,
1096 4355 1154 4435 167
1173 4352 1198 4436 ).

267 4494 518 4579 492·493.
1276 4522 1371 4585 1313,
1388 4522 1429 4583 24
1445 4506 1532 4566 nortl.

259 4616 362 4701 Supp.
378 4613 397 4691 J
401 4614 552 4679 ohannes
567 4613 676 4679 dictus
693 4610 804 4698 Kemp
819 4610 862 4675 de
878 4609 1030 4695 Tongris,
1048 4607 1208 4674 Leodien.
1218 4608 1305 4673 dioc.
1319 4606 1406 4687 0101,
1417 4606 1460 4671 (10
1470 4608 1577 4693 presb.

217 4728 252 4783 et
267 4720 377 4784 soluta
392 4718 534 4802 genitus
550 4725 641 4801 quat.
657 4714 846 4801 hujusmodi
862 4714 927 4780 def.
943 4736 1011 4781 non
1028 4716 1124 4794 obst,
1141 4720 1276 4780 tonsura
1303 4710 1457 4792 clericali,
1473 4710 1578 4775 tacito

249 4908 340 4957 Ll'oir
351 4923 376 4957 n.
389 4910 481 4957 215.-
490 4910 514 4958 2.
525 4909 636 4955 Alaman
647 4907 679 4955 (10
692 4907 807 4966 Donatis,
820 4904 1017 4965 Ο,Μ111.,ῤ1’.(10
1029 4906 1118 4961 Soano,
1132 4905 1189 4966 puis
1201 4904 1224 4951 10
1238 4903 1267 4951 18
1277 4902 1342 4964 juill.
1353 4901 1414 4949 1342
1426 4900 1458 4949 (10
1469 4899 1577 4949 Modone

218 4982 322 5043 (Rubel,
336 4982 356 5043 1,
365 4982 434 5043 370.)
442 5010 475 5016 —
486 4982 509 5031 3.
521 4981 629 5030 Gauticr
639 4981 671 5029 (10
685 4981 793 5029 1111011110
805 4976 849 5026 tue
861 4979 876 5027 11
888 4978 914 5025 la
925 4978 1031 5027 bataille
1042 4978 1074 5027 (10
1087 4978 1194 5027 Poitiers
1206 4978 1229 5025 le
1242 4978 1271 5023 19
1284 4978 1349 5038 sept.
1361 4974 1430 5021 1356.
