3650 5675
749 484 836 557 1342,
860 483 895 547 18
916 486 990 549 aott
1513 488 1549 552 31

233 648 307 707 151.
324 640 412 707 Item
428 660 524 725 supp.
540 644 632 722 quat.
649 656 735 722 mag.
752 636 943 703 Guiehardo
960 638 1157 721 Salomonis,
1181 662 1256 727 cap.
1272 662 1342 720 suo,
1359 641 1402 705 de
1426 662 1500 706 can.
1517 650 1552 706 et

185 746 387 831 preb.eccl.¹¹
398 742 595 829 [dignemini
605 742 816 827 providere.],
824 762 892 807 non
904 744 991 807 obst.
1002 742 1093 824 quod
1102 744 1254 829 parroch.
1267 746 1349 811 eccl.
1361 745 1404 811 de
1417 744 1551 826 Hersin,

185 850 397 913 Attrebaten.
408 846 507 926 dioc,
523 864 563 910 ac
580 843 850 911 Montisferrandi
866 853 902 910 et
918 845 1088 911 Sebaziaci
1103 847 1551 929 eccl.,Claromonten.dioc.,

187 972 265 1017 can.
280 957 314 1016 et
329 953 422 1037 preb.
439 950 620 1015 obtinet-
641 947 718 1013 Fiat
732 949 766 1013 in
782 951 864 1015 eccl.
881 949 912 1015 S.
929 948 1106 1034 Gaugerici
1122 950 1335 1018 Cameracen.
1353 951 1394 1017 R.
1406 952 1448 1034 (I,
1469 958 1550 1036 124).

235 1104 314 1163 152.
328 1094 416 1161 Item
433 1115 527 1181 supp.
545 1101 637 1179 quat.
661 1096 908 1181 consanguineo
932 1118 992 1162 suo
1008 1097 1170 1164 Gausrido
1184 1099 1227 1164 de
1244 1100 1404 1166 Vichiaco
1418 1100 1460 1164 de
1476 1121 1552 1165 can.

188 1209 224 1266 et
239 1203 331 1286 preb.
347 1201 429 1265 eccl.
446 1198 662 1264 Cameracen.
678 1198 860 1283 dignemini
876 1201 1061 1286 providere,
1078 1222 1146 1267 non
1162 1206 1247 1268 obst.
1265 1203 1355 1288 quod
1370 1204 1403 1267 in
1420 1206 1502 1270 eccl.
1519 1204 1551 1269 S.

188 1305 314 1370 Sirenei
330 1304 372 1370 de
389 1303 555 1385 Billiom0,
572 1302 823 1370 Claromonten.
839 1304 937 1384 dioc,
954 1326 1039 1385 can,
1055 1309 1147 1390 preb.
1160 1314 1195 1371 et
1207 1306 1394 1371 cantoriam
1410 1308 1552 1373 obtinet.

193 1446 227 1455 -
248 1406 325 1473 Fiat
337 1408 377 1473 R.

235 1562 312 1621 153.
330 1555 417 1619 Item
434 1562 526 1639 quat.
543 1554 717 1619 Dalmatio
733 1552 916 1633 Lamberti,
934 1554 1011 1619 cler.
1028 1574 1158 1619 camere
1174 1575 1242 1636 sue,
1258 1555 1301 1621 de
1318 1576 1393 1621 can.
1409 1565 1444 1621 et
1458 1560 1551 1642 preb.

187 1659 273 1723 eccl.
285 1658 326 1723 de
338 1657 466 1738 Furnis,
480 1656 646 1723 Morinen.
659 1657 755 1738 dioc,
764 1657 852 1723 unde
865 1657 1023 1723 oriundus
1039 1658 1161 1740 existit,
1173 1658 1355 1743 dignemini
1367 1661 1550 1745 providere,

189 1765 273 1846 [non
289 1763 390 1846 obst]
406 1761 498 1845 quod
514 1762 634 1847 capell.
655 1761 755 1827 castri
781 1760 823 1825 de
848 1761 940 1847 Ailly
966 1782 1065 1847 super
1091 1761 1216 1844 Noam,
1240 1764 1437 1843 Ambianen.
1452 1764 1549 1846 dioc,

190 1866 332 1931 obtinet.
350 1906 377 1915 -
402 1865 479 1931 Fiat
495 1864 535 1931 R.
768 1952 770 1957 ,

237 1968 316 2034 Dat.
333 1990 387 2055 ap.
404 1968 654 2035 Villamnovam
670 1969 714 2035 id.
732 1989 803 2053 aug.
821 1976 854 2033 a⁰
873 1976 913 2035 1⁰.
930 1968 972 2053 (I,
992 1970 1096 2053 1241).

242 2126 350 2208 154.
1249 2156 1344 2220 1542,
1361 2157 1401 2221 13
1418 2144 1506 2203 aetat.

234 2242 335 2329 Supp.
351 2242 469 2307 Petrus
484 2240 526 2306 de
550 2240 725 2321 Gandavo,
753 2243 861 2326 presb.
889 2240 918 2305 F
919 2242 1092 2325 lamingus,
1119 2239 1305 2306 Tomacen.
1332 2240 1429 2321 dioc,
1457 2250 1549 2326 quat.

188 2347 250 2411 sibi
266 2345 308 2411 de
323 2349 399 2410 ben.
416 2346 498 2410 eccl.
526 2365 551 2410 s.
568 2365 607 2425 c.,
634 2353 811 2430 spectante
838 2344 880 2410 ad
907 2346 984 2410 coll.
1000 2344 1101 2430 episc.
1129 2343 1344 2409 Cameracen.
1367 2344 1548 2429 dignemini

188 2448 363 2534 providere
379 2472 387 2529 ;
404 2469 473 2514 non
489 2450 575 2513 obst.
591 2448 682 2532 quod
696 2449 847 2534 parroch.
864 2450 946 2513 eccl.
963 2447 1002 2513 B.
1019 2448 1203 2513 Katherine
1219 2447 1396 2534 Brugensis
1411 2447 1432 2528 ¹’,
1459 2448 1550 2514 dicte

188 2552 376 2617 Tomacen.
392 2551 489 2632 dioc,
505 2551 654 2616 noscitur
668 2552 829 2616 obtinere.
846 2591 888 2601 -
905 2550 982 2617 Fiat
997 2572 1101 2635 usque
1117 2551 1160 2617 ad
1176 2572 1342 2617 summam
1360 2570 1400 2635 50
1416 2552 1471 2616 lib.
1489 2551 1528 2615 R.

233 2654 313 2719 Dat.
329 2675 383 2740 ap.
400 2654 649 2751 Villemnovam
664 2654 705 2720 id.
723 2675 796 2740 aug.
813 2662 847 2720 a⁰
866 2662 905 2720 1⁰.
922 2654 964 2737 (I,
988 2658 1073 2737 126).

244 2810 349 2894 155.
1084 2830 1088 2840 ’
1245 2842 1340 2904 1342,
1358 2840 1397 2904 13
1415 2825 1502 2885 aor‘ct.

235 2927 335 3012 Supp.
351 2926 550 2991 Lambertus
564 2925 607 2990 de
623 2923 803 2990 Linsemial
817 2935 834 3005 ¹,
849 2922 1009 2989 Leodien.
1021 2923 1109 2989 dioc.
1120 2928 1238 3009 presb,
1252 2925 1309 3009 qui
1321 2945 1399 2990 casu
1412 2925 1549 2990 fortuito

188 3039 224 3095 et
240 3029 296 3095 diu
308 3036 499 3116 expectem,
514 3050 583 3094 non
599 3029 727 3094 habens
742 3028 843 3093 aliurn
860 3028 950 3113 apud
965 3027 1079 3093 sedem
1105 3036 1213 3113 apost.
1228 3049 1330 3112 quam
1347 3028 1457 3092 Deum
1473 3049 1548 3114 pro-

187 3142 364 3214 motorem,
397 3141 490 3218 quat.
521 3132 630 3198 eidem
671 3153 744 3198 can.
779 3139 814 3196 et
845 3134 938 3216 preb.
968 3131 1002 3195 in
1030 3133 1111 3197 eccl.
1143 3132 1174 3196 S.
1204 3132 1346 3198 Dionisii
1376 3130 1548 3212 Leodien.,

189 3239 276 3322 [vac.
291 3238 346 3303 vel
360 3238 497 3321 vacat.],
513 3235 689 3302 donationi
704 3243 811 3320 apost.
827 3234 1009 3319 dignemini
1025 3255 1193 3300 reservare
1208 3243 1244 3300 et
1264 3236 1373 3301 eidem
1403 3235 1446 3301 de
1470 3237 1549 3322 ipsis

189 3341 362 3428 providere
381 3363 389 3421 ;
406 3361 475 3406 non
492 3344 577 3406 obst.
592 3343 669 3406 ben.
686 3346 802 3405 curato
817 3339 907 3422 quod
922 3339 1053 3404 obtinet
1079 3340 1113 3402 in
1139 3341 1222 3406 eccl.
1237 3341 1390 3426 parroch.
1406 3341 1453 3407 de.
1466 3340 1553 3407 Ros·

189 3465 289 3527 mere,
306 3445 396 3511 dicte
419 3444 517 3526 dioc,
533 3444 624 3529 quod
638 3452 775 3530 paratus
790 3450 841 3507 est
856 3441 1035 3522 dimittere,
1057 3443 1084 3506 si
1100 3441 1140 3508 V.
1168 3445 1330 3530 placuerit
1357 3445 1399 3525 S,
1425 3444 1547 3531 adepta

188 3549 331 3634 pacifica
347 3548 555 3634 possessione
570 3547 736 3613 dictorum
753 3567 827 3612 can.
844 3554 878 3611 et
894 3549 986 3633 preb.
1002 3585 1042 3595 -
1060 3545 1138 3613 Fiat
1153 3547 1194 3614 R.

234 3653 312 3718 Dat.
328 3673 380 3738 ap.
397 3651 645 3717 Viliamnovam
662 3650 704 3716 id.
721 3671 794 3735 aug.
811 3659 843 3715 a⁰
863 3658 901 3715 1⁰.
920 3649 962 3733 (I,
984 3653 1042 3734 148
1056 3653 1097 3736 v).

245 3805 349 3888 156.
1248 3839 1342 3902 1342,
1360 3839 1400 3902 15
1417 3823 1504 3882 aotl.

233 3923 334 4008 Supp.
350 3919 558 4000 GodefriduS,
576 3920 661 3984 filius
677 3918 836 3985 Nicholai
852 3920 933 3985 dicti
950 3919 1114 4005 Borghart
1130 3920 1172 3985 de
1189 3919 1353 4002 Herdren,
1370 3922 1446 3986 cler.
1463 3919 1549 3986 Leo-

189 4025 276 4091 dien.
293 4025 389 4105 dioc,
406 4023 463 4108 qui
479 4043 558 4088 casu
573 4023 710 4089 fortuito
726 4031 761 4088 et
776 4023 832 4089 diu
849 4032 1031 4109 expectato
1046 4044 1115 4089 non
1131 4024 1260 4089 habens
1274 4024 1376 4089 alium
1399 4026 1490 4110 apud
1516 4025 1547 4090 S.

191 4129 230 4195 V.
247 4151 347 4215 quam
365 4130 475 4194 Deum
491 4135 729 4214 promotorem,
747 4136 838 4212 quat.
855 4128 966 4194 eidem
982 4149 1055 4194 can.
1076 4136 1111 4193 et
1126 4131 1218 4214 preb.
1235 4127 1268 4192 in
1285 4128 1366 4194 eccl.
1383 4127 1415 4192 S.
1432 4127 1549 4193 Crucis

191 4230 360 4314 Leodien.,
384 4233 471 4316 [vac.
502 4233 557 4297 vel
586 4233 724 4316 vacat.,]
757 4231 866 4296 eidem
904 4231 1133 4312 conferendos,
1161 4231 1342 4315 dignemini
1369 4251 1553 4310 reservare,

190 4338 280 4402 etde
296 4337 359 4402 illis
375 4335 486 4402 eidem
507 4336 646 4422 pauperi
673 4337 749 4401 cler.
776 4337 904 4400 nullum
932 4335 1070 4400 habenti
1092 4337 1196 4420 [ben]
1213 4336 1293 4400 eccl.
1311 4335 1493 4422 providere.
1511 4371 1548 4384 -

191 4439 321 4609 Ρ111111
324 4493 380 4630 ep.
398 4543 645 4609 Villamnovam
661 4543 695 4609 id
710 4562 783 4628 aug.
801 4549 834 4608 a⁰
855 4549 892 4608 1⁰.
911 4541 954 4630 (I,
975 4543 1061 4627 160).

220 4731 247 4791 o)
265 4729 300 4779 Lo
318 4745 377 4778 nom
395 4743 487 4794 propre
503 4743 520 4779 a
536 4728 577 4778 eto
594 4732 665 4780 omis.
678 4758 710 4767 —
725 4731 757 4792 b)
773 4729 837 4784 Cor..
852 4729 967 4790 Burgen.

220 4915 242 4962 l.
255 4913 352 4972 Kirsch,
366 4911 440 4970 Koll,
453 4913 508 4962 266.
620 4932 626 4968 1
