3650 5675
717 526 806 607 nn,
830 527 918 592 18-19
936 527 1014 609 jun.
1491 535 1554 600 les

191 679 335 747 ecclesie
351 679 382 745 S.
399 677 418 756 J
422 678 564 744 ohannis
578 676 739 744 Leodien.
763 686 846 744 tunc
860 698 935 743 vac.
961 675 1104 745 Matheo
1127 679 1170 745 de
1196 679 1326 746 Sanctis
1341 693 1360 763 ¹,
1378 682 1553 768 capellano

194 784 348 851 familiari
365 782 541 849 cardinalis
556 781 668 868 ipsius,
684 780 828 866 gratiose
844 781 1001 867 providit,
1017 783 1150 866 adjecto
1162 783 1263 867 quod,
1280 803 1357 849 cum
1372 787 1552 872 possessio-

192 909 273 955 nem
289 887 467 975 pacificam
489 886 637 972 ipsorum
652 905 726 950 can.
754 894 789 951 et
803 888 896 971 preb.
922 884 1009 952 foret
1023 887 1175 973 adeptus,
1204 890 1358 974 parroch.
1373 891 1551 957 ecclesiam

191 993 236 1059 de
253 992 371 1077 Longo
386 999 494 1078 prato,
510 990 697 1056 Tomacen.
721 990 818 1071 dioc,
846 1010 949 1074 quam
974 990 1084 1057 dictus
1100 990 1261 1060 Matheus
1284 1003 1369 1060 tunc
1391 996 1553 1082 temporis

193 1096 379 1177 obtinebat,
419 1114 586 1179 quamque
624 1094 793 1161 Sanctitas
824 1094 955 1161 Eadem
984 1103 1066 1184 tunc
1101 1117 1224 1163 vacare
1265 1098 1425 1181 decrevit,
1461 1100 1551 1165 idem

192 1199 365 1281 Matheus,
388 1205 489 1285 prout
514 1197 558 1263 ad
581 1198 616 1264 id
640 1207 760 1283 sponte
784 1219 819 1263 se
846 1200 978 1279 obtulit,
1005 1200 1174 1267 dimittere
1197 1210 1379 1269 teneretur.
1405 1203 1552 1269 Demum

189 1325 275 1371 vero
289 1305 381 1371 dicta
397 1302 573 1383 Sanctitas,
590 1302 729 1368 addicti
753 1302 929 1371 cardinalis
952 1305 1242 1390 supplicationem,
1269 1307 1455 1393 predictam
1478 1329 1553 1395 par-

191 1408 286 1475 roch.
302 1406 490 1488 ecclesiam,
518 1426 595 1471 cum
620 1426 696 1471 eam
720 1426 780 1492 per
806 1408 1054 1474 assecutionem
1080 1411 1299 1476 canonicatus
1325 1420 1361 1477 et
1383 1412 1552 1497 prebende

192 1510 420 1598 predictorum
449 1531 569 1577 vacare
600 1510 820 1595 contingeret,
851 1510 1090 1578 conserendam
1128 1514 1310 1581 Guillelmo
1345 1516 1552 1597 Descanbot,

193 1616 344 1682 familian'
371 1616 452 1681 dicti
480 1614 668 1695 cardinalis,
694 1614 865 1681 collationi
894 1624 1002 1701 apost.
1029 1617 1218 1702 specialiter
1243 1620 1435 1684 reservavit.
1466 1618 1551 1683 Cum

194 1729 317 1801 autem,
333 1728 431 1806 pater
446 1719 511 1799 8⁰¹⁰,
527 1718 636 1784 dictus
653 1714 813 1784 Matheus
840 1718 1007 1785 dictorum
1032 1739 1106 1786 can.
1130 1729 1166 1786 et
1189 1723 1282 1807 preb.
1308 1722 1553 1807 possessionem

193 1823 373 1910 pacificam
403 1829 573 1889 assecutus
602 1821 710 1904 fuerit
741 1830 776 1887 et
803 1830 882 1888 ante
910 1823 1157 1889 assecutionem
1182 1824 1370 1906 hujusmodi
1406 1825 1554 1913 prefatus

195 1925 393 1992 Guillelmus
409 1926 498 1992 diem
515 1925 671 1993 clausisse
685 1934 843 1992 noscatur
858 1934 1057 2009 extremum,
1074 1936 1109 1993 et
1132 1937 1310 2016 propterea
1333 1929 1423 2017 apud
1438 1929 1552 1995 sedem

194 2039 303 2118 apost.
320 2030 429 2098 adhuc
444 2030 535 2097 dicta
550 2032 704 2117 parroch.
728 2030 869 2097 ecclesia
892 2052 1013 2098 vacare
1028 2041 1196 2116 noscatur,
1218 2054 1314 2120 supp.
1331 2033 1420 2099 idem
1447 2034 1553 2100 cardi-

194 2136 280 2201 nalis
295 2143 387 2221 quat.
402 2135 534 2201 Thome
549 2135 592 2201 de
615 2132 836 2217 Monasterio,
865 2135 987 2201 clerico
1014 2134 1248 2205 Constantien.
1274 2137 1373 2221 dioc,
1399 2137 1553 2204 familiari

195 2259 255 2305 suo
270 2239 432 2305 continuo
448 2239 676 2325 commensali,
700 2239 742 2305 de
757 2239 911 2325 predicta
937 2241 1090 2326 parroch.
1114 2242 1256 2308 ecclesia
1271 2242 1319 2308 sic
1342 2262 1417 2309 vac.
1437 2242 1552 2327 digne-

195 2343 276 2409 mini
291 2344 497 2429 providere...
514 2352 549 2409 et
564 2363 634 2409 non
650 2345 736 2409 obst.
753 2342 844 2428 quod
859 2342 949 2408 idem
964 2343 1114 2409 Thomas
1129 2347 1205 2411 ben.
1216 2347 1298 2412 eccl.
1314 2367 1343 2412 c.
1360 2367 1389 2412 c.
1412 2346 1466 2409 vel
1481 2367 1506 2411 s.
1523 2366 1552 2412 c.

195 2447 238 2513 ad
254 2448 330 2513 coll.
346 2448 506 2535 prepositi
527 2454 562 2513 et
589 2446 727 2533 capituli
751 2446 892 2511 ecclesie
909 2446 940 2511 S.
967 2444 1106 2513 Martini
1127 2448 1170 2514 de
1195 2447 1375 2535 Campellis
1401 2448 1436 2513 in
1463 2448 1552 2530 Bria,

195 2551 352 2618 Parisien.
368 2552 467 2634 dioc,
484 2551 686 2618 auctoritate
702 2550 889 2616 litterarum
912 2557 1099 2616 vestrarum
1114 2552 1148 2616 in
1164 2552 1335 2618 communi
1352 2550 1458 2616 forma
1472 2571 1553 2636 pau-

195 2676 321 2741 perum,
336 2665 534 2723 vacaturum
553 2656 720 2741 expectat,
744 2675 786 2719 ex
809 2654 952 2719 uberiori
978 2653 1070 2720 dono
1091 2656 1198 2740 gratie
1222 2654 1438 2741 providentes
1464 2653 1554 2738 quod

194 2757 384 2844 hujusmodi
400 2759 747 2847 expectativeifllittere
770 2758 805 2823 in
829 2778 889 2824 suo
915 2758 1029 2844 vigore
1045 2766 1267 2845 permaneant
1293 2757 1403 2844 quoad
1428 2758 1553 2823 benefi-

196 2862 285 2927 cium
301 2884 326 2929 s.
343 2883 372 2930 c.
394 2901 426 2912 -
449 2863 527 2931 Fiat
550 2863 591 2930 R.

239 2965 319 3032 Dat.
336 2967 435 3033 Avin.
456 2988 493 3053 14
509 2966 575 3034 kal.
588 2969 661 3055 julii
678 2977 710 3034 a⁰
727 2971 769 3034 8⁰.
786 2969 856 3053 (19,
873 2970 957 3055 41').

249 3103 389 3184 1742.
1263 3119 1511 3205 1349,18juin.

240 3218 386 3287 Rutulus
409 3225 708 3309 confirmationum.

240 3324 433 3412 Dignemini
457 3327 687 3393 confirmare...

240 3427 329 3494 Item
367 3430 465 3495 simili
496 3429 599 3496 modo
628 3430 931 3516 acceptationem...
962 3430 1087 3496 factam
1125 3433 1328 3497 auctoritate
1358 3439 1465 3518 apost.
1494 3452 1555 3518 per

194 3533 416 3617 Ar(nal)dum
431 3533 473 3599 de
489 3532 687 3620 MoleriS,U.
697 3533 728 3611 J.
739 3533 924 3616 doctorem,
938 3536 1139 3602 canonicum
1156 3535 1395 3617 Morinensem,
1405 3537 1447 3602 de
1463 3539 1554 3622 preb.

196 3636 300 3722 ipsius
315 3637 456 3704 ecclesie
472 3657 546 3703 vac.
562 3658 621 3723 per
633 3639 687 3703 ob.
704 3637 723 3715 J
727 3637 870 3705 ohannis
888 3639 1077 3705 Halouseti.
1193 3665 1197 3673 ·

241 3738 330 3806 Item
345 3741 443 3806 simili
460 3725 564 3807 modo
579 3741 828 3808 collationem...
853 3743 1054 3808 auctoritate
1070 3742 1236 3810 ordinaria
1262 3745 1388 3810 factam
1403 3742 1554 3829 predicto

196 3845 381 3930 Ar(11al)do
396 3845 438 3911 de
455 3843 594 3910 Moleris
621 3844 663 3910 de
678 3845 844 3912 decanatu
868 3847 1009 3913 ecclesie
1034 3847 1110 3912 coll.
1126 3845 1166 3912 B.
1182 3846 1303 3913 Verani
1330 3846 1372 3912 de
1396 3846 1415 3924 J
1418 3847 1553 3932 argolio,

196 3949 411 4014 Aurelianen.
427 3947 515 4014 dioc.
531 3989 574 3998 -
591 3947 667 4014 Fiat
683 3947 746 4015 R...

241 4052 321 4118 Dat.
337 4053 436 4118 Avin.
456 4072 495 4132 14
509 4050 576 4117 kal.
588 4052 661 4138 julii
678 4060 710 4118 a⁰
727 4055 769 4119 8⁰.
786 4055 853 4138 (19,
870 4055 938 4138 49).

249 4190 391 4276 1743.
1260 4226 1355 4291 1349,
1372 4227 1414 4292 19
1423 4205 1511 4288 jum

241 4309 330 4396 Sign.
347 4309 378 4375 S.
395 4308 435 4376 V.
451 4308 652 4390 LudovicuS,
669 4329 783 4376 comes
800 4309 966 4391 Flandrie,
990 4309 1091 4394 quod,
1107 4318 1251 4375 vacante
1266 4310 1372 4375 altera
1397 4310 1553 4395 portione

195 4433 254 4479 seu
269 4413 413 4480 rectoria
429 4413 581 4500 parroch.
608 4413 750 4479 ecclesie
769 4413 801 4479 S.
816 4412 994 4490 Johannis
1022 4412 1219 4494 Gandensis,
1246 4412 1434 4479 Tomacen.
1455 4414 1552 4495 dioc,

195 4537 255 4603 per
284 4525 352 4582 tres
382 4524 528 4584 rectores
553 4517 650 4584 solite
676 4517 862 4602 gubernari,
887 4537 948 4603 per
978 4523 1121 4583 mortem
1151 4517 1301 4602 magistri
1326 4516 1485 4582 Willelmi
1511 4519 1554 4584 de

196 4619 401 4706 Sleydighen
417 4627 440 4702 ⁸,
456 4620 512 4706 qui
529 4641 604 4687 eam
619 4625 700 4686 dum
712 4621 841 4687 viveret
853 4621 1037 4701 obtinebat,
1053 4630 1089 4687 et
1103 4629 1198 4687 extra
1208 4619 1306 4685 R'om.
1319 4620 1445 4688 curiam
1460 4620 1553 4701 obiit,

228 4809 254 4872 a)
270 4807 327 4858 Cori.
341 4809 523 4871 Sleydighnon.

231 4952 252 5003 1.
263 4951 327 5001 Voir
338 4967 364 5002 n.
375 4954 429 5013 936,
444 4954 514 5002 1214.
