3650 5675
717 490 821 565 .1342,
846 491 880 556 21
903 490 972 556 mai.
1510 499 1530 564 3

169 641 301 728 speciali
324 640 507 727 dignemini
534 660 706 721 renovare,
724 660 800 706 cum
824 641 1070 726 acceptatione,
1087 641 1296 726 inhibitione,
1312 652 1435 711 etc·
1453 644 1530 711 Fiat

168 746 207 811 de
230 745 434 812 canonicatu
459 747 519 810 sub
545 744 783 830 expectatione
799 743 969 829 prebende
984 744 1019 808 in
1035 745 1178 810 ecclesia
1194 746 1405 814 Tomacensi.
1430 788 1472 799 -
1488 748 1529 815 R.

169 849 212 915 lit
228 849 320 934 quod
333 856 483 915 transeat
499 848 570 914 sine
587 847 653 913 alia
669 847 826 913 lectione.
843 886 885 897 -
902 845 980 911 Fiat
997 846 1036 911 R.

172 945 174 949 ’
211 953 339 1019 Datum
354 952 522 1018 Avinione
539 972 575 1016 12
589 949 750 1016 kalendas
762 950 846 1035 junii
867 970 957 1015 anno
969 951 1086 1036 primo.
1104 951 1146 1036 (I,
1168 955 1253 1039 133).

220 1093 295 1174 10.
1232 1125 1328 1190 1542,
1348 1126 1388 1170 ar
1405 1110 1484 1173 anai.

210 1211 381 1296 Significat
393 1208 601 1295 S(anctitati)
614 1207 763 1292 V(estre)
774 1207 917 1273 devotus
928 1228 1042 1273 servus
1054 1216 1165 1273 vester
1178 1208 1407 1291 Francischus,
1420 1210 1529 1276 dictus

166 1336 201 1381 as
213 1315 355 1401 Capeles
366 1312 568 1394 ¹,canonicus
582 1311 722 1377 ecclesie
740 1310 852 1376 Sancti
865 1309 1040 1395 Gangetici
1061 1310 1322 1393 Cameracensis,
1335 1324 1529 1400 procurator

166 1426 287 1499 vester,
300 1426 453 1502 tempore
477 1416 699 1481 cardinalatus
722 1414 833 1494 vestri,
846 1415 880 1478 in
901 1415 1174 1483 archidiaconatu
1186 1416 1394 1484 Bruxellensi
1405 1428 1426 1500 ²,
1439 1420 1530 1504 quod

166 1524 244 1588 licet
256 1522 374 1587 eadem
383 1519 560 1600 Sanctitas
573 1526 726 1604 tempore
739 1518 962 1584 cardinalatus
975 1519 1125 1604 predicti,
1139 1541 1238 1607 super
1251 1522 1455 1589 conferendo
1467 1524 1528 1589 'sibi

167 1626 331 1692 decanatu
357 1624 506 1711 ejusdem
529 1623 680 1704 ecclesie,
697 1628 779 1687 tunc
796 1630 949 1703 vacante,
962 1623 1102 1689 domino
1114 1645 1202 1709 pape
1214 1624 1401 1692 Benedicto
1412 1627 1529 1713 prede-

167 1730 287 1797 cessori
310 1738 424 1795 vestro
446 1727 691 1815 supplicaverit,
704 1726 965 1810 quodeffectum
991 1728 1113 1795 habere
1135 1728 1297 1813 nequivit,
1320 1736 1435 1795 tamen
1458 1732 1529 1816 ipse

167 1834 392 1924 postmodum,
412 1842 491 1899 ante
513 1831 777 1917 assumptionem
800 1839 946 1897 vestram
968 1830 1011 1897 ad
1033 1832 1241 1917 apostolatus
1264 1832 1405 1918 apicem,
1417 1854 1529 1919 parro-

169 1939 311 2003 chialem
333 1938 509 2003 ecclesiam
537 1937 578 2003 de
603 1936 793 2020 Kievraing,
816 1934 1066 2012 Cameracensis
1088 1936 1240 2017 diocesia,
1253 1938 1365 2003 extitit
1390 1938 1529 2023 pacifice

168 2048 347 2106 assecutus.
361 2038 478 2125 Nuper
490 2059 571 2104 vero
583 2038 749 2117 Sanctitas
761 2037 879 2103 Vestra
891 2038 934 2103 de
946 2039 1191 2123 supplicatione
1211 2040 1399 2125 hujusmodi
1420 2062 1529 2106 recor-

167 2145 254 2225 data,
278 2144 387 2209 eidem
402 2142 614 2224 FrancischO,
628 2142 661 2207 in
685 2142 836 2207 absentia
847 2162 914 2221 sua,
928 2141 970 2207 de
981 2140 1074 2207 dicto
1086 2141 1252 2208 decanatu
1274 2143 1431 2229 providit.
1444 2143 1529 2208 Cum

168 2255 290 2327 autem,
314 2254 410 2332 pater
432 2247 649 2326 sanctissime,
674 2245 798 2311 fructus
821 2245 970 2331 ejusdem
993 2245 1210 2331 parrochialis
1230 2247 1381 2328 ecclesie,
1404 2250 1530 2313 tructus

166 2350 246 2417 dicti
270 2350 452 2417 decanatus
474 2350 517 2417 ad
541 2370 677 2436 presens
700 2349 861 2414 excedere
884 2349 1110 2431 dinoscantur,
1124 2358 1159 2415 et
1171 2350 1229 2431 sic,
1242 2350 1268 2416 si
1280 2350 1407 2417 dictam
1419 2351 1529 2438 provi-

167 2454 297 2520 sionem
321 2454 422 2539 ipsius
443 2454 625 2519 decanatus
648 2459 838 2538 acceptaret
862 2452 1066 2537 simpliciter,
1101 2460 1296 2539 opporteret
1319 2474 1395 2518 eum
1417 2473 1530 2539 parto

167 2558 311 2623 chialem
344 2558 519 2623 ecclesiam
557 2557 726 2622 dimittere
765 2555 979 2641 prelibatam,
1013 2556 1182 2620 humiliter
1222 2556 1387 2641 supplicat
1421 2556 1530 2621 dictus

168 2658 400 2739 Francischns,
423 2658 588 2743 quatinus,
612 2679 688 2724 cum
723 2659 920 2724 intentionis
942 2668 1053 2724 vestre
1085 2659 1128 2723 sit
1150 2660 1291 2743 gratiam
1315 2659 1423 2724 facere
1456 2659 1528 2739 sibi,

166 2762 350 2850 dignemini
374 2782 450 2827 cum
473 2783 525 2845 eo,
548 2762 639 2849 quod
659 2763 859 2829 decanatum
872 2769 906 2827 et
918 2761 1160 2848 parrochialem
1173 2761 1349 2827 ecclesiam
1361 2761 1530 2848 predictos

167 2868 259 2933 licite
281 2868 393 2932 valeat
415 2867 568 2948 retinere,
593 2887 802 2951 quacumque
825 2867 1067 2933 constitutione
1090 2867 1257 2932 contraria
1276 2869 1528 2948 nonobstante,

166 2969 368 3036 anctoritate
388 2971 572 3056 apostolica
583 2971 625 3036 de
638 2971 772 3056 speciali
795 2971 901 3055 gratia
923 2970 1138 3056 dispensare3
1162 2991 1231 3036 non
1259 2974 1414 3036 obstante
1436 2970 1528 3055 quod

167 3074 405 3139 canonicatum
421 3082 456 3138 et
478 3073 682 3158 prebendam
704 3075 738 3139 iu
758 3075 849 3142 dicta
869 3075 1011 3141 ecclesia
1031 3075 1145 3141 Sancti
1169 3074 1355 3160 Gangerici,
1369 3084 1402 3141 et
1415 3096 1527 3161 parro-

168 3178 312 3244 chialem
327 3179 502 3244 ecclesiam
525 3179 710 3264 predictam
733 3181 881 3245 noscitur
904 3181 1066 3246 obtinere.

212 3279 274 3346 Vel
298 3281 417 3346 saltem
440 3281 511 3363 sibi,
535 3282 612 3348 loco
634 3283 715 3350 dicti
739 3284 930 3364 decanatus
954 3283 996 3348 de
1019 3281 1220 3349 canonicatu
1242 3282 1382 3348 ecclesie
1410 3281 1528 3348 Came-

168 3385 313 3450 racensis
325 3387 385 3450 sub
397 3386 633 3470 expectatione
655 3388 824 3475 prebende
834 3397 855 3467 ³,
869 3407 946 3452 cnm
968 3386 1047 3452 data
1069 3386 1269 3472 provisionis
1291 3387 1352 3453 sibi
1375 3387 1463 3452 facte
1484 3387 1527 3452 de

169 3487 334 3552 decanatu
345 3487 507 3572 predicto,
520 3508 596 3554 cum
612 3491 855 3578 acceptatione,
867 3490 1050 3576 dignemini
1063 3489 1170 3556 facere
1181 3491 1322 3577 gratiam
1338 3491 1526 3578 specialem.

169 3629 213 3642 -—
226 3589 311 3673 Fiat,
323 3599 359 3656 et
370 3592 412 3657 de
423 3591 502 3658 data
513 3592 721 3660 familiarium
733 3607 753 3660 ⁴.
767 3594 807 3662 R.
819 3635 862 3645 —
876 3593 921 3660 Et
936 3593 1027 3679 quod
1048 3601 1196 3659 transeat
1212 3595 1284 3660 sine
1295 3594 1360 3659 alia
1371 3594 1527 3660 lectione.

169 3734 213 3744 —
237 3693 311 3761 Fiat
335 3694 375 3761 R.

215 3797 341 3864 Datum
363 3799 532 3910 Avinioue
560 3823 595 3866 12
619 3799 781 3902 kalendas
800 3803 884 3889 junii
908 3824 999 3868 anno
1021 3802 1140 3888 primo
1164 3800 1207 3886 (l,
1236 3803 1321 3886 166).

222 3937 288 4015 ll.
1096 3994 1100 4002 -
1232 3969 1327 4032 1542,
1347 3969 1388 4013 21
1406 3949 1483 4013 runi.

215 4049 314 4118 Motu
334 4053 468 4139 proprio
489 4055 703 4139 providemus
735 4053 872 4140 Hugdni
903 4054 1030 4133 Judicis
1052 4061 1063 4098 ⁵
1091 4053 1133 4119 de
1160 4073 1233 4118 can.
1260 4059 1295 4115 et
1324 4053 1415 4136 preb.
1445 4050 1528 4116 Tor-

170 4177 298 4239 nacen,
315 4179 399 4242 quos
428 4179 490 4224 nos
516 4169 595 4226 ante
619 4161 867 4246 promotionem
894 4167 1044 4224 nostram
1071 4157 1305 4221 obtinebamus
1328 4153 1474 4219 ibidem⁶
1494 4162 1529 4219 et

205 4340 224 4385 l.
242 4337 304 4386 von
319 4353 345 4386 n.
363 4339 386 4387 3.
398 4365 430 4374 -
449 4343 473 4388 2.
492 4339 528 4388 Le
547 4339 663 4388 cardinal
684 4339 769 4387 Pierre
787 4339 876 4400 Roger,
894 4339 985 4386 auden
1005 4333 1165 4396 archeveque
1182 4333 1214 4382 de
1231 4333 1327 4392 Rouen,
1340 4333 1382 4380 fut
1394 4347 1494 4396 pourvu
1507 4331 1531 4380 le

171 4411 306 4460 refertior
318 4413 388 4472 1339,
400 4413 436 4460 dn
447 4413 582 4462 canonicat
595 4413 666 4462 etde
679 4413 703 4460 ln
719 4411 849 4474 prebende
859 4412 892 4461 de
904 4411 1024 4460 Cambrai
1042 4414 1068 4457 et
1084 4409 1117 4457 ‹le
1128 4406 1325 4457 l'archidiacond
1341 4407 1374 4456 de
1391 4407 1530 4466 Bruxellee,

172 4489 276 4533 ramata
296 4499 344 4548 per
361 4485 387 4534 la
405 4491 474 4535 mort
491 4486 632 4545 d'Aruaud,
646 4485 715 4534 card.
727 4485 760 4534 de
780 4485 952 4534 St-Eustache
969 4483 1063 4545 (Vidnl,
1076 4499 1100 4533 n.
1113 4485 1196 4543 6628).
1207 4511 1239 4518 -
1251 4483 1273 4530 3.
1288 4481 1310 4528 ll
1322 4487 1360 4530 est
1372 4480 1422 4530 cite
1434 4496 1532 4538 comme

171 4557 243 4606 chan.
254 4557 286 4608 de
298 4560 418 4608 cambrai
430 4560 496 4608 1027
509 4558 565 4621 juin
579 4561 640 4608 1317
653 4560 905 4621 (lamburg-Stirurn,
922 4560 991 4608 (hrt.
1002 4555 1034 4605 de
1046 4556 1125 4605 Lmria
1136 4555 1167 4605 de
1179 4556 1257 4615 Μαῖα
1271 4556 1291 4614 l,
1305 4558 1371 4617 390).
1380 4585 1411 4593 -
1421 4557 1445 4604 l.
1457 4556 1532 4603 (lette

170 4633 314 4680 crrncession
332 4634 483 4695 permcttait
500 4633 533 4680 de
549 4637 663 4695 repar-ter
674 4633 699 4681 la
711 4633 802 4681 iuvem·
812 4635 827 4681 ὲ
839 4647 890 4680 une
901 4633 963 4681 dote
974 4630 1120 4680 ariterieure
1131 4632 1146 4678 h
1158 4630 1222 4678 celle
1232 4630 1265 4678 de
1276 4631 1301 4678 la
1313 4629 1487 4693 presentatiou
1500 4629 1532 4677 de

171 4703 197 4751 la
207 4706 322 4754 nouvelle
334 4705 480 4769 supplique.
487 4733 517 4741 -
528 4710 551 4756 5.
561 4707 585 4754 H
588 4721 667 4767 ugues
678 4707 710 4755 de
721 4708 746 4756 la
758 4707 845 4768 Jugee,
858 4707 936 4756 d'une
947 4706 1046 4754 familie
1056 4705 1132 4754 alueo
1142 4707 1158 4753 b
1170 4703 1288 4752 Clement
1300 4703 1345 4762 VI,
1355 4704 1435 4765 etqui
1446 4703 1534 4751 donna

171 4776 295 4840 plusieurs
311 4780 455 4828 canlinuux
467 4780 518 4840 (Cf.
531 4780 620 4840 Eubel,
635 4782 653 4840 l,
669 4783 705 4840 17,
719 4783 768 4842 21).
780 4809 813 4816 —
824 4785 846 4830 6.
859 4780 978 4830 Clement
990 4780 1026 4826 Vl
1038 4781 1081 4827 fut
1092 4777 1196 4828 nomme
1206 4779 1333 4827 chanoine
1344 4777 1376 4825 de
1387 4776 1498 4825 'l'ournai
1511 4776 1534 4824 le

174 4853 202 4900 16
220 4853 315 4902 levrici·
336 4853 398 4902 1³39
415 4853 509 4914 (Vidal,
531 4869 555 4904 n.
576 4856 669 4916 3630„
689 4856 707 4902 il
725 4857 766 4903 lut
783 4855 850 4902 aussi
862 4853 1020 4902 nrchidiacre
1031 4853 1064 4903 de
1075 4853 1150 4901 (land
1163 4853 1232 4912 (Vos,
1249 4848 1327 4914 dleap.
1339 4849 1371 4898 de
1384 4851 1500 4910 llnrrnnl,
1514 4851 1534 4908 1,

171 4927 297 4986 2116-261;
318 4925 400 4986 Vidal,
418 4941 443 4976 n.
462 4928 546 4988 6674).
