<?xml version="1.0" encoding="UTF-8"?>
<!DOCTYPE html PUBLIC "-//W3C//DTD XHTML 1.0 Transitional//EN"
    "http://www.w3.org/TR/xhtml1/DTD/xhtml1-transitional.dtd">
<html xmlns="http://www.w3.org/1999/xhtml" xml:lang="en" lang="en">
 <head>
  <title>
</title>
<meta http-equiv="Content-Type" content="text/html;charset=utf-8" />
  <meta name='ocr-system' content='tesseract 3.04.00' />
  <meta name='ocr-capabilities' content='ocr_page ocr_carea ocr_par ocr_line ocrx_word'/>
</head>
<body>
  <div class='ocr_page' id='page_1' title='image "./suppliquesdeclm00berlgoog_0295.png"; bbox 0 0 3650 5675; ppageno 0'>
   <div class='ocr_carea' id='block_1_1' title="bbox 249 430 1565 735">
    <p class='ocr_par' dir='ltr' id='par_1_1' title="bbox 249 430 1565 735">
     <span class='ocr_line' id='line_1_1' title="bbox 249 430 1163 557; baseline -0.005 -5"><span class='ocrx_word' id='word_1_1' title='bbox 249 487 311 552; x_wconf 89' lang='lat'>250</span> <span class='ocrx_word' id='word_1_2' title='bbox 810 484 897 557; x_wconf 79' lang='lat'>1346,</span> <span class='ocrx_word' id='word_1_3' title='bbox 920 485 961 548; x_wconf 85' lang='lat'>25</span> <span class='ocrx_word' id='word_1_4' title='bbox 983 484 1051 549; x_wconf 79' lang='lat' dir='ltr'>mn.</span> <span class='ocrx_word' id='word_1_5' title='bbox 1160 430 1163 436; x_wconf 35' lang='lat'><strong>¹</strong></span> 
     </span>
     <span class='ocr_line' id='line_1_2' title="bbox 300 636 1565 735; baseline -0.003 -14"><span class='ocrx_word' id='word_1_6' title='bbox 300 636 550 722; x_wconf 78' lang='grc'>984·985-</span> <span class='ocrx_word' id='word_1_7' title='bbox 1158 643 1164 655; x_wconf 68' lang='grc'><strong>’</strong></span> <span class='ocrx_word' id='word_1_8' title='bbox 1313 652 1409 735; x_wconf 71' lang='lat'>1346,</span> <span class='ocrx_word' id='word_1_9' title='bbox 1429 671 1471 733; x_wconf 87' lang='lat'>25</span> <span class='ocrx_word' id='word_1_10' title='bbox 1487 653 1565 717; x_wconf 71' lang='lat' dir='ltr'>anai.</span> 
     </span>
    </p>
   </div>
   <div class='ocr_carea' id='block_1_2' title="bbox 248 750 1674 1773">
    <p class='ocr_par' dir='ltr' id='par_1_2' title="bbox 248 750 1674 1773">
     <span class='ocr_line' id='line_1_3' title="bbox 293 750 1611 843; baseline -0.001 -22"><span class='ocrx_word' id='word_1_11' title='bbox 293 758 394 843; x_wconf 90' lang='lat' dir='ltr'>Supp.</span> <span class='ocrx_word' id='word_1_12' title='bbox 410 756 556 834; x_wconf 89' lang='lat' dir='ltr'>Jacobus</span> <span class='ocrx_word' id='word_1_13' title='bbox 579 752 697 818; x_wconf 90' lang='lat' dir='ltr'>Loude</span> <span class='ocrx_word' id='word_1_14' title='bbox 714 763 733 833; x_wconf 91' lang='lat'>¹,</span> <span class='ocrx_word' id='word_1_15' title='bbox 758 753 835 817; x_wconf 90' lang='lat' dir='ltr'>cler.</span> <span class='ocrx_word' id='word_1_16' title='bbox 862 750 1030 817; x_wconf 91' lang='lat' dir='ltr'>Morinen.</span> <span class='ocrx_word' id='word_1_17' title='bbox 1055 752 1152 832; x_wconf 92' lang='grc' dir='ltr'>ὦσα,</span> <span class='ocrx_word' id='word_1_18' title='bbox 1168 773 1254 837; x_wconf 93' lang='lat' dir='ltr'>mag.</span> <span class='ocrx_word' id='word_1_19' title='bbox 1265 753 1298 818; x_wconf 90' lang='lat' dir='ltr'>in</span> <span class='ocrx_word' id='word_1_20' title='bbox 1315 763 1387 835; x_wconf 81' lang='lat' dir='ltr'>art,</span> <span class='ocrx_word' id='word_1_21' title='bbox 1404 755 1484 820; x_wconf 89' lang='lat' dir='ltr'>alias</span> <span class='ocrx_word' id='word_1_22' title='bbox 1500 764 1611 820; x_wconf 90' lang='lat' dir='ltr'>rector</span> 
     </span>
     <span class='ocr_line' id='line_1_4' title="bbox 251 857 1609 943; baseline -0.005 -14"><span class='ocrx_word' id='word_1_23' title='bbox 251 861 489 929; x_wconf 87' lang='lat' dir='ltr'>Universitatis</span> <span class='ocrx_word' id='word_1_24' title='bbox 505 858 708 938; x_wconf 88' lang='lat' dir='ltr'>Parisiensis,</span> <span class='ocrx_word' id='word_1_25' title='bbox 725 864 817 940; x_wconf 89' lang='lat' dir='ltr'>quat.</span> <span class='ocrx_word' id='word_1_26' title='bbox 839 857 899 921; x_wconf 85' lang='lat' dir='ltr'>sibi</span> <span class='ocrx_word' id='word_1_27' title='bbox 917 857 959 922; x_wconf 92' lang='lat' dir='ltr'>de</span> <span class='ocrx_word' id='word_1_28' title='bbox 972 877 1046 923; x_wconf 90' lang='lat' dir='ltr'>cau.</span> <span class='ocrx_word' id='word_1_29' title='bbox 1062 865 1097 922; x_wconf 91' lang='lat' dir='ltr'>et</span> <span class='ocrx_word' id='word_1_30' title='bbox 1108 861 1200 943; x_wconf 89' lang='lat' dir='ltr'>preb.</span> <span class='ocrx_word' id='word_1_31' title='bbox 1217 879 1292 923; x_wconf 89' lang='lat' dir='ltr'>cum</span> <span class='ocrx_word' id='word_1_32' title='bbox 1305 858 1394 943; x_wconf 88' lang='lat' dir='ltr'>dign.</span> <span class='ocrx_word' id='word_1_33' title='bbox 1407 858 1439 924; x_wconf 87' lang='lat' dir='ltr'><strong>S.</strong></span> <span class='ocrx_word' id='word_1_34' title='bbox 1450 858 1609 923; x_wconf 86' lang='lat' dir='ltr'>Germani</span> 
     </span>
     <span class='ocr_line' id='line_1_5' title="bbox 250 960 1674 1047; baseline -0.005 -16"><span class='ocrx_word' id='word_1_35' title='bbox 250 965 450 1046; x_wconf 89' lang='lat' dir='ltr'>Montensis,</span> <span class='ocrx_word' id='word_1_36' title='bbox 467 963 687 1029; x_wconf 88' lang='lat' dir='ltr'>Cameracen.</span> <span class='ocrx_word' id='word_1_37' title='bbox 703 960 801 1040; x_wconf 83' lang='lat' dir='ltr'>dioc,</span> <span class='ocrx_word' id='word_1_38' title='bbox 817 961 921 1025; x_wconf 91' lang='lat' dir='ltr'>etiam</span> <span class='ocrx_word' id='word_1_39' title='bbox 943 960 970 1025; x_wconf 92' lang='lat' dir='ltr'>si</span> <span class='ocrx_word' id='word_1_40' title='bbox 994 961 1068 1045; x_wconf 90' lang='lat' dir='ltr'>quis</span> <span class='ocrx_word' id='word_1_41' title='bbox 1083 961 1125 1026; x_wconf 93' lang='lat' dir='ltr'>ad</span> <span class='ocrx_word' id='word_1_42' title='bbox 1148 981 1224 1026; x_wconf 88' lang='lat' dir='ltr'>earn</span> <span class='ocrx_word' id='word_1_43' title='bbox 1239 982 1299 1047; x_wconf 93' lang='lat' dir='ltr'>per</span> <span class='ocrx_word' id='word_1_44' title='bbox 1314 961 1514 1027; x_wconf 85' lang='lat' dir='ltr'>electionem</span> <span class='ocrx_word' id='word_1_45' title='bbox 1531 982 1610 1027; x_wconf 92' lang='lat' dir='ltr'>con·</span> <span class='ocrx_word' id='word_1_46' title='bbox 1669 993 1674 1000; x_wconf 93' lang='lat'>·</span> 
     </span>
     <span class='ocr_line' id='line_1_6' title="bbox 249 1054 1609 1150; baseline -0.002 -17"><span class='ocrx_word' id='word_1_47' title='bbox 249 1069 356 1133; x_wconf 89' lang='lat' dir='ltr'>suevit</span> <span class='ocrx_word' id='word_1_48' title='bbox 373 1067 508 1147; x_wconf 84' lang='lat' dir='ltr'>assumi,</span> <span class='ocrx_word' id='word_1_49' title='bbox 526 1054 708 1149; x_wconf 77' lang='lat' dir='ltr'>dignemini</span> <span class='ocrx_word' id='word_1_50' title='bbox 722 1063 908 1148; x_wconf 90' lang='lat' dir='ltr'>providere,</span> <span class='ocrx_word' id='word_1_51' title='bbox 925 1073 960 1129; x_wconf 95' lang='lat' dir='ltr'>et</span> <span class='ocrx_word' id='word_1_52' title='bbox 975 1067 1035 1131; x_wconf 90' lang='lat' dir='ltr'>sub</span> <span class='ocrx_word' id='word_1_53' title='bbox 1051 1064 1131 1129; x_wconf 89' lang='lat' dir='ltr'>data</span> <span class='ocrx_word' id='word_1_54' title='bbox 1146 1065 1310 1150; x_wconf 84' lang='lat' dir='ltr'>magistris</span> <span class='ocrx_word' id='word_1_55' title='bbox 1325 1066 1446 1131; x_wconf 86' lang='lat' dir='ltr'>artium</span> <span class='ocrx_word' id='word_1_56' title='bbox 1470 1065 1609 1130; x_wconf 85' lang='lat' dir='ltr'>faculta-</span> 
     </span>
     <span class='ocr_line' id='line_1_7' title="bbox 248 1167 1610 1253; baseline -0.002 -16"><span class='ocrx_word' id='word_1_57' title='bbox 248 1173 292 1238; x_wconf 85' lang='lat' dir='ltr'>tis</span> <span class='ocrx_word' id='word_1_58' title='bbox 307 1191 478 1250; x_wconf 88' lang='lat' dir='ltr'>concessa,</span> <span class='ocrx_word' id='word_1_59' title='bbox 496 1190 561 1253; x_wconf 91' lang='lat' dir='ltr'>que</span> <span class='ocrx_word' id='word_1_60' title='bbox 576 1168 638 1233; x_wconf 82' lang='lat' dir='ltr'>fuit</span> <span class='ocrx_word' id='word_1_61' title='bbox 663 1189 680 1232; x_wconf 93' lang='lat'>2</span> <span class='ocrx_word' id='word_1_62' title='bbox 697 1188 777 1232; x_wconf 89' lang='lat' dir='ltr'>non.</span> <span class='ocrx_word' id='word_1_63' title='bbox 794 1167 887 1253; x_wconf 89' lang='lat' dir='ltr'>april.</span> <span class='ocrx_word' id='word_1_64' title='bbox 914 1175 948 1232; x_wconf 90' lang='lat' dir='ltr'>a⁰</span> <span class='ocrx_word' id='word_1_65' title='bbox 965 1175 1018 1252; x_wconf 84' lang='lat'>3⁰;</span> <span class='ocrx_word' id='word_1_66' title='bbox 1045 1188 1114 1233; x_wconf 89' lang='lat' dir='ltr'>non</span> <span class='ocrx_word' id='word_1_67' title='bbox 1131 1171 1217 1233; x_wconf 91' lang='lat' dir='ltr'>obst.</span> <span class='ocrx_word' id='word_1_68' title='bbox 1241 1169 1332 1252; x_wconf 91' lang='lat' dir='ltr'>quod</span> <span class='ocrx_word' id='word_1_69' title='bbox 1358 1169 1448 1234; x_wconf 91' lang='lat' dir='ltr'>idem</span> <span class='ocrx_word' id='word_1_70' title='bbox 1463 1167 1610 1246; x_wconf 90' lang='lat' dir='ltr'>Jacobus</span> 
     </span>
     <span class='ocr_line' id='line_1_8' title="bbox 249 1269 1610 1359; baseline -0.002 -18"><span class='ocrx_word' id='word_1_71' title='bbox 249 1297 322 1341; x_wconf 90' lang='lat' dir='ltr'>can.</span> <span class='ocrx_word' id='word_1_72' title='bbox 339 1277 399 1340; x_wconf 93' lang='lat' dir='ltr'>sub</span> <span class='ocrx_word' id='word_1_73' title='bbox 417 1294 492 1359; x_wconf 86' lang='lat' dir='ltr'>exp.</span> <span class='ocrx_word' id='word_1_74' title='bbox 508 1272 600 1358; x_wconf 91' lang='lat' dir='ltr'>preb.</span> <span class='ocrx_word' id='word_1_75' title='bbox 617 1271 649 1336; x_wconf 83' lang='lat' dir='ltr'><strong>S.</strong></span> <span class='ocrx_word' id='word_1_76' title='bbox 675 1270 764 1336; x_wconf 89' lang='lat' dir='ltr'>Petri</span> <span class='ocrx_word' id='word_1_77' title='bbox 789 1269 980 1352; x_wconf 89' lang='lat' dir='ltr'>Insulensis,</span> <span class='ocrx_word' id='word_1_78' title='bbox 997 1269 1184 1337; x_wconf 86' lang='lat' dir='ltr'>Tomacen.</span> <span class='ocrx_word' id='word_1_79' title='bbox 1211 1272 1309 1353; x_wconf 95' lang='grc' dir='ltr'>ὦσα,</span> <span class='ocrx_word' id='word_1_80' title='bbox 1326 1273 1467 1352; x_wconf 91' lang='lat' dir='ltr'>obtinet,</span> <span class='ocrx_word' id='word_1_81' title='bbox 1484 1280 1519 1337; x_wconf 90' lang='lat' dir='ltr'>et</span> <span class='ocrx_word' id='word_1_82' title='bbox 1533 1274 1610 1338; x_wconf 90' lang='lat' dir='ltr'>ben.</span> 
     </span>
     <span class='ocr_line' id='line_1_9' title="bbox 249 1375 1608 1461; baseline -0.002 -18"><span class='ocrx_word' id='word_1_83' title='bbox 249 1381 331 1444; x_wconf 92' lang='lat' dir='ltr'>eccl.</span> <span class='ocrx_word' id='word_1_84' title='bbox 348 1399 377 1444; x_wconf 94' lang='lat' dir='ltr'>c.</span> <span class='ocrx_word' id='word_1_85' title='bbox 394 1398 422 1443; x_wconf 92' lang='lat' dir='ltr'>c.</span> <span class='ocrx_word' id='word_1_86' title='bbox 439 1377 536 1442; x_wconf 77' lang='lat' dir='ltr'>vele.</span> <span class='ocrx_word' id='word_1_87' title='bbox 553 1397 593 1456; x_wconf 92' lang='lat' dir='ltr'>c.,</span> <span class='ocrx_word' id='word_1_88' title='bbox 621 1375 755 1439; x_wconf 90' lang='lat' dir='ltr'>etiamsi</span> <span class='ocrx_word' id='word_1_89' title='bbox 779 1375 1120 1461; x_wconf 83' lang='lat' dir='ltr'>archipresbiteratus,</span> <span class='ocrx_word' id='word_1_90' title='bbox 1137 1396 1233 1461; x_wconf 79' lang='lat' dir='ltr'>pers,</span> <span class='ocrx_word' id='word_1_91' title='bbox 1250 1397 1307 1442; x_wconf 89' lang='lat' dir='ltr'>seu</span> <span class='ocrx_word' id='word_1_92' title='bbox 1332 1377 1461 1458; x_wconf 81' lang='lat' dir='ltr'>decan,</span> <span class='ocrx_word' id='word_1_93' title='bbox 1479 1375 1608 1442; x_wconf 90' lang='lat' dir='ltr'>etiamsi</span> 
     </span>
     <span class='ocr_line' id='line_1_10' title="bbox 250 1478 1609 1566; baseline -0.001 -20"><span class='ocrx_word' id='word_1_94' title='bbox 250 1483 282 1546; x_wconf 90' lang='lat' dir='ltr'>in</span> <span class='ocrx_word' id='word_1_95' title='bbox 297 1481 378 1546; x_wconf 90' lang='lat' dir='ltr'>eccl.</span> <span class='ocrx_word' id='word_1_96' title='bbox 392 1478 542 1545; x_wconf 93' lang='lat' dir='ltr'>cathedr.</span> <span class='ocrx_word' id='word_1_97' title='bbox 550 1479 682 1559; x_wconf 88' lang='lat' dir='ltr'>existat,</span> <span class='ocrx_word' id='word_1_98' title='bbox 692 1487 851 1564; x_wconf 88' lang='lat' dir='ltr'>spectans</span> <span class='ocrx_word' id='word_1_99' title='bbox 863 1479 906 1544; x_wconf 92' lang='lat' dir='ltr'>ad</span> <span class='ocrx_word' id='word_1_100' title='bbox 922 1481 1138 1545; x_wconf 92' lang='lat' dir='ltr'>collationem</span> <span class='ocrx_word' id='word_1_101' title='bbox 1154 1481 1266 1566; x_wconf 71' lang='lat' dir='ltr'>episc,</span> <span class='ocrx_word' id='word_1_102' title='bbox 1279 1481 1397 1546; x_wconf 89' lang='lat' dir='ltr'>decani</span> <span class='ocrx_word' id='word_1_103' title='bbox 1411 1488 1446 1545; x_wconf 92' lang='lat' dir='ltr'>et</span> <span class='ocrx_word' id='word_1_104' title='bbox 1462 1481 1609 1566; x_wconf 90' lang='lat' dir='ltr'>capituli,</span> 
     </span>
     <span class='ocr_line' id='line_1_11' title="bbox 250 1581 1610 1670; baseline -0.001 -21"><span class='ocrx_word' id='word_1_105' title='bbox 250 1586 521 1669; x_wconf 90' lang='lat' dir='ltr'>singulorumque</span> <span class='ocrx_word' id='word_1_106' title='bbox 538 1583 777 1648; x_wconf 89' lang='lat' dir='ltr'>canonicorum</span> <span class='ocrx_word' id='word_1_107' title='bbox 793 1581 962 1649; x_wconf 88' lang='lat' dir='ltr'>Morinen.</span> <span class='ocrx_word' id='word_1_108' title='bbox 988 1584 1137 1650; x_wconf 90' lang='lat' dir='ltr'>noscitur</span> <span class='ocrx_word' id='word_1_109' title='bbox 1153 1593 1342 1670; x_wconf 84' lang='lat' dir='ltr'>expectare.</span> <span class='ocrx_word' id='word_1_110' title='bbox 1358 1625 1400 1633; x_wconf 89' lang='lat'><em>-</em></span> <span class='ocrx_word' id='word_1_111' title='bbox 1419 1583 1495 1649; x_wconf 88' lang='lat' dir='ltr'>Fiat</span> <span class='ocrx_word' id='word_1_112' title='bbox 1511 1583 1551 1650; x_wconf 87' lang='lat' dir='ltr'>R.</span> <span class='ocrx_word' id='word_1_113' title='bbox 1567 1626 1610 1635; x_wconf 92' lang='lat'><em>-</em></span> 
     </span>
     <span class='ocr_line' id='line_1_12' title="bbox 252 1687 857 1773; baseline 0.003 -21"><span class='ocrx_word' id='word_1_114' title='bbox 252 1687 292 1752; x_wconf 91' lang='lat' dir='ltr'>In</span> <span class='ocrx_word' id='word_1_115' title='bbox 308 1687 415 1754; x_wconf 87' lang='lat' dir='ltr'>forma</span> <span class='ocrx_word' id='word_1_116' title='bbox 426 1697 462 1752; x_wconf 94' lang='lat' dir='ltr'>et</span> <span class='ocrx_word' id='word_1_117' title='bbox 478 1690 542 1752; x_wconf 92' lang='lat' dir='ltr'>sub</span> <span class='ocrx_word' id='word_1_118' title='bbox 558 1687 637 1752; x_wconf 90' lang='lat' dir='ltr'>data</span> <span class='ocrx_word' id='word_1_119' title='bbox 652 1687 798 1773; x_wconf 86' lang='lat' dir='ltr'>presenti</span> <span class='ocrx_word' id='word_1_120' title='bbox 816 1687 857 1754; x_wconf 89' lang='lat' dir='ltr'>R.</span> 
     </span>
    </p>
   </div>
   <div class='ocr_carea' id='block_1_3' title="bbox 252 1825 1612 2324">
    <p class='ocr_par' dir='ltr' id='par_1_3' title="bbox 252 1825 1612 2222">
     <span class='ocr_line' id='line_1_13' title="bbox 294 1825 1610 1912; baseline 0 -20"><span class='ocrx_word' id='word_1_121' title='bbox 294 1833 377 1892; x_wconf 88' lang='lat'>985.</span> <span class='ocrx_word' id='word_1_122' title='bbox 403 1825 491 1906; x_wconf 88' lang='lat' dir='ltr'>Et...,</span> <span class='ocrx_word' id='word_1_123' title='bbox 513 1827 539 1890; x_wconf 90' lang='lat' dir='ltr'>si</span> <span class='ocrx_word' id='word_1_124' title='bbox 556 1827 679 1910; x_wconf 89' lang='lat' dir='ltr'>placet,</span> <span class='ocrx_word' id='word_1_125' title='bbox 696 1826 796 1891; x_wconf 90' lang='lat' dir='ltr'>certis</span> <span class='ocrx_word' id='word_1_126' title='bbox 818 1827 1051 1892; x_wconf 84' lang='lat' dir='ltr'>executoribus</span> <span class='ocrx_word' id='word_1_127' title='bbox 1066 1827 1185 1892; x_wconf 90' lang='lat' dir='ltr'>litteris</span> <span class='ocrx_word' id='word_1_128' title='bbox 1199 1827 1319 1892; x_wconf 88' lang='lat' dir='ltr'>vestris</span> <span class='ocrx_word' id='word_1_129' title='bbox 1334 1826 1412 1891; x_wconf 90' lang='lat' dir='ltr'>dare</span> <span class='ocrx_word' id='word_1_130' title='bbox 1428 1825 1610 1912; x_wconf 87' lang='lat' dir='ltr'>dignemini</span> 
     </span>
     <span class='ocr_line' id='line_1_14' title="bbox 253 1913 1612 2010; baseline 0.001 -16"><span class='ocrx_word' id='word_1_131' title='bbox 253 1932 286 1994; x_wconf 89' lang='lat' dir='ltr'>in</span> <span class='ocrx_word' id='word_1_132' title='bbox 302 1929 479 2010; x_wconf 89' lang='lat' dir='ltr'>mandatis,</span> <span class='ocrx_word' id='word_1_133' title='bbox 496 1938 533 1994; x_wconf 87' lang='lat' dir='ltr'>ut</span> <span class='ocrx_word' id='word_1_134' title='bbox 560 1929 762 1994; x_wconf 92' lang='lat' dir='ltr'>Rollandum</span> <span class='ocrx_word' id='word_1_135' title='bbox 787 1927 962 2009; x_wconf 87' lang='lat' dir='ltr'>Aurifabri,</span> <span class='ocrx_word' id='word_1_136' title='bbox 979 1913 1065 1996; x_wconf 61' lang='lat' dir='ltr'>cler]</span> <span class='ocrx_word' id='word_1_137' title='bbox 1084 1927 1251 1996; x_wconf 90' lang='lat' dir='ltr'>Morinen.</span> <span class='ocrx_word' id='word_1_138' title='bbox 1268 1930 1366 2010; x_wconf 85' lang='lat' dir='ltr'>dioc,</span> <span class='ocrx_word' id='word_1_139' title='bbox 1383 1929 1417 1994; x_wconf 91' lang='lat' dir='ltr'>in</span> <span class='ocrx_word' id='word_1_140' title='bbox 1444 1940 1612 1997; x_wconf 89' lang='lat' dir='ltr'>monaste·</span> 
     </span>
     <span class='ocr_line' id='line_1_15' title="bbox 252 2031 1612 2118; baseline 0.001 -21"><span class='ocrx_word' id='word_1_141' title='bbox 252 2034 337 2098; x_wconf 92' lang='lat' dir='ltr'>rium</span> <span class='ocrx_word' id='word_1_142' title='bbox 364 2031 433 2098; x_wconf 92' lang='lat' dir='ltr'><strong>BB.</strong></span> <span class='ocrx_word' id='word_1_143' title='bbox 457 2032 546 2097; x_wconf 86' lang='lat' dir='ltr'>Petri</span> <span class='ocrx_word' id='word_1_144' title='bbox 570 2042 605 2097; x_wconf 90' lang='lat' dir='ltr'>et</span> <span class='ocrx_word' id='word_1_145' title='bbox 632 2031 769 2097; x_wconf 92' lang='lat' dir='ltr'>Vedasti</span> <span class='ocrx_word' id='word_1_146' title='bbox 797 2031 840 2097; x_wconf 93' lang='lat' dir='ltr'>de</span> <span class='ocrx_word' id='word_1_147' title='bbox 867 2031 1038 2113; x_wconf 88' lang='lat' dir='ltr'>Eversam,</span> <span class='ocrx_word' id='word_1_148' title='bbox 1063 2033 1133 2098; x_wconf 92' lang='lat' dir='ltr'>ord.</span> <span class='ocrx_word' id='word_1_149' title='bbox 1160 2033 1191 2098; x_wconf 87' lang='lat' dir='ltr'>S.</span> <span class='ocrx_word' id='word_1_150' title='bbox 1216 2035 1312 2118; x_wconf 78' lang='lat' dir='ltr'>Aug,</span> <span class='ocrx_word' id='word_1_151' title='bbox 1339 2034 1429 2100; x_wconf 93' lang='lat' dir='ltr'>dicte</span> <span class='ocrx_word' id='word_1_152' title='bbox 1453 2034 1551 2114; x_wconf 90' lang='grc' dir='ltr'>ὦσα,</span> <span class='ocrx_word' id='word_1_153' title='bbox 1579 2035 1612 2098; x_wconf 91' lang='lat' dir='ltr'>in</span> 
     </span>
     <span class='ocr_line' id='line_1_16' title="bbox 254 2135 1430 2222; baseline 0 -20"><span class='ocrx_word' id='word_1_154' title='bbox 254 2158 327 2203; x_wconf 91' lang='lat' dir='ltr'>can.</span> <span class='ocrx_word' id='word_1_155' title='bbox 343 2136 445 2222; x_wconf 89' lang='lat' dir='ltr'>recipi</span> <span class='ocrx_word' id='word_1_156' title='bbox 461 2144 496 2201; x_wconf 87' lang='lat' dir='ltr'>et</span> <span class='ocrx_word' id='word_1_157' title='bbox 513 2137 547 2200; x_wconf 92' lang='lat' dir='ltr'>in</span> <span class='ocrx_word' id='word_1_158' title='bbox 563 2136 710 2216; x_wconf 85' lang='lat' dir='ltr'>fratrem,</span> <span class='ocrx_word' id='word_1_159' title='bbox 727 2144 802 2216; x_wconf 88' lang='lat' dir='ltr'>etc,</span> <span class='ocrx_word' id='word_1_160' title='bbox 819 2135 905 2201; x_wconf 91' lang='lat' dir='ltr'>utin</span> <span class='ocrx_word' id='word_1_161' title='bbox 923 2135 1039 2202; x_wconf 84' lang='lat' dir='ltr'>sonna.</span> <span class='ocrx_word' id='word_1_162' title='bbox 1055 2178 1098 2188; x_wconf 95' lang='lat'>-</span> <span class='ocrx_word' id='word_1_163' title='bbox 1115 2137 1191 2202; x_wconf 88' lang='lat' dir='ltr'>Fiat</span> <span class='ocrx_word' id='word_1_164' title='bbox 1206 2137 1239 2202; x_wconf 89' lang='lat' dir='ltr'>in</span> <span class='ocrx_word' id='word_1_165' title='bbox 1256 2137 1372 2203; x_wconf 85' lang='lat' dir='ltr'>sonna.</span> <span class='ocrx_word' id='word_1_166' title='bbox 1389 2137 1430 2202; x_wconf 92' lang='lat' dir='ltr'>R.</span> 
     </span>
    </p>

    <p class='ocr_par' dir='ltr' id='par_1_4' title="bbox 298 2239 975 2324">
     <span class='ocr_line' id='line_1_17' title="bbox 298 2239 975 2324; baseline 0 -20"><span class='ocrx_word' id='word_1_167' title='bbox 298 2239 378 2304; x_wconf 91' lang='lat' dir='ltr'>Dat.</span> <span class='ocrx_word' id='word_1_168' title='bbox 390 2239 489 2305; x_wconf 86' lang='lat' dir='ltr'>Avin.</span> <span class='ocrx_word' id='word_1_169' title='bbox 507 2241 525 2304; x_wconf 89' lang='lat'>8</span> <span class='ocrx_word' id='word_1_170' title='bbox 542 2239 608 2304; x_wconf 87' lang='lat' dir='ltr'>kal.</span> <span class='ocrx_word' id='word_1_171' title='bbox 620 2239 704 2323; x_wconf 91' lang='lat' dir='ltr'>junii</span> <span class='ocrx_word' id='word_1_172' title='bbox 722 2247 755 2304; x_wconf 89' lang='lat' dir='ltr'>a⁰</span> <span class='ocrx_word' id='word_1_173' title='bbox 769 2246 811 2323; x_wconf 80' lang='lat'><strong>5⁰.</strong></span> <span class='ocrx_word' id='word_1_174' title='bbox 828 2241 894 2321; x_wconf 88' lang='lat' dir='ltr'>(ll,</span> <span class='ocrx_word' id='word_1_175' title='bbox 913 2239 975 2324; x_wconf 65' lang='grc' dir='ltr'>θ’).</span> 
     </span>
    </p>
   </div>
   <div class='ocr_carea' id='block_1_4' title="bbox 253 2377 1615 3511">
    <p class='ocr_par' dir='ltr' id='par_1_5' title="bbox 305 2377 1571 2474">
     <span class='ocr_line' id='line_1_18' title="bbox 305 2377 1571 2474; baseline -0.005 -13"><span class='ocrx_word' id='word_1_176' title='bbox 305 2377 418 2462; x_wconf 81' lang='grc'>986.</span> <span class='ocrx_word' id='word_1_177' title='bbox 1321 2393 1417 2474; x_wconf 71' lang='lat'>1346,</span> <span class='ocrx_word' id='word_1_178' title='bbox 1434 2411 1476 2472; x_wconf 83' lang='lat'>25</span> <span class='ocrx_word' id='word_1_179' title='bbox 1492 2393 1571 2456; x_wconf 73' lang='lat' dir='ltr'>anai.</span> 
     </span>
    </p>

    <p class='ocr_par' dir='ltr' id='par_1_6' title="bbox 253 2493 1615 3391">
     <span class='ocr_line' id='line_1_19' title="bbox 297 2493 1615 2583; baseline -0.001 -22"><span class='ocrx_word' id='word_1_180' title='bbox 297 2497 399 2583; x_wconf 86' lang='lat' dir='ltr'>Supp.</span> <span class='ocrx_word' id='word_1_181' title='bbox 415 2514 532 2561; x_wconf 91' lang='lat' dir='ltr'>omnes</span> <span class='ocrx_word' id='word_1_182' title='bbox 556 2504 591 2560; x_wconf 89' lang='lat' dir='ltr'>et</span> <span class='ocrx_word' id='word_1_183' title='bbox 617 2495 735 2579; x_wconf 92' lang='lat' dir='ltr'>singuli</span> <span class='ocrx_word' id='word_1_184' title='bbox 760 2495 908 2578; x_wconf 86' lang='lat' dir='ltr'>magistri</span> <span class='ocrx_word' id='word_1_185' title='bbox 932 2494 1080 2560; x_wconf 90' lang='lat' dir='ltr'>nationis</span> <span class='ocrx_word' id='word_1_186' title='bbox 1105 2493 1330 2576; x_wconf 88' lang='lat' dir='ltr'>Picardorum,</span> <span class='ocrx_word' id='word_1_187' title='bbox 1356 2503 1435 2560; x_wconf 91' lang='lat' dir='ltr'>actu</span> <span class='ocrx_word' id='word_1_188' title='bbox 1460 2503 1615 2580; x_wconf 71' lang='lat' dir='ltr'>regentes</span> 
     </span>
     <span class='ocr_line' id='line_1_20' title="bbox 255 2598 1614 2684; baseline -0.001 -20"><span class='ocrx_word' id='word_1_189' title='bbox 255 2600 397 2666; x_wconf 90' lang='lat' dir='ltr'>Parisius</span> <span class='ocrx_word' id='word_1_190' title='bbox 412 2601 445 2664; x_wconf 89' lang='lat' dir='ltr'>in</span> <span class='ocrx_word' id='word_1_191' title='bbox 462 2606 523 2664; x_wconf 88' lang='lat' dir='ltr'>art.</span> <span class='ocrx_word' id='word_1_192' title='bbox 540 2598 711 2677; x_wconf 84' lang='lat' dir='ltr'>facultate,</span> <span class='ocrx_word' id='word_1_193' title='bbox 727 2606 818 2682; x_wconf 93' lang='lat' dir='ltr'>quat.</span> <span class='ocrx_word' id='word_1_194' title='bbox 846 2598 894 2662; x_wconf 91' lang='lat' dir='ltr'>eis</span> <span class='ocrx_word' id='word_1_195' title='bbox 918 2599 1100 2682; x_wconf 92' lang='lat' dir='ltr'>specialem</span> <span class='ocrx_word' id='word_1_196' title='bbox 1124 2599 1264 2683; x_wconf 88' lang='lat' dir='ltr'>gratiam</span> <span class='ocrx_word' id='word_1_197' title='bbox 1292 2599 1463 2678; x_wconf 85' lang='lat' dir='ltr'>facientes,</span> <span class='ocrx_word' id='word_1_198' title='bbox 1480 2599 1514 2663; x_wconf 91' lang='lat' dir='ltr'>in</span> <span class='ocrx_word' id='word_1_199' title='bbox 1541 2619 1614 2684; x_wconf 88' lang='lat' dir='ltr'>per-</span> 
     </span>
     <span class='ocr_line' id='line_1_21' title="bbox 253 2700 1612 2787; baseline -0.001 -19"><span class='ocrx_word' id='word_1_200' title='bbox 253 2724 370 2769; x_wconf 91' lang='lat' dir='ltr'>sonam</span> <span class='ocrx_word' id='word_1_201' title='bbox 385 2702 534 2786; x_wconf 87' lang='lat' dir='ltr'>magistri</span> <span class='ocrx_word' id='word_1_202' title='bbox 559 2701 670 2767; x_wconf 83' lang='lat' dir='ltr'>Livini</span> <span class='ocrx_word' id='word_1_203' title='bbox 693 2700 810 2787; x_wconf 91' lang='lat' dir='ltr'>Vulpis</span> <span class='ocrx_word' id='word_1_204' title='bbox 825 2710 846 2783; x_wconf 83' lang='lat'>²,</span> <span class='ocrx_word' id='word_1_205' title='bbox 862 2701 1049 2768; x_wconf 87' lang='lat' dir='ltr'>Tomacen.</span> <span class='ocrx_word' id='word_1_206' title='bbox 1065 2702 1163 2783; x_wconf 88' lang='grc' dir='ltr'>ὦσα,</span> <span class='ocrx_word' id='word_1_207' title='bbox 1189 2712 1267 2768; x_wconf 86' lang='lat' dir='ltr'>actu</span> <span class='ocrx_word' id='word_1_208' title='bbox 1282 2703 1428 2786; x_wconf 90' lang='lat' dir='ltr'>regentis</span> <span class='ocrx_word' id='word_1_209' title='bbox 1443 2709 1455 2736; x_wconf 75' lang='lat'>⁰</span> <span class='ocrx_word' id='word_1_210' title='bbox 1473 2701 1612 2768; x_wconf 85' lang='lat' dir='ltr'>Parisius</span> 
     </span>
     <span class='ocr_line' id='line_1_22' title="bbox 254 2805 1609 2891; baseline -0.001 -20"><span class='ocrx_word' id='word_1_211' title='bbox 254 2808 288 2873; x_wconf 92' lang='lat' dir='ltr'>in</span> <span class='ocrx_word' id='word_1_212' title='bbox 303 2807 394 2874; x_wconf 91' lang='lat' dir='ltr'>dicta</span> <span class='ocrx_word' id='word_1_213' title='bbox 409 2806 579 2887; x_wconf 84' lang='lat' dir='ltr'>facultate,</span> <span class='ocrx_word' id='word_1_214' title='bbox 596 2805 730 2872; x_wconf 82' lang='lat' dir='ltr'>deberi.</span> <span class='ocrx_word' id='word_1_215' title='bbox 746 2806 837 2885; x_wconf 90' lang='lat' dir='ltr'>eccl,</span> <span class='ocrx_word' id='word_1_216' title='bbox 853 2825 950 2891; x_wconf 83' lang='lat' dir='ltr'>pers,</span> <span class='ocrx_word' id='word_1_217' title='bbox 967 2807 1021 2871; x_wconf 87' lang='lat' dir='ltr'>vel</span> <span class='ocrx_word' id='word_1_218' title='bbox 1038 2805 1104 2887; x_wconf 79' lang='lat' dir='ltr'>off,</span> <span class='ocrx_word' id='word_1_219' title='bbox 1121 2827 1150 2873; x_wconf 91' lang='lat' dir='ltr'>c.</span> <span class='ocrx_word' id='word_1_220' title='bbox 1167 2827 1195 2874; x_wconf 92' lang='lat' dir='ltr'>c.</span> <span class='ocrx_word' id='word_1_221' title='bbox 1213 2807 1267 2871; x_wconf 90' lang='lat' dir='ltr'>vel</span> <span class='ocrx_word' id='word_1_222' title='bbox 1283 2827 1307 2873; x_wconf 90' lang='lat' dir='ltr'>s.</span> <span class='ocrx_word' id='word_1_223' title='bbox 1325 2827 1364 2887; x_wconf 91' lang='grc' dir='ltr'>α,</span> <span class='ocrx_word' id='word_1_224' title='bbox 1381 2814 1553 2891; x_wconf 87' lang='lat' dir='ltr'>spectante</span> <span class='ocrx_word' id='word_1_225' title='bbox 1568 2805 1609 2870; x_wconf 93' lang='lat' dir='ltr'>ad</span> 
     </span>
     <span class='ocr_line' id='line_1_23' title="bbox 254 2909 1608 2996; baseline -0.004 -19"><span class='ocrx_word' id='word_1_226' title='bbox 254 2914 330 2977; x_wconf 95' lang='lat' dir='ltr'>coll.</span> <span class='ocrx_word' id='word_1_227' title='bbox 357 2911 468 2996; x_wconf 76' lang='lat' dir='ltr'>episc,</span> <span class='ocrx_word' id='word_1_228' title='bbox 495 2910 667 2996; x_wconf 90' lang='lat' dir='ltr'>prepositi,</span> <span class='ocrx_word' id='word_1_229' title='bbox 694 2909 766 2974; x_wconf 91' lang='lat' dir='ltr'>dec.</span> <span class='ocrx_word' id='word_1_230' title='bbox 805 2918 839 2973; x_wconf 92' lang='lat' dir='ltr'>et</span> <span class='ocrx_word' id='word_1_231' title='bbox 866 2910 1012 2995; x_wconf 90' lang='lat' dir='ltr'>capituli,</span> <span class='ocrx_word' id='word_1_232' title='bbox 1040 2931 1172 2975; x_wconf 91' lang='lat' dir='ltr'>necnon</span> <span class='ocrx_word' id='word_1_233' title='bbox 1200 2911 1404 2994; x_wconf 89' lang='lat' dir='ltr'>singulorum</span> <span class='ocrx_word' id='word_1_234' title='bbox 1430 2931 1501 2977; x_wconf 89' lang='lat' dir='ltr'>can.</span> <span class='ocrx_word' id='word_1_235' title='bbox 1528 2909 1608 2974; x_wconf 88' lang='lat' dir='ltr'>eccl.</span> 
     </span>
     <span class='ocr_line' id='line_1_24' title="bbox 255 3013 1610 3100; baseline 0 -23"><span class='ocrx_word' id='word_1_236' title='bbox 255 3014 482 3094; x_wconf 79' lang='lat' dir='ltr'>Cameracen,</span> <span class='ocrx_word' id='word_1_237' title='bbox 492 3014 623 3079; x_wconf 91' lang='lat' dir='ltr'>etiamsi</span> <span class='ocrx_word' id='word_1_238' title='bbox 639 3013 673 3077; x_wconf 91' lang='lat' dir='ltr'>in</span> <span class='ocrx_word' id='word_1_239' title='bbox 689 3014 771 3078; x_wconf 92' lang='lat' dir='ltr'>eccl.</span> <span class='ocrx_word' id='word_1_240' title='bbox 787 3013 937 3078; x_wconf 70' lang='lat' dir='ltr'>cathedr</span> <span class='ocrx_word' id='word_1_241' title='bbox 954 3014 1087 3095; x_wconf 83' lang='lat' dir='ltr'>existat,</span> <span class='ocrx_word' id='word_1_242' title='bbox 1098 3014 1278 3099; x_wconf 89' lang='lat' dir='ltr'>dignemini</span> <span class='ocrx_word' id='word_1_243' title='bbox 1295 3015 1504 3100; x_wconf 89' lang='lat' dir='ltr'>providere...</span> <span class='ocrx_word' id='word_1_244' title='bbox 1520 3036 1528 3095; x_wconf 90' lang='lat'>;</span> <span class='ocrx_word' id='word_1_245' title='bbox 1543 3034 1610 3078; x_wconf 89' lang='lat' dir='ltr'>non</span> 
     </span>
     <span class='ocr_line' id='line_1_25' title="bbox 255 3115 1613 3202; baseline -0.002 -17"><span class='ocrx_word' id='word_1_246' title='bbox 255 3120 340 3185; x_wconf 86' lang='lat' dir='ltr'>obst.</span> <span class='ocrx_word' id='word_1_247' title='bbox 356 3117 447 3201; x_wconf 93' lang='lat' dir='ltr'>quod</span> <span class='ocrx_word' id='word_1_248' title='bbox 462 3117 572 3182; x_wconf 89' lang='lat' dir='ltr'>dictus</span> <span class='ocrx_word' id='word_1_249' title='bbox 585 3137 673 3199; x_wconf 89' lang='lat' dir='ltr'>mag.</span> <span class='ocrx_word' id='word_1_250' title='bbox 689 3115 858 3199; x_wconf 88' lang='lat' dir='ltr'>quandam</span> <span class='ocrx_word' id='word_1_251' title='bbox 874 3118 994 3200; x_wconf 91' lang='lat' dir='ltr'>capell.</span> <span class='ocrx_word' id='word_1_252' title='bbox 1011 3118 1105 3202; x_wconf 83' lang='lat' dir='ltr'>parvi</span> <span class='ocrx_word' id='word_1_253' title='bbox 1122 3118 1244 3183; x_wconf 82' lang='lat' dir='ltr'>valoris</span> <span class='ocrx_word' id='word_1_254' title='bbox 1259 3118 1293 3184; x_wconf 91' lang='lat' dir='ltr'>in</span> <span class='ocrx_word' id='word_1_255' title='bbox 1309 3119 1391 3184; x_wconf 94' lang='lat' dir='ltr'>eccl.</span> <span class='ocrx_word' id='word_1_256' title='bbox 1408 3119 1440 3183; x_wconf 83' lang='lat' dir='ltr'><strong>S.</strong></span> <span class='ocrx_word' id='word_1_257' title='bbox 1458 3118 1613 3184; x_wconf 88' lang='lat' dir='ltr'>Rumoldi</span> 
     </span>
     <span class='ocr_line' id='line_1_26' title="bbox 256 3218 1613 3300; baseline 0.001 -16"><span class='ocrx_word' id='word_1_258' title='bbox 256 3218 495 3299; x_wconf 89' lang='lat' dir='ltr'>Maeliniensis,</span> <span class='ocrx_word' id='word_1_259' title='bbox 514 3220 605 3287; x_wconf 92' lang='lat' dir='ltr'>dicte</span> <span class='ocrx_word' id='word_1_260' title='bbox 629 3219 844 3284; x_wconf 88' lang='lat' dir='ltr'>Cameracen.</span> <span class='ocrx_word' id='word_1_261' title='bbox 860 3219 958 3300; x_wconf 89' lang='grc' dir='ltr'>ὦσα,</span> <span class='ocrx_word' id='word_1_262' title='bbox 975 3220 1122 3286; x_wconf 91' lang='lat' dir='ltr'>noscitur</span> <span class='ocrx_word' id='word_1_263' title='bbox 1149 3221 1312 3287; x_wconf 87' lang='lat' dir='ltr'>obtinere.</span> <span class='ocrx_word' id='word_1_264' title='bbox 1335 3260 1363 3271; x_wconf 89' lang='lat'>-</span> <span class='ocrx_word' id='word_1_265' title='bbox 1393 3221 1468 3287; x_wconf 87' lang='lat' dir='ltr'>Fiat</span> <span class='ocrx_word' id='word_1_266' title='bbox 1485 3220 1613 3287; x_wconf 89' lang='lat' dir='ltr'>etiamsi</span> 
     </span>
     <span class='ocr_line' id='line_1_27' title="bbox 255 3320 1256 3391; baseline 0.003 -4"><span class='ocrx_word' id='word_1_267' title='bbox 255 3325 288 3387; x_wconf 91' lang='lat' dir='ltr'>in</span> <span class='ocrx_word' id='word_1_268' title='bbox 312 3323 395 3388; x_wconf 90' lang='lat' dir='ltr'>eccl.</span> <span class='ocrx_word' id='word_1_269' title='bbox 411 3323 559 3389; x_wconf 81' lang='lat' dir='ltr'>cathedr.</span> <span class='ocrx_word' id='word_1_270' title='bbox 577 3320 617 3387; x_wconf 91' lang='lat' dir='ltr'>R.</span> <span class='ocrx_word' id='word_1_271' title='bbox 633 3364 676 3371; x_wconf 90' lang='lat'><em>-</em></span> <span class='ocrx_word' id='word_1_272' title='bbox 692 3322 780 3387; x_wconf 88' lang='lat' dir='ltr'>Item</span> <span class='ocrx_word' id='word_1_273' title='bbox 796 3322 868 3387; x_wconf 89' lang='lat' dir='ltr'>sine</span> <span class='ocrx_word' id='word_1_274' title='bbox 883 3324 1047 3389; x_wconf 87' lang='lat' dir='ltr'>examine.</span> <span class='ocrx_word' id='word_1_275' title='bbox 1069 3361 1100 3371; x_wconf 97' lang='lat'><em>-</em></span> <span class='ocrx_word' id='word_1_276' title='bbox 1123 3323 1198 3389; x_wconf 90' lang='lat' dir='ltr'>Fiat</span> <span class='ocrx_word' id='word_1_277' title='bbox 1216 3324 1256 3391; x_wconf 89' lang='lat' dir='ltr'>R.</span> 
     </span>
    </p>

    <p class='ocr_par' dir='ltr' id='par_1_7' title="bbox 298 3425 974 3511">
     <span class='ocr_line' id='line_1_28' title="bbox 298 3425 974 3511; baseline 0.001 -21"><span class='ocrx_word' id='word_1_278' title='bbox 298 3426 378 3492; x_wconf 91' lang='lat' dir='ltr'>Dat.</span> <span class='ocrx_word' id='word_1_279' title='bbox 394 3425 493 3493; x_wconf 85' lang='lat' dir='ltr'>Avin.</span> <span class='ocrx_word' id='word_1_280' title='bbox 511 3429 529 3491; x_wconf 93' lang='lat'>8</span> <span class='ocrx_word' id='word_1_281' title='bbox 546 3426 610 3490; x_wconf 89' lang='lat' dir='ltr'>kal.</span> <span class='ocrx_word' id='word_1_282' title='bbox 624 3426 707 3510; x_wconf 90' lang='lat' dir='ltr'>junii</span> <span class='ocrx_word' id='word_1_283' title='bbox 724 3434 758 3491; x_wconf 86' lang='lat' dir='ltr'>a⁰</span> <span class='ocrx_word' id='word_1_284' title='bbox 775 3434 814 3509; x_wconf 89' lang='lat'>5⁰.</span> <span class='ocrx_word' id='word_1_285' title='bbox 831 3427 898 3508; x_wconf 91' lang='lat' dir='ltr'>(ll,</span> <span class='ocrx_word' id='word_1_286' title='bbox 916 3428 974 3511; x_wconf 66' lang='grc' dir='ltr'>ὦ).</span> 
     </span>
    </p>
   </div>
   <div class='ocr_carea' id='block_1_5' title="bbox 184 3567 1617 4598">
    <p class='ocr_par' dir='ltr' id='par_1_8' title="bbox 305 3567 1571 3663">
     <span class='ocr_line' id='line_1_29' title="bbox 305 3567 1571 3663; baseline -0.006 -13"><span class='ocrx_word' id='word_1_287' title='bbox 305 3567 420 3651; x_wconf 82' lang='grc'>987.</span> <span class='ocrx_word' id='word_1_288' title='bbox 1317 3580 1412 3663; x_wconf 66' lang='lat'>1546,</span> <span class='ocrx_word' id='word_1_289' title='bbox 1435 3598 1476 3659; x_wconf 86' lang='lat'>25</span> <span class='ocrx_word' id='word_1_290' title='bbox 1493 3580 1571 3643; x_wconf 75' lang='lat' dir='ltr'>urai.</span> 
     </span>
    </p>

    <p class='ocr_par' dir='ltr' id='par_1_9' title="bbox 253 3680 1616 4081">
     <span class='ocr_line' id='line_1_30' title="bbox 298 3680 1616 3771; baseline -0.002 -22"><span class='ocrx_word' id='word_1_291' title='bbox 298 3686 399 3771; x_wconf 86' lang='lat' dir='ltr'>Supp.</span> <span class='ocrx_word' id='word_1_292' title='bbox 417 3683 600 3749; x_wconf 90' lang='lat' dir='ltr'>Cristianus</span> <span class='ocrx_word' id='word_1_293' title='bbox 623 3682 665 3747; x_wconf 90' lang='lat' dir='ltr'>de</span> <span class='ocrx_word' id='word_1_294' title='bbox 694 3682 767 3749; x_wconf 88' lang='lat' dir='ltr'>Elst</span> <span class='ocrx_word' id='word_1_295' title='bbox 782 3691 802 3762; x_wconf 80' lang='lat'>³,</span> <span class='ocrx_word' id='word_1_296' title='bbox 819 3681 960 3746; x_wconf 87' lang='lat' dir='ltr'>nuncius</span> <span class='ocrx_word' id='word_1_297' title='bbox 985 3680 1224 3747; x_wconf 80' lang='lat' dir='ltr'>Universitatis</span> <span class='ocrx_word' id='word_1_298' title='bbox 1252 3682 1445 3747; x_wconf 88' lang='lat' dir='ltr'>Parisiensis</span> <span class='ocrx_word' id='word_1_299' title='bbox 1469 3682 1512 3747; x_wconf 90' lang='lat' dir='ltr'>ad</span> <span class='ocrx_word' id='word_1_300' title='bbox 1528 3681 1567 3747; x_wconf 93' lang='lat' dir='ltr'><strong>V.</strong></span> <span class='ocrx_word' id='word_1_301' title='bbox 1584 3680 1616 3747; x_wconf 80' lang='lat' dir='ltr'><strong>S.</strong></span> 
     </span>
     <span class='ocr_line' id='line_1_31' title="bbox 253 3784 1616 3872; baseline -0.003 -18"><span class='ocrx_word' id='word_1_302' title='bbox 253 3789 449 3869; x_wconf 89' lang='lat' dir='ltr'>destinatus,</span> <span class='ocrx_word' id='word_1_303' title='bbox 466 3794 557 3872; x_wconf 91' lang='lat' dir='ltr'>quat.</span> <span class='ocrx_word' id='word_1_304' title='bbox 573 3786 645 3865; x_wconf 88' lang='lat' dir='ltr'>sibi,</span> <span class='ocrx_word' id='word_1_305' title='bbox 662 3784 866 3870; x_wconf 91' lang='lat' dir='ltr'>Margarete,</span> <span class='ocrx_word' id='word_1_306' title='bbox 893 3784 992 3849; x_wconf 91' lang='lat' dir='ltr'>matri</span> <span class='ocrx_word' id='word_1_307' title='bbox 1008 3806 1076 3865; x_wconf 91' lang='lat' dir='ltr'>sue,</span> <span class='ocrx_word' id='word_1_308' title='bbox 1095 3784 1299 3869; x_wconf 87' lang='lat' dir='ltr'>Engelberto</span> <span class='ocrx_word' id='word_1_309' title='bbox 1324 3795 1359 3850; x_wconf 91' lang='lat' dir='ltr'>et</span> <span class='ocrx_word' id='word_1_310' title='bbox 1375 3786 1536 3867; x_wconf 85' lang='lat' dir='ltr'>Arnoldo,</span> <span class='ocrx_word' id='word_1_311' title='bbox 1553 3786 1616 3850; x_wconf 82' lang='lat' dir='ltr'>fra·</span> 
     </span>
     <span class='ocr_line' id='line_1_32' title="bbox 254 3887 1616 3975; baseline -0.002 -19"><span class='ocrx_word' id='word_1_312' title='bbox 254 3893 358 3957; x_wconf 89' lang='lat' dir='ltr'>tribus</span> <span class='ocrx_word' id='word_1_313' title='bbox 369 3892 445 3972; x_wconf 90' lang='lat' dir='ltr'>suis,</span> <span class='ocrx_word' id='word_1_314' title='bbox 460 3891 541 3971; x_wconf 89' lang='lat' dir='ltr'>Yde,</span> <span class='ocrx_word' id='word_1_315' title='bbox 555 3890 656 3955; x_wconf 90' lang='lat' dir='ltr'>sorori</span> <span class='ocrx_word' id='word_1_316' title='bbox 667 3910 736 3969; x_wconf 88' lang='lat' dir='ltr'>sue,</span> <span class='ocrx_word' id='word_1_317' title='bbox 750 3888 970 3954; x_wconf 87' lang='lat' dir='ltr'>Gobelinode</span> <span class='ocrx_word' id='word_1_318' title='bbox 983 3887 1112 3969; x_wconf 86' lang='lat' dir='ltr'>Mercu,</span> <span class='ocrx_word' id='word_1_319' title='bbox 1128 3892 1248 3975; x_wconf 74' lang='lat' dir='ltr'>presb,</span> <span class='ocrx_word' id='word_1_320' title='bbox 1265 3910 1305 3955; x_wconf 91' lang='lat' dir='ltr'>ac</span> <span class='ocrx_word' id='word_1_321' title='bbox 1319 3888 1412 3953; x_wconf 92' lang='lat' dir='ltr'>Hille</span> <span class='ocrx_word' id='word_1_322' title='bbox 1428 3889 1471 3955; x_wconf 86' lang='lat' dir='ltr'>de</span> <span class='ocrx_word' id='word_1_323' title='bbox 1487 3888 1616 3970; x_wconf 87' lang='lat' dir='ltr'>Lawik,</span> 
     </span>
     <span class='ocr_line' id='line_1_33' title="bbox 253 3991 1452 4081; baseline -0.003 -20"><span class='ocrx_word' id='word_1_324' title='bbox 253 3996 363 4077; x_wconf 90' lang='lat' dir='ltr'>vidue,</span> <span class='ocrx_word' id='word_1_325' title='bbox 379 3996 515 4081; x_wconf 91' lang='lat' dir='ltr'>plenam</span> <span class='ocrx_word' id='word_1_326' title='bbox 531 3994 598 4059; x_wconf 92' lang='lat' dir='ltr'>ind.</span> <span class='ocrx_word' id='word_1_327' title='bbox 614 3993 648 4057; x_wconf 91' lang='lat' dir='ltr'>in</span> <span class='ocrx_word' id='word_1_328' title='bbox 663 4001 725 4059; x_wconf 93' lang='lat' dir='ltr'>art.</span> <span class='ocrx_word' id='word_1_329' title='bbox 741 4001 839 4058; x_wconf 92' lang='lat' dir='ltr'>mort.</span> <span class='ocrx_word' id='word_1_330' title='bbox 856 3992 1039 4076; x_wconf 88' lang='lat' dir='ltr'>dignemini</span> <span class='ocrx_word' id='word_1_331' title='bbox 1056 3993 1251 4058; x_wconf 89' lang='lat' dir='ltr'>concedere.</span> <span class='ocrx_word' id='word_1_332' title='bbox 1263 4034 1306 4041; x_wconf 91' lang='lat'><em>-</em></span> <span class='ocrx_word' id='word_1_333' title='bbox 1323 3991 1398 4058; x_wconf 90' lang='lat' dir='ltr'>Fiat</span> <span class='ocrx_word' id='word_1_334' title='bbox 1411 3992 1452 4058; x_wconf 92' lang='lat' dir='ltr'><strong>R.</strong></span> 
     </span>
    </p>

    <p class='ocr_par' dir='ltr' id='par_1_10' title="bbox 184 4095 1617 4497">
     <span class='ocr_line' id='line_1_34' title="bbox 299 4095 1616 4185; baseline -0.002 -22"><span class='ocrx_word' id='word_1_335' title='bbox 299 4099 387 4165; x_wconf 92' lang='lat' dir='ltr'>ltem</span> <span class='ocrx_word' id='word_1_336' title='bbox 403 4107 493 4184; x_wconf 91' lang='lat' dir='ltr'>quat.</span> <span class='ocrx_word' id='word_1_337' title='bbox 513 4096 780 4185; x_wconf 89' lang='lat' dir='ltr'>[consanguineo</span> <span class='ocrx_word' id='word_1_338' title='bbox 796 4118 856 4162; x_wconf 93' lang='lat' dir='ltr'>suo</span> <span class='ocrx_word' id='word_1_339' title='bbox 872 4095 1039 4162; x_wconf 87' lang='lat' dir='ltr'>Gobelino</span> <span class='ocrx_word' id='word_1_340' title='bbox 1054 4095 1096 4161; x_wconf 92' lang='lat' dir='ltr'>de</span> <span class='ocrx_word' id='word_1_341' title='bbox 1114 4095 1243 4179; x_wconf 88' lang='lat' dir='ltr'>Meren,</span> <span class='ocrx_word' id='word_1_342' title='bbox 1268 4096 1393 4185; x_wconf 83' lang='lat' dir='ltr'>presb]</span> <span class='ocrx_word' id='word_1_343' title='bbox 1425 4096 1616 4182; x_wconf 88' lang='lat' dir='ltr'>Trajecten.</span> 
     </span>
     <span class='ocr_line' id='line_1_35' title="bbox 184 4200 1616 4287; baseline -0.002 -19"><span class='ocrx_word' id='word_1_344' title='bbox 184 4277 186 4280; x_wconf 18' lang='lat'>¹</span> <span class='ocrx_word' id='word_1_345' title='bbox 255 4204 352 4282; x_wconf 91' lang='grc' dir='ltr'>ὦσα,</span> <span class='ocrx_word' id='word_1_346' title='bbox 368 4203 410 4268; x_wconf 91' lang='lat' dir='ltr'>de</span> <span class='ocrx_word' id='word_1_347' title='bbox 426 4223 499 4268; x_wconf 90' lang='lat' dir='ltr'>can.</span> <span class='ocrx_word' id='word_1_348' title='bbox 515 4210 550 4266; x_wconf 90' lang='lat' dir='ltr'>et</span> <span class='ocrx_word' id='word_1_349' title='bbox 565 4203 657 4287; x_wconf 94' lang='lat' dir='ltr'>preb.</span> <span class='ocrx_word' id='word_1_350' title='bbox 674 4202 755 4267; x_wconf 89' lang='lat' dir='ltr'>eccl.</span> <span class='ocrx_word' id='word_1_351' title='bbox 773 4200 804 4265; x_wconf 86' lang='lat' dir='ltr'><strong>S.</strong></span> <span class='ocrx_word' id='word_1_352' title='bbox 821 4200 960 4265; x_wconf 89' lang='lat' dir='ltr'>Servatii</span> <span class='ocrx_word' id='word_1_353' title='bbox 977 4200 1006 4265; x_wconf 89' lang='lat' dir='ltr'>T</span> <span class='ocrx_word' id='word_1_354' title='bbox 1008 4201 1209 4286; x_wconf 75' lang='lat' dir='ltr'>rajectensiS,</span> <span class='ocrx_word' id='word_1_355' title='bbox 1226 4200 1386 4266; x_wconf 89' lang='lat' dir='ltr'>Leodieu.</span> <span class='ocrx_word' id='word_1_356' title='bbox 1409 4200 1507 4282; x_wconf 89' lang='grc' dir='ltr'>ὦσα,</span> <span class='ocrx_word' id='word_1_357' title='bbox 1527 4200 1616 4287; x_wconf 87' lang='lat' dir='ltr'>[vac.</span> 
     </span>
     <span class='ocr_line' id='line_1_36' title="bbox 255 4304 1617 4393; baseline 0 -23"><span class='ocrx_word' id='word_1_358' title='bbox 255 4310 310 4371; x_wconf 86' lang='lat' dir='ltr'>vel</span> <span class='ocrx_word' id='word_1_359' title='bbox 333 4306 459 4393; x_wconf 78' lang='lat' dir='ltr'>vacat]</span> <span class='ocrx_word' id='word_1_360' title='bbox 486 4304 669 4389; x_wconf 88' lang='lat' dir='ltr'>dignemini</span> <span class='ocrx_word' id='word_1_361' title='bbox 702 4305 902 4390; x_wconf 88' lang='lat' dir='ltr'>providere;</span> <span class='ocrx_word' id='word_1_362' title='bbox 931 4326 1001 4369; x_wconf 89' lang='lat' dir='ltr'>non</span> <span class='ocrx_word' id='word_1_363' title='bbox 1028 4307 1113 4370; x_wconf 90' lang='lat' dir='ltr'>obst.</span> <span class='ocrx_word' id='word_1_364' title='bbox 1140 4305 1230 4389; x_wconf 92' lang='lat' dir='ltr'>quod</span> <span class='ocrx_word' id='word_1_365' title='bbox 1256 4304 1426 4388; x_wconf 87' lang='lat' dir='ltr'>quandam</span> <span class='ocrx_word' id='word_1_366' title='bbox 1458 4304 1617 4370; x_wconf 85' lang='lat' dir='ltr'>vicariam</span> 
     </span>
     <span class='ocr_line' id='line_1_37' title="bbox 256 4408 1402 4497; baseline -0.003 -21"><span class='ocrx_word' id='word_1_367' title='bbox 256 4432 349 4497; x_wconf 92' lang='lat' dir='ltr'>perp.</span> <span class='ocrx_word' id='word_1_368' title='bbox 365 4411 399 4475; x_wconf 93' lang='lat' dir='ltr'>in</span> <span class='ocrx_word' id='word_1_369' title='bbox 415 4412 497 4475; x_wconf 91' lang='lat' dir='ltr'>eccl.</span> <span class='ocrx_word' id='word_1_370' title='bbox 514 4410 545 4475; x_wconf 89' lang='lat' dir='ltr'><strong>S.</strong></span> <span class='ocrx_word' id='word_1_371' title='bbox 564 4408 612 4474; x_wconf 90' lang='lat' dir='ltr'><strong>M.</strong></span> <span class='ocrx_word' id='word_1_372' title='bbox 629 4409 819 4493; x_wconf 85' lang='lat' dir='ltr'>Trajecten.</span> <span class='ocrx_word' id='word_1_373' title='bbox 835 4409 1019 4475; x_wconf 90' lang='lat' dir='ltr'>dinoscitur</span> <span class='ocrx_word' id='word_1_374' title='bbox 1035 4411 1195 4483; x_wconf 86' lang='lat' dir='ltr'>obtinere.</span> <span class='ocrx_word' id='word_1_375' title='bbox 1208 4451 1251 4459; x_wconf 93' lang='lat'><em>-</em></span> <span class='ocrx_word' id='word_1_376' title='bbox 1268 4408 1344 4475; x_wconf 89' lang='lat' dir='ltr'>Fiat</span> <span class='ocrx_word' id='word_1_377' title='bbox 1362 4408 1402 4473; x_wconf 91' lang='lat' dir='ltr'><strong>R.</strong></span> 
     </span>
    </p>

    <p class='ocr_par' dir='ltr' id='par_1_11' title="bbox 301 4512 984 4598">
     <span class='ocr_line' id='line_1_38' title="bbox 301 4512 984 4598; baseline 0.001 -19"><span class='ocrx_word' id='word_1_378' title='bbox 301 4514 380 4580; x_wconf 91' lang='lat' dir='ltr'>Dat.</span> <span class='ocrx_word' id='word_1_379' title='bbox 402 4514 501 4579; x_wconf 88' lang='lat' dir='ltr'>Avin.</span> <span class='ocrx_word' id='word_1_380' title='bbox 519 4516 536 4578; x_wconf 91' lang='lat'>8</span> <span class='ocrx_word' id='word_1_381' title='bbox 553 4512 619 4578; x_wconf 83' lang='lat' dir='ltr'>lral.</span> <span class='ocrx_word' id='word_1_382' title='bbox 633 4513 714 4598; x_wconf 91' lang='lat' dir='ltr'>junii</span> <span class='ocrx_word' id='word_1_383' title='bbox 732 4522 766 4578; x_wconf 89' lang='lat' dir='ltr'>a⁰</span> <span class='ocrx_word' id='word_1_384' title='bbox 783 4522 825 4598; x_wconf 87' lang='lat'><strong>5⁰.</strong></span> <span class='ocrx_word' id='word_1_385' title='bbox 841 4516 906 4597; x_wconf 86' lang='lat' dir='ltr'>(ll,</span> <span class='ocrx_word' id='word_1_386' title='bbox 925 4516 984 4597; x_wconf 66' lang='lat'><strong>8&#39;).</strong></span> 
     </span>
    </p>
   </div>
   <div class='ocr_carea' id='block_1_6' title="bbox 288 4711 508 4773">
    <p class='ocr_par' dir='ltr' id='par_1_12' title="bbox 288 4711 508 4773">
     <span class='ocr_line' id='line_1_39' title="bbox 288 4711 508 4773; baseline -0.014 -12"><span class='ocrx_word' id='word_1_387' title='bbox 288 4713 317 4773; x_wconf 85' lang='lat' dir='ltr'>a)</span> <span class='ocrx_word' id='word_1_388' title='bbox 333 4711 389 4760; x_wconf 84' lang='lat' dir='ltr'>(bd.</span> <span class='ocrx_word' id='word_1_389' title='bbox 402 4712 508 4772; x_wconf 76' lang='lat' dir='ltr'>Begerra.</span> 
     </span>
    </p>
   </div>
   <div class='ocr_carea' id='block_1_7' title="bbox 291 4930 1324 4993">
    <p class='ocr_par' dir='ltr' id='par_1_13' title="bbox 291 4930 1324 4993">
     <span class='ocr_line' id='line_1_40' title="bbox 291 4930 1324 4993; baseline 0 -13"><span class='ocrx_word' id='word_1_390' title='bbox 291 4934 313 4980; x_wconf 93' lang='lat'><strong>1.</strong></span> <span class='ocrx_word' id='word_1_391' title='bbox 325 4930 388 4979; x_wconf 85' lang='lat' dir='ltr'>Voir</span> <span class='ocrx_word' id='word_1_392' title='bbox 399 4945 424 4980; x_wconf 90' lang='lat' dir='ltr'>n.</span> <span class='ocrx_word' id='word_1_393' title='bbox 437 4932 492 4980; x_wconf 81' lang='lat'><strong>830.</strong></span> <span class='ocrx_word' id='word_1_394' title='bbox 505 4959 536 4965; x_wconf 92' lang='lat'>—</span> <span class='ocrx_word' id='word_1_395' title='bbox 548 4934 571 4980; x_wconf 85' lang='lat'><strong>2.</strong></span> <span class='ocrx_word' id='word_1_396' title='bbox 579 4932 688 4992; x_wconf 79' lang='lat' dir='ltr'>Debitio,</span> <span class='ocrx_word' id='word_1_397' title='bbox 705 4931 828 4993; x_wconf 62' lang='lat' dir='ltr'>(aaran,</span> <span class='ocrx_word' id='word_1_398' title='bbox 841 4932 875 4992; x_wconf 88' lang='grc' dir='ltr'>ΙΙ,</span> <span class='ocrx_word' id='word_1_399' title='bbox 889 4933 1004 4992; x_wconf 63' lang='lat' dir='ltr'>bosun.</span> <span class='ocrx_word' id='word_1_400' title='bbox 1015 4960 1046 4967; x_wconf 65' lang='grc'>«-</span> <span class='ocrx_word' id='word_1_401' title='bbox 1058 4934 1080 4981; x_wconf 87' lang='lat'><strong>3.</strong></span> <span class='ocrx_word' id='word_1_402' title='bbox 1092 4932 1154 4979; x_wconf 86' lang='lat' dir='ltr'>Voil·</span> <span class='ocrx_word' id='word_1_403' title='bbox 1165 4946 1190 4979; x_wconf 91' lang='lat' dir='ltr'>n.</span> <span class='ocrx_word' id='word_1_404' title='bbox 1203 4933 1256 4991; x_wconf 73' lang='lat'>831,</span> <span class='ocrx_word' id='word_1_405' title='bbox 1270 4932 1324 4980; x_wconf 70' lang='lat'><strong>937.</strong></span> 
     </span>
    </p>
   </div>
   <div class='ocr_carea' id='block_1_8' title="bbox 0 0 1840 5675">
    <p class='ocr_par' dir='ltr' id='par_1_14' title="bbox 0 0 1840 5675">
     <span class='ocr_line' id='line_1_41' title="bbox 0 0 1840 5675; baseline 0 0"><span class='ocrx_word' id='word_1_406' title='bbox 0 0 1840 5675; x_wconf 95' lang='lat' dir='ltr'> </span> 
     </span>
    </p>
   </div>
  </div>
 </body>
</html>
