3650 5675
719 448 807 525 1350.
831 449 872 515 30
890 448 1018 531 janvier.
1479 450 1542 517 489

178 608 251 666 tata
266 600 369 666 etiam
385 600 533 687 recipere
561 608 596 665 et
622 601 720 667 simul
746 600 891 667 retinere
915 603 1028 667 valeat
1053 608 1150 669 motu
1174 601 1273 669 simili
1303 600 1485 688 indulgere.
1500 644 1544 655 -

181 704 259 771 Fiat
276 703 316 769 R.

225 808 301 873 Dat.
316 808 416 873 Ario.
434 828 451 893 5
469 807 533 874 kal.
549 809 630 875 febr.
646 816 679 875 a⁰
697 812 739 875 8⁰.
756 810 828 894 (18,
849 811 936 894 136).

235 942 372 1026 1877·
1192 981 1288 1046 1350,
1301 982 1346 1047 30
1356 960 1500 1043 janorer.

225 1063 326 1149 Supp.
343 1061 455 1127 Guido
476 1063 518 1128 de
534 1063 740 1130 Podiovallis
757 1074 765 1099 ¹
781 1072 874 1149 quat.
900 1062 1039 1148 Hugoni
1055 1064 1096 1131 de
1113 1065 1216 1131 Duno
1224 1078 1245 1147 ²,
1265 1066 1387 1133 clerico
1403 1065 1545 1132 Remen.

181 1167 279 1247 dioc.,
304 1186 392 1251 mag.
409 1166 443 1230 in
461 1174 513 1233 art
528 1175 564 1233 et
586 1168 620 1233 in
652 1168 684 1234 S.
699 1169 804 1234 theol.
830 1168 914 1249 bac,
941 1167 1118 1254 providere
1145 1167 1328 1253 dignemini
1352 1171 1394 1235 de
1419 1190 1494 1235 can.
1510 1176 1546 1234 et

181 1274 273 1358 preb.
297 1270 379 1335 eccl.
408 1269 579 1337 Virdunen
582 1323 634 1352 .....
661 1293 730 1338 non
758 1274 845 1339 obst.
873 1272 963 1356 quod
988 1293 1061 1338 can.
1077 1282 1111 1338 et
1127 1275 1219 1359 preb.
1250 1274 1331 1338 eccl.
1348 1272 1381 1339 S.
1398 1271 1488 1339 Petri
1503 1272 1545 1338 de

182 1374 320 1459 Braquis
336 1380 370 1437 et
385 1375 523 1458 paroch.
551 1377 634 1442 eccl.
650 1376 692 1442 de
709 1374 906 1443 Broukerlra
922 1375 956 1440 in
974 1375 1142 1457 Flandria,
1166 1376 1307 1443 Remea.
1323 1384 1359 1441 et
1376 1374 1544 1443 Morinen.

180 1479 279 1557 dioc.,
295 1475 438 1541 obtinet.
456 1476 595 1544 -Fiat
613 1478 675 1545 R...

225 1582 305 1647 Dat.
321 1578 421 1645 Avin.
439 1600 457 1665 3
481 1580 549 1647 kal.
573 1582 653 1648 febr.
673 1592 707 1649 a⁰
724 1586 766 1650 8⁰.
785 1585 857 1669 (18,
878 1586 982 1668 136').

237 1733 377 1818 1878.
1195 1771 1290 1835 1350,
1303 1771 1348 1836 30
1357 1750 1501 1833 ybrrvier.

230 1853 331 1941 Supp.
360 1840 511 1922 servitor
526 1855 684 1943 antiquus
710 1864 822 1921 vester
846 1854 1007 1921 Matheus
1032 1854 1075 1920 ad
1101 1855 1221 1936 latus³,
1246 1862 1338 1939 quat.
1365 1854 1426 1921 sibi
1453 1856 1545 1943 preb.

185 1956 217 2022 S.
243 1958 427 2026 Audomari
452 1979 527 2025 vac.
553 1980 613 2046 per
640 1962 694 2025 ob.
721 1959 802 2025 dom
826 1958 972 2025 Alben'ci
989 1958 1031 2024 de
1046 1957 1311 2025 Vicecomitibus
1326 1958 1416 2044 apud
1431 1958 1545 2024 sedem

184 2069 291 2146 apost.
307 2071 512 2128 reservatam
529 2062 679 2131 conferre
694 2062 888 2149 dignemini,
904 2083 974 2129 non
998 2065 1085 2128 obst.
1107 2062 1197 2149 quod
1219 2083 1294 2129 can.
1310 2070 1344 2127 et
1360 2065 1451 2148 preb.
1468 2083 1545 2129 cum

184 2166 334 2231 cantoria
361 2164 557 2247 Morinensi,
572 2175 789 2252 personatum
805 2166 848 2233 de
876 2166 959 2246 Rua,
977 2166 1197 2252 capellaniam
1223 2166 1266 2233 de
1293 2164 1544 2247 Mollaincourt,

182 2270 394 2351 Ambianen,
412 2278 446 2335 et
472 2272 695 2359 capellaniam
729 2272 970 2357 Apostolorum
1003 2270 1046 2336 de
1076 2268 1352 2357 Champignian,
1385 2269 1543 2337 Parisien.

182 2372 280 2453 dioc.,
306 2374 456 2440 noscitur
480 2374 632 2440 obtinere
657 2383 692 2439 et
718 2373 810 2458 quod
825 2374 868 2440 sit
883 2382 1067 2460 expectans
1092 2374 1137 2439 ad
1159 2376 1252 2459 preb.
1275 2373 1475 2440 Ambianen.
1499 2415 1543 2425 -

185 2474 262 2541 Fiat
278 2476 318 2543 R.

228 2578 306 2645 Dat.
322 2580 424 2647 Avin.
442 2603 459 2666 3
476 2580 544 2647 kal.
561 2582 641 2647 febr.
659 2588 693 2649 a⁰
709 2584 751 2648 8⁰.
769 2581 841 2666 (18,
862 2536 966 2666 136').

237 2724 377 2807 1879·
1195 2752 1214 2796 r
1213 2752 1290 2814 350,
1303 2751 1348 2815 30
1358 2730 1503 2813 sanarer.

229 2845 331 2932 Supp.
347 2843 522 2923 Johannes
537 2839 744 2925 Ramponeti
771 2839 813 2904 de
839 2836 936 2904 Bello
963 2836 1083 2917 Ramo,
1111 2835 1251 2903 clericus
1274 2834 1435 2902 Leodien.
1450 2832 1547 2909 dioc.,

185 2949 357 3015 familiaris
373 2947 551 3016 continuus
575 2943 701 3009 domini
720 2940 920 3027 H(ugonis),
937 2940 1112 3006 cardinalis
1124 2940 1303 3020 Tutellen,
1319 2947 1411 3024 quat.
1425 2937 1488 3004 sibi
1502 2934 1545 3000 de

185 3075 258 3120 can.
275 3062 309 3120 et
332 3055 424 3140 preb.
441 3048 582 3116 ecclesie
598 3046 774 3130 collegiata
790 3045 821 3110 S.
839 3045 929 3110 Petri
954 3044 996 3109 de
1022 3043 1170 3130 Braquis,
1188 3043 1328 3110 Remen.
1344 3042 1442 3121 dioc.,
1469 3060 1544 3106 vac.

184 3177 244 3245 per
259 3165 403 3224 mortem
419 3151 608 3220 Ponchardi
625 3148 667 3216 de
682 3147 893 3229 Cherbonne,
910 3147 965 3233 qui
981 3155 1076 3212 extra
1103 3148 1230 3214 curiam
1245 3147 1398 3228 decessit,
1414 3153 1449 3211 et
1463 3151 1543 3210 ante

185 3263 255 3348 ejus
281 3260 410 3327 obitum
437 3254 610 3324 collationi
634 3253 818 3339 apostolice
844 3253 1029 3334 reservatis,
1052 3252 1235 3336 dignemini
1262 3251 1448 3338 providere,
1463 3268 1541 3315 cum

187 3365 387 3431 inhibitione
402 3371 437 3428 et
448 3361 586 3427 decreto
599 3381 607 3438 ;
624 3378 693 3424 non
709 3359 794 3424 obst.
810 3356 900 3442 quod
916 3355 1005 3422 idern
1020 3353 1192 3433 Johannes
1206 3359 1283 3423 ben.
1298 3354 1381 3422 eccl.
1396 3375 1426 3422 c.
1441 3373 1471 3419 c.
1486 3352 1542 3416 vel

188 3491 214 3536 s,
231 3490 270 3550 c.,
287 3465 494 3554 conjunctim
510 3465 566 3528 vel
581 3461 724 3543 divisim,
740 3470 896 3548 spectans
911 3459 955 3527 ad
971 3458 1186 3526 collationem
1203 3460 1334 3526 abbatis
1350 3467 1385 3523 et
1401 3476 1546 3524 conven-

188 3583 243 3640 tus
258 3570 452 3639 monasterii
466 3565 730 3646 Gemblacensis,
754 3564 797 3629 O.
824 3563 855 3630 S.
877 3563 927 3644 B.,
942 3563 1033 3630 dicte
1048 3563 1146 3644 dioc.,
1162 3582 1227 3648 que
1242 3562 1284 3628 de
1300 3560 1442 3628 uberiori
1457 3559 1549 3625 dono

189 3675 295 3764 gratie
311 3675 403 3742 salva
419 3680 593 3739 remaneat
608 3671 740 3758 prefato
755 3667 774 3747 J
777 3669 913 3736 ohanni.
931 3709 975 3718 -
991 3668 1069 3734 Fiat
1084 3667 1125 3734 R.

234 3779 312 3846 Dat.
328 3779 428 3845 Avin.
446 3797 463 3864 3
480 3775 545 3842 kal.
562 3775 642 3842 iebr.
666 3781 698 3841 a⁰
715 3777 747 3838 8⁰
763 3781 785 3840 ¹¹.
803 3775 874 3860 (18,
895 3775 996 3858 139').

243 3916 386 3998 1880
1198 3942 1217 3986 r
1216 3941 1293 4004 350,
1307 3939 1353 4004 jo
1361 3917 1506 4001 jrmvier.

233 4034 335 4120 Supp.
353 4028 564 4110 Bertrandus,
592 4028 769 4113 episcopus
795 4025 963 4105 Sabinen,
991 4033 1082 4110 quat.
1112 4024 1278 4112 [Jobanni
1294 4021 1502 4109 carpentarii
1526 4038 1549 4102 ⁴,

192 4137 377 4224 presbitero
392 4132 581 4200 Tornacen.
594 4130 692 4210 dioc.,
708 4129 862 4195 familiari
879 4128 969 4214 suol,
986 4129 1028 4194 de
1042 4129 1196 4215 parroch.
1212 4128 1354 4195 ecclesia
1366 4126 1410 4193 de
1425 4125 1550 4206 Comis,

193 4241 410 4306 Cameracen.
425 4237 523 4316 dioc.,
548 4255 621 4301 vac.
647 4254 688 4298 ex
715 4233 870 4318 eoquod
894 4232 1036 4298 Pontius
1060 4231 1272 4318 Campalerii,
1299 4230 1426 4297 dudum
1449 4231 1551 4316 ipsius

193 4343 333 4412 ecclesie
349 4351 470 4421 rector,
485 4339 637 4428 parroch.
653 4338 832 4404 ecclesiam
858 4337 890 4402 S.
917 4335 1008 4402 Petri
1032 4336 1074 4402 de
1099 4335 1263 4417 Bruessio,
1289 4335 1426 4402 Uticen.
1452 4334 1550 4413 dioc.,

193 4447 255 4516 sibi
271 4446 433 4514 collatam
449 4443 651 4510 auctoritate
676 4441 708 4508 S.
734 4441 784 4521 E,
800 4461 859 4528 per
883 4438 1028 4506 eundern
1053 4439 1258 4526 episcopum,
1274 4438 1355 4504 dum
1382 4439 1416 4502 in
1431 4435 1551 4502 Tuscie

226 4631 255 4694 a)
268 4633 308 4680 En
320 4632 385 4680 haut
397 4629 430 4678 de
441 4629 466 4677 le
477 4627 560 4676 meme
571 4641 642 4690 pege,
655 4639 681 4673 se
692 4624 804 4672 trourait
825 4635 876 4670 une
892 4620 1030 4684 supplique
1041 4619 1077 4668 du
1093 4619 1183 4678 meme,
1195 4620 1261 4667 mais
1271 4633 1330 4667 sous
1340 4632 1392 4667 une
1402 4619 1485 4666 forme
1496 4616 1554 4680 plus

195 4706 272 4756 breve
283 4721 289 4764 ;
301 4704 349 4754 elle
360 4719 376 4752 a
387 4701 429 4752 ete
441 4700 532 4760 cassae,
545 4713 608 4749 arec
620 4699 645 4747 la
655 4711 789 4758 remosque
801 4710 833 4744 en
844 4709 932 4756 merge
944 4710 953 4740 :
966 4694 1102 4756 reponam
1113 4696 1149 4740 eat
1160 4692 1232 4752 olibi,
1245 4695 1273 4740 r'n
1284 4691 1364 4741 irradio
1374 4693 1481 4756 rcrbrta.

229 4891 253 4938 l.
275 4888 337 4936 Voir
349 4902 374 4935 n.
393 4887 463 4934 1420.
477 4911 509 4921 -
521 4887 543 4932 2.
556 4884 617 4934 Voir
629 4897 654 4932 n.
667 4883 738 4932 1829.
752 4908 783 4920 -
794 4881 817 4930 3.
831 4879 892 4928 l’oir
903 4892 929 4926 n.
943 4878 1013 4928 1251.
1023 4903 1057 4914 -
1068 4878 1091 4926 4.
1102 4875 1165 4925 Voir
1176 4891 1202 4926 n.
1215 4876 1286 4926 1453.
