3650 5675
294 521 356 585 482
820 517 907 591 1349,
931 517 950 581 5
973 516 1133 582 decembre.

297 672 483 738 chorariam
500 668 750 734 Claromonten.
767 677 802 734 et
817 688 891 735 can.
908 672 968 735 sub
985 690 1061 755 exp.
1077 671 1169 755 preb.
1183 668 1426 737 Cathalaunen.
1443 673 1658 739 ecclesiarum

297 777 446 843 noscitur
462 772 623 840 obtinere.
640 812 682 822 -
699 772 776 838 Fiat
794 772 834 839 R.

341 881 417 946 Dat.
434 879 531 944 Avin.
547 898 626 943 non.
643 876 716 942 dec.
733 884 765 942 a⁰
781 879 823 942 8⁰.
840 878 911 959 (18,
930 879 997 963 97).

348 1050 490 1137 1853-
1287 1086 1382 1151 1349,
1397 1086 1419 1147 5
1435 1068 1613 1134 decembre.

340 1169 440 1256 Supp.
466 1168 566 1234 frater
594 1167 743 1234 Mathias
760 1178 780 1249 ¹,
809 1168 986 1254 episcopus
1011 1166 1312 1253 Trapesundiuen,
1329 1178 1420 1253 quat.
1448 1170 1570 1236 clerico
1595 1192 1656 1237 suo

186 1258 188 1262 ’
298 1272 449 1338 Henrico
464 1272 506 1337 de
522 1271 718 1338 Bolenbeke
730 1283 751 1353 ²,
776 1271 993 1337 Cameracen.
1005 1271 1104 1353 dioc,
1120 1271 1163 1337 de
1179 1293 1271 1359 perp.
1287 1275 1363 1338 ben.
1380 1274 1462 1340 eccl.
1478 1274 1659 1359 vulgariter

295 1378 466 1462 appellato
482 1375 524 1440 de
539 1376 656 1457 Zellar‚
680 1376 771 1442 dicte
797 1376 1016 1441 Cameracen.
1028 1376 1127 1457 dioc,
1143 1397 1219 1442 vac.
1231 1378 1266 1441 in
1283 1378 1426 1443 ecclesia
1441 1378 1473 1443 S.
1489 1376 1659 1460 Rumoldi,

296 1479 445 1565 ejusdem
461 1479 558 1561 dioc,
575 1501 634 1567 per
649 1483 703 1547 ob.
719 1479 740 1557 J
743 1480 885 1546 ohannis
902 1478 1105 1545 Michaelis³
1121 1480 1190 1546 sedi
1207 1489 1315 1566 apost.
1333 1490 1515 1563 reservato,
1533 1482 1576 1547 de
1592 1503 1660 1567 quo

294 1592 371 1669 post
387 1584 456 1669 ejus
469 1586 522 1649 ob.
538 1605 598 1670 per
613 1584 644 1651 S.
660 1582 701 1650 V.
717 1584 887 1669 provisum
903 1583 965 1648 fuit
981 1583 1108 1649 Rasoni
1120 1581 1319 1649 Theoderici
1341 1583 1383 1648 de
1397 1583 1515 1650 Thede
1532 1597 1553 1667 ⁴,
1569 1585 1659 1652 dicte

294 1688 391 1768 dioc,
408 1688 464 1771 qui
480 1688 628 1774 ejusdem
640 1687 795 1753 beneficii
808 1687 950 1774 pacifica
960 1688 1170 1772 possessione
1185 1708 1255 1753 non
1271 1688 1404 1774 adepta,
1420 1695 1516 1753 extra
1532 1690 1659 1753 curiam

297 1790 395 1857 Rom.
412 1791 474 1855 fuit
490 1793 560 1857 vita
575 1792 719 1872 functae,
747 1792 857 1857 eidem
882 1790 1034 1857 Henrico
1048 1792 1092 1857 de
1108 1792 1228 1857 eodem
1254 1814 1330 1858 cum
1355 1793 1510 1858 omnibus
1529 1793 1658 1877 juribus

298 1903 332 1959 et
348 1895 558 1980 pertinentiis
573 1896 640 1961 suis
655 1895 837 1980 dignemini
854 1895 1043 1981 providere.
1058 1936 1103 1945 -
1119 1893 1195 1961 Fiat
1212 1896 1283 1960 R...

337 1999 418 2063 Dat.
434 2000 533 2063 Avin.
550 2020 629 2065 non.
642 2000 715 2065 dec.
730 2006 763 2063 a⁰
785 2001 827 2065 8⁰.
844 2000 916 2083 (18,
934 2000 1018 2083 97⁰).

346 2170 489 2253 1854.
1285 2206 1381 2271 1349,
1396 2204 1418 2266 5
1434 2188 1612 2252 decembre.

337 2288 425 2374 Sign.
438 2288 470 2354 S.
487 2288 526 2355 V.
543 2289 644 2354 frater
660 2289 809 2374 P(etrus)
826 2306 847 2370 ⁵,
862 2288 1044 2353 Vasionen.
1054 2287 1241 2374 episcopus
1257 2288 1348 2372 quod
1358 2287 1483 2354 dudum
1499 2289 1531 2354 S.
1545 2286 1584 2357 V.
1597 2309 1657 2355 no-

294 2392 379 2458 tario
389 2401 424 2458 et
435 2392 588 2457 familiari
599 2414 660 2459 suo
672 2394 833 2459 continuo
843 2390 1085 2458 Bartholomeo
1097 2390 1242 2457 Malbeti
1255 2392 1297 2457 de
1310 2392 1497 2476 Dyonanto
1509 2392 1656 2473 ⁶,clerico

295 2494 454 2563 Leodien.
470 2497 568 2579 dioc,
584 2497 626 2563 de
650 2498 780 2583 capella
802 2496 978 2582 hospitalis
1001 2516 1187 2582 pauperum
1203 2496 1234 2561 S.
1250 2494 1271 2572 J
1274 2495 1416 2560 ohannis
1441 2495 1603 2581 Baptiste,
1620 2505 1657 2562 et

294 2602 389 2666 altari
417 2602 448 2667 S.
476 2602 607 2667 Thome
637 2602 690 2666 siti
718 2600 752 2665 in
779 2601 860 2667 eccl.
888 2600 1066 2685 collegiata
1090 2598 1128 2664 B.
1155 2598 1204 2664 M.
1230 2599 1420 2680 Dionensis‚
1444 2599 1535 2665 dicte
1558 2600 1656 2683 dioc„

294 2705 449 2789 providit,
464 2714 498 2771 et
513 2706 556 2770 ad
572 2705 708 2771 eosdem
723 2704 837 2790 vigore
860 2704 1046 2768 litterarum
1063 2711 1171 2789 apost.
1187 2712 1222 2768 et
1237 2723 1452 2788 processuum
1469 2703 1546 2769 inde
1561 2724 1656 2769 secu·

294 2817 404 2874 torum
419 2817 573 2894 receptus
589 2817 624 2875 et
639 2809 673 2874 in
688 2808 898 2895 possessione
923 2807 1051 2894 positus
1065 2807 1138 2873 fuit.
1166 2806 1300 2888 Verum,
1317 2828 1393 2873 cum
1411 2807 1444 2872 in
1460 2808 1656 2894 receptione

294 2911 482 2996 hujusmodi
498 2913 696 2998 prepositus,
712 2912 938 2978 vicedecanus
962 2919 999 2976 et
1015 2911 1201 2996 capitulum
1216 2911 1306 2976 dicte
1322 2912 1499 2996 collegiate
1514 2912 1656 2978 ecclesie

294 3013 332 3080 B.
350 3013 398 3081 M.
416 3016 614 3080 asseruerint
629 3024 664 3080 et
680 3015 790 3081 adhuc
802 3024 962 3096 asserant,
978 3013 1105 3080 dictam
1121 3015 1285 3100 capellam
1306 3013 1417 3099 quoad
1433 3023 1543 3080 certos
1558 3024 1656 3082 actus

293 3139 407 3184 curam
435 3121 620 3185 animarum
647 3119 783 3202 habere,
809 3120 949 3205 ipseque
972 3117 1262 3203 B(artholomeus)
1286 3118 1427 3199 dubitet,
1443 3141 1486 3183 ne
1502 3128 1654 3206 tempore

291 3223 382 3288 dicte
405 3225 521 3308 gratie,
536 3245 601 3289 nec
616 3224 726 3290 adhuc
741 3245 837 3290 suum
862 3243 912 3307 25.
930 3244 1056 3288 annum
1083 3223 1242 3308 attigerit,
1259 3223 1318 3304 sed
1343 3224 1376 3288 in
1405 3230 1459 3308 24⁰
1483 3226 1537 3290 vel
1563 3225 1654 3291 circa

292 3329 494 3394 constitutus
508 3329 659 3408 existat3
685 3350 779 3415 supp.
806 3329 916 3395 dictus
940 3327 1167 3414 episcopusin
1183 3348 1361 3414 personam
1388 3327 1469 3393 dicti
1498 3325 1655 3409 B(artho·

293 3432 421 3518 lomei)‚
446 3443 538 3516 quat.
565 3433 759 3518 dispensare
785 3432 968 3518 dignemini
992 3453 1071 3498 cum
1095 3431 1226 3511 eodem,
1252 3440 1289 3496 ut
1316 3431 1408 3496 dicto
1434 3430 1568 3498 defectu
1593 3453 1654 3498 sen

294 3554 494 3620 quocunque
511 3537 578 3601 alio
592 3556 661 3601 non
678 3538 764 3602 obst.
788 3536 914 3602 dictam
942 3535 1109 3621 capellam
1124 3556 1285 3601 unacum
1308 3536 1401 3601 dicto
1417 3526 1513 3602 altari
1529 3537 1655 3601 habere

293 3639 406 3703 valeat
422 3647 456 3704 et
471 3641 562 3706 licite
578 3641 732 3705 retinere.
747 3680 791 3690 —
806 3639 1026 3705 Providemus
1042 3648 1077 3705 et
1091 3639 1333 3725 dispensamus.
1352 3639 1392 3705 R.

338 3741 416 3811 Dat.
433 3742 533 3808 Avin.
550 3763 629 3808 non.
647 3743 718 3808 dec.
735 3750 768 3808 a⁰
785 3745 827 3808 8⁰.
845 3744 916 3827 (18,
935 3744 1019 3827 97⁰).

346 3916 486 3999 1855.
1280 3948 1376 4012 1349,
1392 3948 1413 4009 5
1430 3929 1610 3994 decembre.

338 4034 437 4100 Pater
462 4035 526 4100 S¹⁰⁰.
554 4033 747 4119 Dignemini
776 4032 972 4099 collationes
994 4032 1218 4119 infrascriptos
1253 4031 1453 4096 auctoritate
1485 4030 1654 4096 ordinaria

294 4138 398 4204 factas
414 4139 644 4204 confirmare...

339 4240 426 4307 Item
452 4243 669 4308 collationem
693 4240 817 4307 factam
845 4239 1026 4305 Wilhelmo
1049 4238 1092 4304 de
1116 4239 1217 4325 Reys‚
1245 4239 1451 4305 subdiacono
1477 4236 1653 4304 Colonien.

293 4345 391 4425 dioc,
407 4345 449 4410 de
465 4345 602 4431 paroch.
619 4346 701 4411 eccl.
717 4345 750 4409 in
773 4341 963 4422 Mamhefe,
991 4339 1151 4406 Leodien.
1177 4340 1275 4420 dioc,
1300 4349 1381 4404 tunc
1397 4359 1471 4404 vac.
1495 4359 1554 4424 per
1573 4339 1654 4403 resi·

292 4451 489 4534 girationem
514 4451 636 4516 factam
661 4469 720 4535 per
746 4446 916 4534 quondam
944 4444 1141 4511 Heinricum
1156 4444 1199 4510 de
1215 4443 1363 4529 Genepe,
1387 4443 1443 4526 qui
1470 4462 1546 4507 eam
1570 4449 1654 4507 tune

294 4553 454 4639 temporis
481 4555 666 4634 obtinebat,
695 4572 794 4618 causa
828 4550 1085 4636 permutationis
1117 4547 1270 4614 faciende
1304 4567 1381 4612 cum
1407 4566 1501 4632 perp.
1527 4546 1654 4612 vicaria

326 4813 348 4860 1.
367 4811 481 4858 Mathias
500 4811 531 4858 dc
551 4809 669 4869 cologne
691 4812 746 4858 voir
764 4825 789 4860 n.
802 4811 856 4869 914,
871 4812 942 4859 1019,
953 4838 986 4846 -
997 4813 1020 4863 2,
1032 4810 1094 4858 Voir
1105 4824 1130 4859 n.
1150 4811 1220 4859 loll.
1231 4837 1264 4843 -
1283 4809 1306 4855 3.
1317 4807 1379 4854 Voir
1390 4819 1415 4854 n.
1429 4806 1499 4854 1824.
1511 4832 1544 4839 -
1554 4805 1578 4851 4.
1591 4802 1655 4851 Voir

291 4899 316 4932 n.
328 4887 399 4932 1539.
412 4913 444 4919 -
461 4889 483 4932 ι’).
497 4885 581 4932 Plerre
593 4883 624 4931 de
637 4883 717 4942 Besso,
730 4884 762 4932 de
782 4883 873 4932 l'ordre
885 4884 930 4931 des
947 4884 1056 4942 Carmes,
1074 4885 1167 4932 ancien
1183 4881 1281 4942 evaque
1296 4880 1330 4929 de
1345 4881 1436 4928 Grasse
1449 4883 1476 4926 et
1493 4876 1654 4940 penitencier

291 4959 453 5020 apostolique
465 4957 568 5020 (Eubel,
583 4957 601 5016 l,
617 4959 670 5016 277,
688 4958 755 5018 547).
769 4985 800 4994 -
812 4959 835 5005 6.
847 4957 909 5006 Voir
920 4971 946 5008 11.
965 4958 1035 5006 1³65.
