3650 5675
284 482 346 547 460
835 477 924 550 1349,
946 477 998 541 87
1017 480 1098 542 aoilt

287 632 427 699 Foresta
442 632 583 711 obtinet,
601 650 678 696 cum
694 649 826 714 eos-per
841 628 944 714 ipsius
966 628 1217 713 promotionem
1234 627 1278 693 ad
1291 629 1376 695 eccl.
1392 628 1579 696 Tomacen.
1595 681 1646 721 ¹...

286 756 406 802 vacare
421 734 610 819 contigerit,
625 732 808 818 dignemini
825 731 1012 817 providere.
1022 769 1066 781 -
1082 728 1158 795 Fiat
1174 729 1216 796 R.
1273 788 1277 794 .

331 840 410 906 Dat.
425 838 526 903 Avin.
544 859 561 902 2
579 858 658 903 non.
674 856 749 921 aug.
765 842 798 901 a⁰
814 837 858 902 8⁰.
875 836 947 919 (19,
968 834 1071 919 126⁰).

341 977 485 1060 1764.
1369 1007 1463 1072 1349,
1483 986 1606 1055 600111.

332 1094 433 1162 Motu
447 1092 583 1180 proprio
597 1089 814 1177 providemus
828 1108 917 1173 mag.
932 1086 952 1165 J
955 1088 1083 1153 ohanni
1099 1087 1141 1153 de
1157 1086 1310 1153 Veneria
1325 1099 1346 1169 ²,
1372 1092 1551 1157 secretario
1565 1092 1650 1177 regis

289 1199 439 1279 Francie,
455 1198 498 1263 de
514 1217 587 1263 can.
603 1197 664 1261 sub
680 1214 756 1279 exp.
772 1195 864 1279 preb.
880 1192 963 1257 eccl.
988 1190 1240 1257 Cenomanneu.
1264 1213 1398 1259 necnon
1423 1194 1465 1260 de
1488 1194 1650 1262 archidia-

288 1311 414 1369 conatu
439 1299 666 1367 Montisfortis
680 1298 715 1363 in
731 1296 850 1363 eadem
865 1296 1018 1375 ecclesia,
1033 1295 1114 1361 dum
1137 1296 1275 1363 vacabit
1289 1317 1349 1383 per
1365 1299 1651 1366 consecrationem

288 1406 389 1487 Petri,
406 1406 506 1471 electi
522 1404 712 1470 Tomacen.
727 1411 739 1445 ³
753 1442 796 1450 -
813 1399 891 1465 Fiat
906 1408 1004 1465 motu
1019 1401 1165 1486 proprio.
1182 1400 1253 1465 R...

331 1510 411 1574 Dat.
427 1508 528 1573 Avin.
546 1509 564 1572 8
583 1507 627 1573 id.
644 1526 720 1591 aug.
736 1511 770 1570 a⁰
787 1506 830 1569 8⁰.
848 1504 920 1587 (19,
941 1505 1030 1588 106).

342 1647 483 1728 1765.
1373 1677 1469 1742 1349,
1486 1657 1506 1723 ό
1521 1662 1609 1724 nott.

333 1764 434 1850 Supp.
451 1762 470 1841 J
474 1765 619 1844 ohanna,
637 1761 779 1827 Francie
796 1768 830 1825 et
847 1758 882 1824 N
884 1779 1001 1825 avarre
1016 1758 1139 1843 regina,
1157 1768 1250 1843 quat.
1266 1761 1327 1826 sibi
1343 1762 1376 1826 in
1393 1770 1570 1847 personam
1586 1761 1654 1827 Ro-

290 1869 371 1955 gerii
383 1869 480 1933 Daen
492 1867 535 1933 de
546 1865 767 1951 Antwerpia⁴‚
784 1862 958 1949 presbiteri
970 1862 1189 1929 Cameracen.
1206 1862 1304 1945 dioc,
1315 1864 1496 1950 specialem
1510 1864 1654 1950 gratiam

290 1972 460 2053 facientes,
476 1970 519 2035 de
534 1972 627 2057 preb.
644 1968 822 2053 collegiate
838 1966 980 2032 ecclesie
989 1964 1029 2032 B.
1043 1964 1093 2031 M.
1106 1968 1381 2053 Antwerpiensis,
1391 1967 1478 2034 dioc.
1494 1968 1654 2055 predicte,

290 2095 360 2140 vac.
376 2074 411 2140 in
428 2074 528 2140 Rom.
545 2073 635 2138 curia
650 2093 709 2158 per
725 2074 779 2137 ob.
795 2070 814 2149 J
817 2070 961 2137 ohannis
984 2069 1026 2135 de
1052 2068 1245 2153 Herentals,
1261 2072 1296 2136 in
1311 2072 1402 2138 dicta
1417 2074 1560 2139 ecclesia
1574 2073 1655 2139 dum

292 2179 430 2244 vivebat
446 2177 598 2244 canonici
615 2176 822 2262 prebendati,
839 2175 895 2260 qui
911 2183 1007 2240 extra
1029 2174 1128 2242 Rom.
1154 2176 1279 2242 curiam
1303 2177 1394 2243 diem
1417 2199 1513 2243 suum
1537 2178 1656 2244 clausit

292 2292 490 2364 extremum,
507 2283 600 2367 cnjus
615 2281 785 2368 prebenda
800 2286 879 2345 ante
895 2280 967 2364 ejus
981 2281 1036 2345 ob.
1053 2279 1144 2365 apud
1159 2279 1274 2346 sedern
1288 2288 1397 2366 apost.
1425 2281 1538 2347 extitit
1552 2301 1656 2346 reser-

292 2395 381 2467 vata,
398 2385 581 2471 dignemini
598 2384 774 2470 providere
789 2407 797 2464 ;
814 2404 884 2450 non
900 2386 1057 2449 obstante
1073 2384 1164 2469 quod
1179 2404 1253 2450 can.
1263 2387 1323 2450 sub
1338 2406 1415 2471 exp.
1425 2390 1528 2472 preb,
1540 2393 1657 2451 aucto-

292 2493 394 2557 ritate
421 2498 543 2570 vestra,
571 2510 612 2555 ac
639 2488 742 2555 etiam
766 2490 872 2555 altare
899 2488 931 2554 S.
959 2485 1126 2565 Johannis
1153 2488 1186 2552 in
1203 2487 1295 2554 dicta
1311 2491 1395 2554 eccl.
1409 2489 1657 2575 Antwerpiensi

293 2602 451 2661 noscatur
467 2594 618 2659 obtinere
631 2616 640 2673 ;
657 2592 747 2677 quod
761 2600 899 2678 paratus
915 2601 968 2658 est
991 2591 1170 2672 dimittere,
1186 2591 1267 2657 dum
1283 2593 1527 2677 possessionem
1542 2592 1659 2678 pacifi-

292 2718 373 2763 cam
388 2696 478 2764 dicte
494 2695 664 2785 prebende
677 2694 775 2761 fucrit
791 2704 998 2779 assequutus
1014 2736 1058 2745 -
1074 2692 1151 2759 Fiat
1168 2693 1209 2761 R.

337 2800 533 2868 Datilum.
551 2801 568 2865 8
586 2799 629 2866 id.
645 2819 719 2884 aug.
736 2806 770 2866 a⁰
783 2801 826 2867 8⁰.
843 2800 913 2885 (19,
934 2800 1039 2884 108').

348 2938 490 3021 1766.
1383 2951 1615 3035 1340600111.

340 3055 430 3141 Sign.
445 3055 513 3120 dux
543 3053 578 3120 N
580 3053 753 3119 ormannie
769 3062 804 3119 et
819 3053 1021 3138 Aequitanie
1037 3053 1223 3138 quodlicet
1239 3054 1270 3119 S.
1287 3052 1327 3120 V.
1349 3074 1437 3139 mag.
1453 3053 1601 3131 Johanni
1616 3052 1659 3118 de

298 3159 479 3246 Ayllyaco,
497 3157 619 3223 clerico
633 3159 725 3242 regio
741 3167 776 3224 et
793 3157 895 3243 ipsius
909 3157 1003 3223 ducis
1019 3158 1197 3224 secretario
1213 3165 1234 3238 ⁵,
1249 3159 1371 3244 gratias
1396 3158 1505 3244 primo
1527 3157 1570 3224 de
1584 3178 1660 3223 can.

300 3266 361 3330 sub
377 3282 450 3348 exp.
466 3263 559 3347 preb.
586 3261 727 3327 ecclesie
756 3259 936 3341 Morinen.,
963 3261 1111 3327 secundo
1136 3261 1180 3327 de
1203 3261 1377 3347 dignitate,
1402 3259 1585 3348 personatu
1606 3261 1662 3324 vel

301 3366 413 3433 officio
428 3365 578 3450 eJ'usdem
593 3365 745 3446 ecclesie,
762 3365 980 3450 postmodum
995 3364 1038 3430 de
1054 3385 1130 3431 can.
1145 3367 1206 3431 snb
1221 3386 1299 3449 exp.
1321 3369 1414 3453 preb.
1429 3365 1571 3432 ecclesie
1586 3363 1662 3430 Bel-

299 3491 416 3536 vacen.
433 3469 559 3550 fecerit,
575 3469 647 3554 ipse
662 3477 779 3534 tamen
806 3471 892 3534 obst.
908 3469 1134 3535 reservatione
1157 3469 1345 3556 apostolica
1358 3470 1489 3534 nullum
1503 3468 1662 3534 effectum

301 3573 412 3661 potuit
427 3581 623 3659 repportare
638 3596 647 3653 3
664 3593 766 3658 quare
781 3593 877 3658 supp.
893 3572 985 3657 quod
1001 3572 1110 3638 eidem
1131 3572 1317 3657 pleniorem
1342 3572 1486 3658 gratiam
1501 3571 1663 3638 facientes

297 3677 487 3745 ,concedere
502 3676 685 3761 dignemini
696 3676 786 3761 quod
796 3676 904 3762 gratie
916 3696 975 3740 sue
990 3675 1140 3762 predicte
1152 3676 1291 3761 plenum
1302 3676 1484 3742 sortiantur
1492 3675 1661 3761 effectum,

299 3781 618 3848 reservationibus...
636 3800 705 3845 non
721 3779 1003 3846 obstantibus-
1019 3778 1095 3844 Fiat
1111 3777 1152 3845 R.

343 3885 424 3951 Dat.
439 3885 539 3949 Avin.
557 3886 575 3949 8
592 3883 636 3949 id.
653 3903 728 3968 aug.
744 3889 778 3948 a⁰
795 3885 838 3948 8⁰.
854 3886 924 3964 (19,
944 3885 1045 3966 108⁰).

354 4020 494 4104 1767.
1383 4052 1478 4117 1349,
1495 4037 1618 4116 700111.

340 4139 446 4226 ¹Supp.
462 4137 481 4216 J
485 4138 636 4204 ohannes
651 4137 693 4203 de
710 4135 810 4201 Curia
822 4135 932 4201 dictus
949 4135 1058 4216 Parvi,
1075 4137 1153 4201 cler.
1172 4133 1340 4201 Morinen.
1367 4135 1471 4217 dioc.,.
1492 4143 1583 4220 quat.
1599 4134 1663 4200 sibi

300 4245 342 4311 de
357 4263 449 4329 perp.
467 4242 596 4328 capell,
613 4261 714 4325 quam
729 4238 748 4317 J
752 4239 902 4306 ohannes
917 4238 960 4303 de
974 4238 1075 4304 Albia
1095 4239 1129 4302 in
1145 4241 1228 4304 eccl.
1242 4239 1454 4319 Ambianen,
1470 4238 1551 4304 dum
1570 4237 1664 4302 vive-

299 4350 368 4428 bat,
385 4345 571 4425 obtinebat,
587 4365 661 4410 vac.
676 4363 736 4430 per
763 4343 864 4429 ipsius
888 4340 1054 4419 Johannis
1079 4346 1143 4424 ob,
1166 4343 1222 4427 qui
1246 4362 1353 4428 nuper
1378 4342 1412 4408 in
1428 4342 1576 4429 partibus
1599 4342 1665 4408 illis

301 4449 455 4530 decessit,
471 4447 653 4533 dignemini
670 4447 856 4533 providere.
872 4485 916 4494 —
932 4444 1010 4510 Fiat
1026 4445 1066 4510 R.

343 4555 423 4620 Dat.
439 4554 540 4618 Avin.
558 4571 576 4636 7
593 4551 637 4617 id.
654 4571 729 4636 aug.
746 4557 780 4615 a⁰
797 4552 840 4615 8⁰.
858 4550 929 4634 (19,
950 4549 1037 4633 107).

333 4713 354 4760 1.
367 4710 452 4758 Pierre
463 4709 495 4757 de
508 4708 620 4766 Forento,
634 4706 760 4754 chanoine
771 4705 803 4755 de
816 4705 894 4764 Paris,
907 4705 1068 4753 archidiucre
1078 4705 1111 4754 de
1131 4705 1267 4764 Montfort,
1279 4703 1322 4753 clu
1333 4704 1430 4767 equue
1449 4705 1485 4754 du
1506 4705 1580 4754 Mans
1599 4708 1667 4755 mais

299 4782 384 4834 retuso
395 4798 442 4847 par
453 4783 477 4831 10
489 4797 561 4845 pape,
574 4783 619 4842 qui
637 4793 742 4828 nomme
753 4779 770 4828 J
771 4794 819 4828 ean
830 4779 863 4826 de
876 4779 960 4827 Creon
973 4778 1077 4842 (Eubel,
1092 4779 1111 4838 1,
1124 4779 1191 4841 188),
1204 4782 1245 4826 tut
1263 4793 1356 4841 promu
1367 4794 1402 4827 au
1418 4777 1486 4841 siege
1502 4779 1535 4827 de
1551 4778 1666 4827 Tournai

300 4860 366 4909 1e24
378 4857 464 4920 juillet
478 4857 539 4904 1349
552 4854 611 4917 (11.,
625 4853 694 4915 517).
706 4881 739 4890 -
755 4853 957 4911 1101106111,
971 4852 1176 4902 rit-avoir
1192 4867 1217 4901 n.
1230 4853 1345 4902 1168-
1361 4854 1385 4902 4.
1401 4853 1464 4902 Plus
1481 4853 1540 4902 tard
1555 4853 1667 4903 absume

300 4933 333 4983 de
345 4937 413 4981 cette
424 4929 562 4992 couogule,
575 4927 626 4977 cite
637 4941 736 4976 comme
747 4927 782 4976 tel
794 4941 826 4975 en
839 4927 902 4975 1362
914 4925 1067 4989 (1100100100,
1081 4926 1153 4986 XVI,
1166 4927 1234 4988 348).
1245 4954 1278 4964 -
1287 4930 1311 4976 5.
1323 4927 1387 4976 Voir
1397 4941 1423 4976 n.
1435 4929 1490 4978 ml.
