3650 5675
296 466 358 533 240
714 464 801 537 1345.
824 463 858 527 21
881 461 1047 527 octobre-12
1071 463 1236 527 novembro.

295 619 470 699 decanatu,
493 618 545 685 cui
571 639 650 685 cura
675 618 829 683 imminet
855 616 1103 695 animamm,'et
1119 616 1161 681 ad
1177 636 1277 701 quem
1293 615 1366 681 dec.
1382 635 1442 700 per
1457 614 1659 695 electionem

295 724 482 805 assumitur,
498 724 598 789 aliam
614 722 703 807 dign.
720 743 778 789 seu
805 742 891 809 pers,
908 728 966 787 aut
983 720 1039 785 off.
1056 722 1110 785 vel
1131 723 1208 785 ben.
1224 719 1314 787 aliud
1329 719 1423 798 eccl,
1440 718 1493 783 cui
1509 718 1660 783 similiter

296 848 375 894 cura
397 826 583 893 animarum
604 826 788 909 immineat,
805 826 831 891 si
848 846 923 913 que,
940 826 995 891 vel
1011 825 1094 909 quis,
1110 833 1168 891 aut
1183 824 1211 890 si
1228 822 1318 909 quod
1333 826 1375 889 ab
1391 822 1504 908 aliquo
1519 822 1659 888 seculari

295 931 446 1023 principe
462 933 516 997 vel
532 939 676 1017 patrono
692 931 764 1013 sibi,
780 930 861 997 alias
876 938 992 995 tamen
1009 929 1184 1011 canonice,
1197 928 1397 1010 conferatur,
1410 926 1501 993 licite
1512 927 1659 1014 recipere

296 1036 410 1101 valeat
434 1043 469 1100 et
495 1035 598 1103 etiam
623 1036 778 1117 retinere,
806 1054 921 1103 secum
947 1033 1130 1119 dignemini
1155 1034 1349 1121 dispensare
1361 1054 1370 1113 ;
1396 1032 1659 1117 quibuscumque

296 1139 592 1207 constitutionibus
608 1142 642 1207 in
659 1139 866 1207 contrarium
882 1138 981 1205 editis
996 1124 1210 1223 nequaquam
1226 1140 1312 1205 obst.
1328 1176 1371 1191 -
1387 1134 1464 1201 Fiat
1481 1134 1521 1203 R.

340 1243 418 1310 Dat.
434 1244 535 1311 Asin.
557 1266 593 1329 13
611 1244 676 1311 kal.
693 1266 771 1309 nov.
789 1252 822 1308 a⁰
838 1252 880 1327 4⁰.
899 1244 949 1327 (8,
968 1246 1051 1327 74³).

349 1382 469 1467 950.
1309 1412 1405 1477 1345,
1421 1412 1460 1457 ar
1479 1393 1616 1458 octobre.

341 1502 442 1587 Supp.
459 1498 478 1579 J
483 1500 632 1567 ohannes
647 1498 690 1566 de
706 1498 811 1579 Serra,
828 1499 938 1585 presb.
954 1496 1171 1563 Lemovicen.
1186 1496 1285 1577 dion,
1298 1496 1352 1563 lic.
1366 1497 1399 1561 in
1412 1498 1485 1563 dec.
1497 1505 1532 1563 et
1546 1497 1578 1561 in
1588 1497 1660 1581 jure

298 1605 361 1671 civ.
384 1613 573 1691 provectus,
591 1612 683 1689 quat.
699 1603 759 1668 sibi
776 1603 818 1669 de
835 1623 909 1669 can.
926 1609 961 1667 et
976 1603 1068 1687 preb.
1085 1602 1167 1667 eccl.
1185 1601 1216 1669 S.
1233 1600 1407 1687 Gaugerici
1432 1600 1659 1680 Cameracen.‚

299 1726 372 1771 vac.
397 1726 456 1791 per
483 1713 627 1770 mortem
653 1704 839 1773 Theobaldi
864 1706 906 1772 de
931 1704 1054 1771 Meldis
1074 1719 1094 1787 ¹,
1130 1705 1186 1789 qui
1214 1712 1308 1771 extra
1331 1726 1398 1771 cur.
1422 1705 1511 1770 diem
1543 1704 1660 1771 clausit

301 1816 498 1889 extremum,
515 1807 698 1891 dignemini
714 1808 911 1895 providere;
929 1829 998 1873 non
1015 1811 1101 1875 obst.
1117 1807 1207 1893 quod
1223 1811 1305 1875 eccl.
1320 1809 1473 1895 parrocb.
1489 1809 1530 1874 de
1547 1807 1660 1873 Villari

302 1913 401 1994 sicce,
427 1912 585 1978 Parisien.
610 1913 708 1995 dioc,
735 1922 770 1979 et
797 1934 870 1980 can.
898 1913 958 1978 sub
985 1934 1060 1999 exp.
1084 1916 1175 1999 preb.
1199 1914 1282 1979 eccl.
1297 1913 1498 1979 Ambianen.
1514 1910 1662 1977 noscitur

302 2017 464 2083 obtinere.
479 2058 523 2067 —
539 2015 617 2085 Fiat
634 2018 673 2101 R,
690 2018 716 2085 si
733 2019 871 2085 vacavit
884 2026 964 2083 ante
980 2018 1224 2084 relaxationem
1247 2026 1398 2083 nostram
1413 2018 1467 2081 vel
1483 2017 1510 2082 si
1527 2016 1589 2083 fuit
1604 2035 1663 2102 per

301 2121 550 2206 predecessores
570 2132 703 2189 nostros
719 2125 773 2189 vel
784 2142 900 2189 eorum
912 2124 1058 2207 aliquem
1073 2123 1244 2204 reservati,
1261 2123 1315 2188 vel
1331 2122 1357 2187 si
1374 2142 1442 2188 non
1459 2120 1502 2187 sit
1516 2120 1611 2186 alteri
1627 2120 1661 2186 in

301 2246 336 2292 re
350 2226 403 2310 jus
418 2227 595 2310 quesitum.
613 2227 652 2294 R.

345 2328 433 2395 Item
450 2352 544 2418 supp.
564 2330 641 2417 [pro
657 2333 723 2399 ind.
741 2333 774 2397 in
791 2340 853 2399 art.
870 2328 990 2417 mort]
1010 2329 1146 2397 -Fiat
1163 2330 1203 2398 R.

344 2432 423 2499 Dat.
439 2434 539 2501 Avin.
560 2456 596 2500 12
614 2435 680 2502 kal.
696 2456 774 2503 nov.
791 2446 825 2503 a⁰
841 2444 884 2521 4⁰.
902 2436 953 2520 (8,
970 2438 1036 2520 76).

353 2571 460 2656 951.
1311 2609 1406 2673 1345,
1420 2610 1463 2673 31
1481 2586 1617 2655 octobre.

344 2690 444 2778 Supp.
463 2688 571 2757 Maria
588 2689 741 2773 Damide,
758 2713 850 2759 soror
864 2697 954 2762 tertii
971 2696 1042 2763 ord.
1058 2694 1090 2760 S.
1108 2693 1286 2775 Francisci,
1304 2693 1463 2761 Leodien.
1474 2694 1571 2774 dioc,
1585 2692 1663 2779 [pro

300 2797 368 2864 ind.
385 2797 419 2862 in
435 2805 496 2864 art.
513 2796 628 2884 mort]
652 2834 684 2848 -
706 2795 783 2866 Fiat
801 2798 840 2866 R.

345 2900 425 2968 Dat.
441 2901 540 2968 Avin.
559 2923 575 2968 2
592 2901 658 2968 kal.
674 2923 752 2968 nov.
770 2911 803 2968 a⁰
819 2913 862 2987 4⁰.
877 2907 927 2988 (8,
943 2911 1010 2992 77).

352 3035 464 3123 952.
1314 3074 1409 3140 1345,
1423 3074 1467 3139 31
1481 3055 1620 3120 octobre.

344 3155 445 3242 Supp.
473 3155 609 3238 Cecilia,
637 3155 704 3224 filia
729 3155 896 3236 Johannis
929 3159 971 3225 de
996 3159 1112 3240 Pute0,
1141 3159 1253 3245 puella
1276 3158 1423 3224 litterata
1446 3155 1663 3224 Cameracen.

301 3261 400 3344 dioc„
427 3270 517 3346 quat.
550 3262 710 3329 mandare
742 3263 925 3350 dignemini
952 3272 989 3330 ut
1016 3265 1087 3350 ipsa
1117 3264 1151 3329 in
1175 3262 1382 3330 monasterio
1403 3261 1446 3330 de
1470 3259 1662 3349 Belliprato,

302 3365 343 3433 O.
360 3367 452 3450 Cist,
469 3367 688 3434 Cameracen.
704 3369 802 3452 dioc,
822 3369 1047 3456 [recipiatur].
1063 3410 1106 3420 -
1123 3367 1199 3435 Fiat
1217 3366 1256 3434 R.

345 3472 426 3538 Dat.
442 3471 540 3540 Avin.
559 3495 575 3538 2
593 3471 659 3540 kal.
675 3494 753 3540 nov.
770 3481 802 3540 a⁰
819 3483 861 3560 4⁰.
880 3475 931 3560 (8,
948 3475 1015 3559 85).

353 3610 468 3698 953·
1289 3645 1383 3710 1345,
1397 3645 1422 3707 5
1439 3625 1620 3690 novembre.

345 3729 434 3815 Sign.
459 3726 634 3808 Johannes
661 3727 702 3794 de
727 3729 913 3797 Aurelianis
929 3740 949 3812 ²,
967 3729 1000 3796 in
1022 3729 1095 3816 jure
1119 3729 1183 3796 civ.
1204 3729 1269 3811 lic,
1290 3750 1362 3796 can.
1381 3725 1560 3810 Morinen.,
1576 3725 1665 3813 quod

301 3833 391 3900 dom.
416 3833 602 3914 johannes,
633 3854 722 3900 nunc
753 3833 853 3921 episc.
884 3834 1096 3916 Ambianen„
1128 3834 1172 3900 ad
1202 3854 1302 3918 quem
1333 3841 1465 3920 spectat
1492 3831 1665 3919 dispositio

301 3945 336 4005 et
352 3938 518 4005 ordinatio
530 3937 706 4026 hospitalis
722 3957 779 4004 seu
795 3939 913 4004 domus
930 3939 994 4004 Dei
1011 3941 1042 4006 S.
1059 3937 1216 4005 Nicholai
1234 3939 1267 4003 in
1293 3938 1324 4004 S.
1342 3937 1512 4020 Richario,
1528 3937 1665 4003 Ambia-

301 4062 378 4108 nen.
403 4042 501 4124 dioc.5
526 4042 653 4110 dictum
679 4043 844 4130 hospitale
867 4043 1020 4131 predicto
1034 4041 1053 4122 J
1058 4043 1193 4125 ohanni,
1225 4041 1384 4128 quamdiu
1400 4037 1532 4124 vixerit,
1549 4050 1665 4110 contu·

301 4147 401 4228 lerit;
422 4167 517 4234 supp.
534 4154 625 4231 quat.
650 4169 715 4232 que
742 4149 829 4216 circa
854 4148 916 4214 hec
939 4157 1016 4215 acta
1038 4147 1170 4214 fuerunt
1191 4144 1374 4234 dignemini
1399 4145 1607 4214 confirmare.
1623 4181 1666 4196 -—

304 4249 392 4333 Fiat,
409 4250 435 4318 si
452 4251 624 4317 concessio
640 4251 729 4318 facta
745 4253 787 4318 sit
799 4253 894 4338 juxta
910 4253 1052 4319 formam
1068 4252 1202 4319 concilii
1219 4251 1420 4319 Viennensis
1436 4251 1476 4319 R.

347 4355 428 4422 Dat.
444 4355 543 4422 Avin.
560 4375 639 4423 non.
655 4375 734 4424 nov.
751 4365 784 4424 a⁰
800 4363 843 4441 4⁰.
860 4357 909 4440 (8,
928 4360 1010 4442 94').

355 4491 472 4576 954.
1268 4525 1421 4594 134511
1440 4509 1622 4574 novembre.

348 4611 438 4698 Sign.
466 4610 644 4678 Bertoldus
671 4611 789 4679 Barres
804 4619 823 4695 ³,
840 4612 937 4678 miles
964 4609 1133 4696 Leodien.,
1158 4612 1249 4699 quod
1272 4615 1397 4680 dudum
1416 4613 1448 4680 S.
1465 4613 1503 4680 V.
1520 4610 1668 4700 providit

305 4769 556 4782 ffl

338 4860 359 4910 l.
371 4857 434 4908 Volr
446 4871 471 4906 n.
484 4859 537 4916 681,
553 4859 607 4924 7532.
619 4885 651 4894 -
669 4859 692 4908 2.
715 4857 820 4911 Duohct.
842 4859 895 4917 328.
917 4860 972 4910 361.
983 4885 1015 4896 -
1035 4860 1058 4909 3.
1079 4858 1208 4920 Poneclet‚
1232 4857 1311 4921 Flos,
1324 4859 1379 4918 uto
1392 4859 1455 4917 4063
1475 4855 1573 4916 Kirsoh,
1591 4855 1668 4917 Kolt.

305 4935 351 4982 atu
362 4949 368 4996 4
380 4934 412 4982 de
427 4933 544 4990 Borrnan,
558 4931 688 4992 Belrecinr,
703 4932 722 4991 l,
737 4935 784 4980 10³
796 4949 802 4992 ;
815 4934 897 4993 Auel,
910 4934 968 4993 XV,
981 4937 1020 4984 ol.
