3650 5675
656 510 738 579 1351,
762 508 847 574 14-21
867 509 977 593 juillet.
1437 511 1497 578 577

141 660 288 726 Lavania
311 668 404 725 extra
428 658 526 725 Rom.
546 661 672 725 curiam
688 660 835 727 defuncti
852 662 1027 747 providere
1041 684 1049 742 ;
1071 683 1139 727 000
1155 665 1241 728 obst.
1257 664 1347 748 quod
1361 666 1438 729 ben.
1455 664 1498 730 ad
1581 711 1583 714 -

140 767 215 831 coll.
232 763 380 851 episcopi
398 774 432 830 et
448 766 585 851 capituli
603 766 782 831 Caturcen.
799 775 978 852 expectare
994 776 1159 833 noscatur.
1176 806 1217 818 -
1234 766 1309 832 Fiat
1326 766 1366 832 R.

183 870 262 934 Dat.
278 870 378 935 Avin.
397 890 413 933 2
432 870 474 935 id.
487 870 559 954 julii
576 877 608 934 a⁰
629 878 688 935 10⁰.
707 871 777 954 (21,
797 872 863 955 62).

190 1009 333 1096 2223.
1157 1046 1252 1109 1351,
1278 1046 1318 1108 14
1325 1026 1452 1109 jm'llet.

183 1129 283 1215 Supp.
300 1130 440 1195 servitor
454 1137 565 1195 vester
581 1130 615 1195 in
631 1129 828 1195 buticularia
840 1131 1008 1197 Antonius
1020 1129 1140 1215 Egidii,
1157 1129 1295 1196 clericus
1311 1128 1496 1215 Carpento-

137 1241 241 1299 raten.
265 1233 362 1314 dioc..
387 1242 477 1318 quat.
494 1234 554 1299 sibi
571 1233 613 1299 de
629 1254 704 1299 can.
720 1244 756 1299 et
770 1237 862 1319 preb.
879 1236 1018 1300 ecclesie
1035 1235 1066 1298 S.
1082 1232 1258 1317 Gangerici
1282 1232 1496 1298 Cameracen.

137 1359 210 1404 vac.
238 1358 297 1423 per
322 1346 467 1404 mortem
492 1338 663 1403 Guillelmi
689 1338 731 1403 de
759 1339 789 1404 S.
814 1338 935 1425 Egidio
960 1347 1054 1404 extra
1078 1338 1176 1403 Rom.
1200 1338 1325 1404 curiam
1348 1337 1496 1403 defuncti

137 1442 318 1528 dignemini
332 1443 529 1528 providere;
546 1462 615 1507 000
632 1445 716 1508 obst.
733 1444 823 1527 quod
839 1443 882 1509 ad
897 1445 973 1509 coll.
990 1442 1137 1528 episcopi
1153 1451 1188 1507 et
1204 1442 1340 1530 capituli
1353 1440 1497 1527 Carpen-

138 1556 281 1613 toraten.
297 1548 340 1613 sit
356 1555 550 1633 expectans.
567 1586 610 1597 -
627 1546 703 1613 Fiat
719 1547 759 1613 R.

182 1651 260 1716 Dat.
276 1652 377 1717 Avin.
394 1672 411 1716 2
428 1650 472 1717 id.
485 1650 556 1737 julii
573 1659 606 1716 a⁰
625 1659 686 1717 10⁰.
703 1651 773 1737 (21,
795 1654 879 1736 105).

190 1787 334 1870 2224.
576 1878 578 1883 ,
1168 1821 1263 1886 1351,
1281 1822 1298 1864 r
1302 1820 1322 1885 7
1326 1803 1454 1884 juillet.

183 1906 270 1991 Sigu.
299 1906 329 1971 S.
347 1905 386 1972 V.
402 1905 608 1991 J(0hannes)
635 1906 677 1971 de
694 1904 878 1986 Bellosorti,
901 1906 1089 1991 prepositus
1109 1904 1297 1984 Insulensis,
1314 1905 1498 1971 Tomacen.

139 2009 235 2090 dioc,
253 2010 343 2095 quod
361 2010 563 2075 cubiculario
580 2031 640 2075 suo
654 2009 800 2077 Nicolao
812 2010 853 2075 de
864 2009 1045 2075 Vincentio
1058 2020 1076 2089 ¹,
1090 2010 1212 2075 clerico
1223 2009 1389 2074 Tutellen.
1401 2010 1498 2088 dioc,

139 2115 280 2181 contulit
307 2135 381 2179 can.
410 2122 444 2178 et
471 2117 563 2199 preb.
588 2114 620 2179 S.
646 2113 735 2180 Petri
760 2112 950 2195 insulensis,
964 2113 1151 2179 l'oruacen.
1168 2113 1265 2193 dioc„
1282 2135 1354 2179 vac.
1370 2134 1428 2199 per
1445 2116 1498 2179 ob.

137 2216 156 2293 J
159 2218 275 2283 ordaui
291 2217 381 2309 deS.
399 2217 566 2302 Dyouisio
586 2236 607 2297 ²,
636 2226 670 2283 et
686 2239 762 2284 cum
778 2218 909 2284 dubitet
926 2217 1034 2283 dictos
1050 2238 1124 2283 cau.
1141 2225 1176 2281 et
1191 2220 1283 2303 preb.
1306 2238 1365 2303 per
1385 2218 1498 2282 sedem

138 2328 246 2406 apost.
263 2329 460 2401 reservatos
486 2320 611 2387 idcirco
624 2342 719 2408 supp.
730 2322 879 2409 prefatus
894 2322 1083 2407 prepositus
1099 2330 1189 2405 quat.
1206 2321 1330 2386 dictam
1347 2322 1499 2386 collatio-

139 2446 215 2490 nem
242 2425 424 2510 dignemini
452 2426 651 2491 confirmare
664 2450 673 2505 ;
701 2448 769 2493 non
798 2430 883 2492 obst.
909 2424 1134 2491 reservatione
1159 2445 1365 2509 quacunque,
1393 2433 1428 2489 et
1457 2426 1499 2489 de

140 2528 264 2594 eisdem
292 2550 366 2594 can.
392 2539 426 2594 et
452 2532 554 2615 preb..
576 2530 602 2594 si
630 2538 767 2597 necesse
793 2530 900 2611 fuerit,
928 2529 1103 2616 providere
1118 2528 1161 2593 de
1183 2549 1296 2606 n0v0;
1321 2549 1388 2592 000
1413 2531 1499 2603 obst,

141 2634 281 2698 ecclesia
305 2634 458 2718 parroclr.
485 2635 528 2699 de
555 2635 763 2719 Audeglrem
791 2633 977 2698 'l'ornacen
1005 2632 1102 2711 dioc,
1119 2632 1161 2696 de
1177 2652 1243 2715 qua
1259 2652 1318 2717 per
1334 2631 1364 2696 S.
1382 2631 1422 2695 l'.
1439 2631 1499 2696 sibi

139 2737 308 2821 provisum
334 2738 455 2820 extitit,
480 2740 559 2805 licet
582 2741 731 2805 nondum
747 2739 790 2803 sit
805 2736 1050 2825 possessionem
1077 2736 1251 2822 pacificam
1269 2743 1449 2815 assecutus,
1466 2743 1501 2801 et

139 2842 280 2906 ecclesia
296 2843 392 2908 rurali
409 2843 451 2907 de
468 2843 626 2925 Saniano,
644 2845 815 2910 Arelaten.
832 2843 929 2924 dioc,
947 2863 1048 2926 quam
1065 2841 1213 2907 noscitur
1229 2841 1381 2906 obtinere
1396 2863 1405 2920 ;
1423 2861 1500 2906 cum

139 2949 293 3012 omnibus
308 2968 377 3013 non
393 2951 520 3014 obst...
539 2991 582 2999 -
599 2951 674 3016 Fiat
692 2949 732 3014 R.

182 3051 259 3118 Dat.
275 3052 373 3117 Asin.
393 3058 430 3117 16
447 3052 514 3119 kal.
531 3075 603 3138 aug.
622 3063 654 3120 a⁰
675 3063 735 3120 10⁰.
754 3055 824 3138 (21,
843 3055 910 3138 72).

190 3188 332 3272 2225.
1168 3220 1263 3286 1351,
1280 3223 1321 3267 21
1327 3203 1454 3287 juillet.

182 3305 326 3371 Rotulus
351 3311 622 3394 resr'gnulionum.

182 3407 236 3472 Sm‘
262 3420 368 3496 pater.
386 3412 551 3497 Dignetur
578 3415 609 3478 S.
626 3412 665 3478 V.
682 3412 898 3498 infrascriptis
914 3411 1064 3498 personis
1079 3411 1255 3498 providere
1270 3401 1316 3478 de
1328 3413 1499 3479 beneficiis

139 3511 272 3578 inferius
299 3515 490 3596 nominatis,
521 3517 720 3582 vacantibus
751 3537 810 3602 per
840 3518 1081 3602 resignatioues
1112 3537 1211 3582 causa
1241 3517 1499 3601 permutationis

139 3615 241 3682 factas
265 3617 298 3682 10
321 3620 474 3685 manibus
496 3621 586 3687 dom.
604 3619 806 3706 G(uillelmi)
830 3622 873 3686 de
892 3621 1019 3702 Bordis,
1036 3622 1067 3686 S.
1085 3619 1124 3686 V.
1147 3621 1278 3701 notarii,
1309 3621 1499 3706 recipientis

137 3720 271 3786 easdem
288 3722 505 3790 demandato
525 3725 720 3810 ejusdemS.
737 3723 777 3790 V.
800 3725 878 3789 vive
900 3725 994 3791 vocis
1010 3725 1145 3789 oraculo
1168 3721 1227 3787 sibi
1253 3723 1343 3788 sacto
1363 3746 1371 3803 ;
1395 3745 1497 3787 reser-

136 3823 326 3890 vationibus
356 3828 475 3892 vestris
502 3830 699 3914 specialibus
729 3849 796 3893 000
829 3830 1039 3894 obstantibus
1073 3827 1333 3910 quibuscunque,
1359 3838 1393 3891 et
1420 3849 1495 3892 cum

137 3927 292 3994 omnibus
308 3930 381 3996 aliis
396 3951 465 3996 non
481 3934 691 3999 obstantibus
707 3934 740 3999 iu
756 3942 867 3998 vestra
883 3931 1158 3999 vicecancellaria
1175 3929 1400 4015 exprimendis
1432 3979 1440 3996 .
1488 3983 1495 3996 .

182 4119 269 4186 Item
286 4140 362 4187 cum
373 4121 522 4188 Thomas
533 4123 674 4205 Wereal,
687 4125 834 4190 decanus
850 4126 966 4190 ruralis
982 4123 1110 4188 consilii
1122 4121 1315 4205 Uffeyensis
1331 4142 1371 4186 ac
1387 4129 1497 4185 rector

136 4245 193 4289 seu
210 4224 387 4294 investitus
402 4229 554 4320 patrocli.
571 4230 711 4294 ecclesie
728 4229 769 4293 de
787 4229 957 4305 Frovillre,
975 4226 1134 4291 Leodien.
1151 4224 1248 4305 dioc,
1262 4234 1296 4288 et
1309 4224 1495 4303 Bastianus‚

136 4327 245 4393 dictus
269 4327 483 4411 Sue-Bastia,
500 4342 609 4398 rector
624 4355 681 4398 seu
708 4333 883 4398 investitus
905 4332 1059 4418 parroclr.
1087 4329 1227 4394 ecclesie
1243 4330 1285 4393 de
1303 4328 1494 4412 Hucorgue,

135 4431 225 4496 dicte
241 4431 338 4511 dioc,
349 4433 439 4498 dicta
455 4455 569 4500 eorum
585 4437 758 4517 beneficia,
772 4458 847 4501 cum
861 4436 1015 4501 omnibus
1027 4434 1093 4499 suis
1101 4433 1227 4517 juribus
1239 4441 1274 4496 et
1286 4433 1495 4517 pertinentiis

134 4535 305 4614 universis
331 4557 411 4621 pure
437 4545 472 4602 et
497 4539 598 4604 libere
615 4562 657 4606 ex
680 4561 780 4606 causa
803 4539 1069 4625 permutationis
1086 4537 1119 4600 in
1136 4535 1290 4601 manibus
1305 4536 1387 4600 dicti
1403 4535 1493 4603 dom.

135 4637 176 4703 G.
192 4638 384 4724 recipientis
396 4651 460 4705 etc.
477 4663 537 4726 per
549 4654 780 4728 procuratores
796 4646 971 4709 amborum
987 4641 1143 4707 duxerint
1158 4639 1365 4722 resignanda,
1382 4639 1494 4724 digne-

135 4750 188 4807 tur
216 4743 247 4807 S.
275 4739 314 4807 V.
341 4741 472 4810 Thome
496 4745 539 4810 de
571 4746 762 4833 Hucorgne,
794 4757 827 4812 et
860 4747 1022 4812 Bastiano
1056 4745 1099 4810 de
1135 4741 1291 4808 Frorillre
1321 4763 1387 4807 una
1418 4765 1494 4809 curn

139 4879 398 4894 Ἣ

169 4957 190 5003 1.
203 4955 382 5016 1101102065,
396 4961 466 5008 2075.
481 4987 508 4998 -
523 4963 545 5009 2.
559 4959 620 5010 Voir
629 4975 654 5012 n.
667 4965 722 5012 635.

187 5047 249 5088 anal.
265 5047 312 5089 Vnt.
331 5047 390 5099 110Ιῇ.
