3650 5675
276 533 338 599 298
721 530 810 605 1347,
831 531 873 594 80
891 529 1047 610 janitor-8
1066 530 1183 596 levi-ier.

321 691 421 751 1143.
439 682 527 748 Item
544 703 650 768 supp,
667 689 759 766 quat.
775 681 838 747 sibi
853 681 888 746 in
903 701 989 767 pers.
1005 681 1108 746 famil.
1121 688 1155 746 et
1168 681 1267 748 amici
1279 683 1328 748 sui
1341 681 1361 761 J
1363 683 1505 749 ohannis
1514 683 1604 749 Loze
1616 694 1636 766 ¹,

275 790 382 875 presb.
399 787 559 853 Leodien.
575 786 673 868 dioc,
690 807 780 873 spec.
795 806 843 871 gr.
859 786 1022 852 facientes
1029 785 1074 851 de
1085 789 1162 852 ben.
1177 788 1258 853 eccl.
1275 807 1303 853 c.
1317 808 1346 853 c.
1368 789 1423 854 vel
1438 809 1463 854 s.
1475 809 1514 868 c.,
1531 796 1636 875 spect.

274 892 317 959 ad
328 893 404 958 coll.
420 891 522 978 episc.
538 889 710 972 Leodien.,
729 889 819 977 [vac.
835 890 890 955 vel
905 889 1045 976 vacat.,]
1064 891 1174 956 eidem
1190 890 1209 969 J
1214 891 1337 957 ohanni
1354 891 1537 976 dignemini
1560 913 1637 979 pro-

274 995 388 1061 videre
400 1017 409 1075 ;
422 1015 491 1060 non
501 996 587 1060 obst.
597 993 689 1078 quod
700 994 792 1061 idern
803 992 823 1072 J
826 995 977 1061 ohannes
989 1015 1081 1081 perp.
1092 996 1211 1081 capell.
1227 996 1260 1060 in
1272 997 1355 1062 eccl.
1367 996 1409 1062 de
1421 995 1635 1078 Buscoducis,

274 1099 364 1166 dicte
376 1099 474 1181 dioc,
484 1100 635 1165 noscitur
646 1099 808 1181 obtinere,
819 1108 854 1165 et
866 1121 966 1186 super
980 1100 1062 1166 eccl.
1073 1098 1116 1165 de
1126 1099 1212 1181 Wel,
1222 1099 1411 1186 Trajecten.
1434 1100 1532 1184 dioc,
1548 1109 1635 1168 auct.

274 1203 440 1269 ordinaria
455 1203 490 1267 in
506 1202 597 1268 curia
612 1203 644 1269 S.
660 1202 701 1269 V.
716 1203 848 1289 litigare
863 1211 1032 1270 noscatur.
1043 1241 1076 1252 -
1091 1203 1168 1269 Fiat
1183 1224 1288 1289 usque
1302 1212 1368 1271 etc.
1379 1204 1420 1270 R.

319 1307 399 1373 Dat.
415 1308 515 1372 Avin.
533 1325 551 1391 7
567 1306 635 1372 kal.
652 1307 732 1374 febr.
749 1313 783 1373 a⁰
801 1315 842 1392 5⁰.
859 1309 930 1390 (10,
949 1309 1014 1393 53).

328 1452 468 1533 1144.
1286 1483 1380 1551 1347,
1395 1487 1440 1551 3⁰
1449 1465 1593 1549 jonvier.

320 1571 421 1657 Supp.
432 1568 452 1648 J
455 1569 615 1649 ohannes,
628 1568 696 1635 dux
708 1566 900 1650 Brabantie,
917 1577 1008 1654 quat.
1025 1569 1086 1636 sibi
1102 1570 1136 1634 in
1149 1590 1235 1657 pers.
1248 1571 1324 1636 cler.
1341 1578 1376 1636 et
1388 1571 1565 1637 consiliarii
1576 1570 1636 1652 sui,

277 1695 365 1760 mag.
379 1672 514 1740 Nicolai
524 1673 566 1739 de
577 1673 707 1754 Castro,
719 1672 792 1739 dec.
805 1675 887 1739 eccl.
898 1674 1173 1761 Antwerpiensis,
1184 1672 1401 1740 Cameracen.
1414 1673 1501 1740 dioc.
1514 1683 1534 1755 ¹,
1547 1694 1636 1760 spec.

275 1800 323 1865 gr.
346 1779 518 1860 facientes,
534 1777 577 1842 de
593 1797 666 1843 can.
683 1785 719 1842 et
732 1779 824 1864 preb.
837 1778 920 1843 eccl.
937 1776 1170 1858 Bruxellensis,
1187 1776 1277 1844 dicte
1300 1777 1398 1859 dioc,
1414 1797 1487 1844 vac.
1504 1777 1548 1844 ad
1562 1797 1635 1862 pre-

277 1903 353 1949 sens
367 1902 428 1968 per
441 1889 587 1948 mortem
604 1880 743 1946 Henrici
758 1881 840 1947 dicti
856 1880 1032 1947 Slabbaert
1040 1891 1061 1963 ³,
1083 1902 1188 1968 nuper
1212 1881 1302 1947 dicte
1323 1881 1405 1947 eccl.
1430 1880 1538 1946 ultimi
1565 1880 1638 1947 dec.

278 1993 312 2051 et
328 2006 401 2052 can.
417 1987 519 2070 preb,
536 1983 592 2068 qui
608 1993 703 2050 extra
721 1983 819 2050 Rom.
836 2005 904 2051 cur.
929 1985 1019 2051 diem
1044 1987 1164 2052 clausit
1187 1994 1384 2068 extremum,
1401 1993 1437 2051 et
1461 2007 1521 2072 per
1535 2007 1638 2051 reser-

278 2090 450 2154 vationem
465 2097 574 2175 apost.
590 2089 632 2154 de
648 2088 728 2175 ipsis
743 2110 817 2155 can.
834 2096 869 2154 et
884 2092 976 2176 preb.
994 2097 1075 2155 ante
1091 2090 1192 2176 ipsius
1204 2091 1258 2156 ob.
1274 2089 1410 2171 factam,
1427 2088 1536 2155 eidem
1552 2109 1639 2173 mag.

278 2191 425 2259 Nicolao
439 2192 622 2278 dignemini
638 2192 835 2279 providere;
862 2215 932 2260 non
955 2197 1040 2261 obst.
1067 2194 1158 2280 quod
1184 2193 1273 2260 idem
1303 2215 1391 2279 mag.
1419 2192 1581 2260 Nicolaus
1605 2193 1639 2258 in

277 2296 368 2363 dicta
382 2298 631 2385 Antwerpiensi
647 2299 862 2381 decanatum,
889 2300 980 2366 acin
996 2320 1037 2365 ea
1061 2306 1096 2364 et
1115 2299 1149 2363 in
1173 2296 1360 2364 Tomacen.
1384 2317 1458 2364 can.
1482 2305 1517 2363 et
1535 2301 1638 2384 preb,

278 2409 314 2467 et
329 2403 362 2466 in
378 2401 568 2488 Trajecten.
584 2424 658 2470 can.
682 2412 716 2469 et
731 2406 823 2490 preb.
847 2425 924 2470 cum
951 2404 1198 2490 supplemento,
1213 2422 1347 2468 necnon
1370 2402 1405 2467 in
1422 2401 1640 2469 Cameracen.

278 2527 351 2572 cau.
367 2509 427 2571 sub
442 2527 518 2592 exp.
534 2511 637 2594 preb,
653 2507 754 2594 dign,
769 2529 856 2594 pers.
871 2509 927 2572 vel
939 2507 1006 2589 off,
1023 2506 1182 2587 ecclesiis,
1198 2506 1323 2571 virtute
1339 2506 1524 2571 litterarum
1540 2506 1572 2571 S.
1589 2505 1639 2586 V.,

280 2611 429 2675 noscitur
443 2610 607 2677 obtinere.
619 2651 663 2662 -
679 2611 756 2677 Fiat
773 2611 814 2679 R.

322 2712 410 2779 Item
426 2733 522 2800 supp.
537 2714 629 2799 quod
644 2723 793 2782 transeat
817 2718 943 2800 absque
966 2715 1132 2796 examine,
1148 2734 1225 2779 cum
1248 2713 1358 2779 dictus
1373 2733 1460 2800 mag.
1478 2712 1640 2780 Nicolaus

278 2817 321 2883 sit
336 2821 454 2885 absens
480 2841 500 2885 a
530 2820 620 2887 curia
647 2829 683 2886 et
704 2820 786 2887 dicti
812 2818 907 2887 ducis
933 2825 1116 2905 occupatus
1139 2817 1283 2884 servitiis
1309 2817 1470 2885 accedere
1493 2826 1640 2903 nequeat

279 2924 457 2989 commode
471 2924 514 2989 ad
530 2923 683 2991 eandem.
699 2966 743 2975 -
766 2923 844 2990 Fiat
859 2925 931 2990 siue
946 2922 1112 2989 examine.
1129 2920 1170 2987 R.

322 3026 402 3092 Dat.
418 3027 517 3091 Avin.
535 3048 552 3112 3
569 3027 637 3093 kal.
653 3029 735 3094 febr.
750 3034 792 3123 ³⁰.
801 3034 842 3112 5⁰.
859 3029 932 3112 (10,
950 3028 1034 3113 38').

330 3172 466 3256 1145·
1314 3204 1409 3272 1347,
1426 3210 1445 3271 4
1454 3185 1595 3273 sevrier.

321 3290 423 3377 Supp.
452 3288 664 3378 N[icolaus],
680 3289 712 3357 S.
730 3290 780 3358 M.
795 3290 830 3356 in
849 3289 912 3356 Via
927 3292 997 3357 lata
1012 3290 1098 3357 diac.
1115 3290 1214 3373 card,
1231 3298 1323 3376 quat.
1340 3290 1590 3375 consanguineo
1605 3296 1640 3353 et

278 3394 441 3460 continuo
456 3395 760 3480 cap.commensali
783 3416 854 3478 suo,
870 3414 958 3480 mag.
985 3394 1133 3473 Johanni
1161 3394 1343 3476 Guictardi,
1369 3396 1445 3461 cler.
1473 3394 1639 3460 Tutellen.

277 3498 375 3579 dioc,
401 3500 476 3564 bac.
491 3498 526 3563 in
550 3499 649 3580 decr,
674 3501 716 3566 de
742 3499 895 3586 parroch.
911 3499 995 3566 eccl.
1011 3498 1043 3566 S.
1060 3498 1149 3565 Petri
1166 3498 1207 3565 de
1228 3497 1380 3581 Viciano,
1406 3496 1526 3563 Elneu.
1542 3498 1639 3577 dioc,

277 3602 459 3688 dignemini
475 3602 673 3687 providere;
689 3625 759 3670 non
771 3607 857 3671 obst.
867 3604 959 3690 quod
970 3604 1004 3668 in
1021 3604 1052 3671 S.
1069 3602 1242 3669 Gertrudis
1254 3600 1468 3684 Nivellensis,
1480 3601 1639 3667 Leodien.

277 3706 375 3787 dioc,
386 3726 461 3772 can.
480 3715 515 3771 et
530 3709 623 3793 preb.
642 3716 677 3774 et
696 3707 788 3774 inde
804 3707 920 3773 Villari
942 3708 1033 3774 sicco
1048 3708 1230 3793 quamdam
1251 3727 1344 3793 perp.
1359 3707 1532 3787 vicariam,
1550 3704 1640 3770 Pari-

277 3810 359 3876 sien.
375 3810 473 3891 dioc,
486 3811 636 3877 ecclesiis
651 3813 800 3880 noscitur
815 3813 1023 3879 obtinere-
1039 3811 1117 3878 Fiat
1133 3811 1174 3879 R.

322 3913 401 3979 Dat.
416 3914 517 3981 Avin.
535 3936 553 3980 2
569 3936 649 3982 non.
665 3915 747 3983 febr.
762 3924 796 3983 a⁰
813 3924 855 4002 5⁰.
872 3918 945 4001 (10,
962 3918 1031 4001 43).

331 4058 470 4140 1146.
1315 4088 1408 4156 1347,
1425 4074 1446 4136 8
1452 4070 1592 4158 fevrzer.

322 4177 377 4241 8⁰¹⁰
392 4186 496 4263 pater.
513 4175 598 4242 Cum
612 4198 719 4262 nuper
731 4177 762 4243 S.
773 4175 813 4243 V.
822 4176 949 4243 michi⁴
964 4196 1011 4263 gr.
1024 4176 1139 4242 feeerit
1155 4195 1244 4262 spec.
1260 4176 1302 4241 de
1319 4182 1438 4241 canet
1454 4176 1544 4261 preb.
1555 4173 1639 4239 eccl.

280 4279 564 4364 Machliniensis⁸,
578 4279 797 4347 Cameracen.
813 4280 911 4363 dioc,
927 4302 1001 4347 vac.
1017 4301 1076 4366 per
1088 4284 1142 4346 ob.
1154 4279 1174 4358 J
1178 4278 1320 4345 ohannis
1337 4276 1524 4361 Michaelis,
1535 4284 1569 4341 et
1581 4296 1640 4363 per

277 4386 539 4451 reservationem
555 4407 614 4472 per
627 4386 666 4451 E.
679 4383 711 4451 S.
727 4386 862 4467 factam,
880 4386 1045 4470 fueritque
1072 4386 1255 4451 obmissum
1270 4404 1329 4470 per
1347 4382 1535 4469 simplicem
1551 4400 1639 4477 errof

278 4510 349 4554 rem
365 4489 399 4554 in
414 4489 487 4576 ipsa
503 4489 757 4576 supplicatione,
785 4490 876 4574 quod
898 4488 1009 4555 dictus
1033 4489 1261 4570 canonicatus,
1279 4488 1396 4574 capell.
1422 4508 1481 4552 seu
1506 4483 1640 4581 ben.de

310 4677 339 4738 u)
355 4676 412 4726 ard.
424 4676 571 4727 Mechilieu.

313 4914 335 4960 l.
346 4911 409 4957 Voir
420 4926 445 4960 u.
458 4912 527 4972 loos,
542 4912 613 4962 1041.
624 4938 657 4947 —
668 4913 691 4960 2.
703 4911 765 4959 lloir
775 4926 801 4960 n.
813 4912 868 4961 446.
879 4938 913 4948 -
924 4914 947 4961 3.
958 4910 1021 4962 Voir
1031 4926 1057 4962 n.
1070 4914 1125 4960 207.
1135 4938 1167 4947 »-
1176 4912 1199 4960 4.
1211 4910 1235 4958 Il
1246 4910 1321 4973 s'agit
1332 4910 1364 4959 de
1375 4910 1442 4959 Jeen
1453 4908 1486 4957 de
1498 4908 1560 4957 Oros
1572 4909 1642 4971 (votr

280 5002 305 5036 n.
323 4987 406 5047 1140).
