3650 5675
300 463 363 528 rao
842 460 930 533 1846,
953 459 1028 524 r-rl
1046 460 1123 542 jun.

300 616 409 681 visum
425 615 538 681 extitit
552 623 610 680 aut
626 615 734 695 fuerit,
750 615 854 680 etiam
869 622 950 677 ante
965 613 1080 678 datam
1096 616 1314 700 presentium,
1339 618 1528 703 hujusmodi
1546 641 1666 707 accep-

299 721 465 785 tationem
480 727 515 784 et
529 718 767 806 provisionem,
783 718 831 783 sic
846 726 924 804 post
939 719 1101 804 premissa
1125 720 1242 804 factas
1266 723 1411 788 valuisse
1435 732 1469 789 et
1484 727 1608 806 valere,
1626 747 1667 793 ac

301 824 483 890 obtinuisse
498 832 533 889 et
548 825 700 890 obtinere
716 825 853 909 plenam
867 819 996 889 roboris
1011 824 1216 906 firmitatem,
1233 834 1269 892 et
1284 827 1444 892 effectum
1468 850 1529 914 per
1552 832 1668 896 omnia

299 928 453 993 debuisse
469 936 504 993 et
518 928 641 993 debere
656 927 764 993 sortiri
778 951 787 1007 ;
803 927 973 1012 premissis
988 936 1022 992 et
1039 929 1292 1015 quibuscunque
1316 932 1614 999 constitutionibus
1630 941 1666 1000 et

298 1032 434 1096 statutis
450 1033 634 1113 contrariis
651 1039 687 1097 et
702 1052 771 1097 non
787 1035 873 1096 obst.
899 1039 934 1096 et
961 1033 1118 1098 clausulis
1134 1033 1318 1118 oportunis.
1335 1033 1472 1099 —Fiat
1498 1045 1532 1099 et
1557 1057 1665 1102 rema-

298 1144 378 1200 neat
394 1136 455 1201 sibi
472 1136 578 1219 gratia
593 1137 684 1221 prius
706 1136 804 1216 iacta,
832 1155 901 1199 non
927 1139 1014 1201 obst.
1040 1137 1132 1219 quod
1154 1157 1223 1201 non
1249 1139 1436 1223 appellavit
1463 1141 1666 1206 asententia

297 1240 380 1306 dicti
397 1241 537 1321 abbatis,
565 1249 600 1305 et
626 1245 687 1306 sub
711 1240 832 1306 eadem
856 1238 958 1319 data;
982 1241 1029 1306 sic
1053 1249 1170 1305 tamen
1198 1241 1288 1325 quod
1312 1261 1449 1326 presens
1473 1244 1579 1326 gratia
1594 1265 1665 1310 non

298 1344 500 1409 extendatur
524 1343 568 1408 ad
591 1343 778 1429 prebendas
803 1365 867 1428 que
889 1345 960 1429 jam
982 1354 1203 1428 vacaverunt,
1229 1346 1287 1411 sed
1312 1346 1355 1411 ad
1378 1347 1533 1413 inantea
1563 1369 1664 1415 vaca-

298 1455 400 1512 turas.
418 1447 458 1512 R.

344 1551 424 1617 Dat.
441 1573 495 1637 ap.
511 1551 763 1618 Villamnovam
779 1555 798 1617 8
815 1552 858 1618 id.
871 1553 956 1638 junii
973 1561 1007 1618 a⁰
1024 1559 1065 1637 5⁰.
1083 1556 1150 1638 (11,
1169 1555 1252 1638 2qu

354 1687 503 1771 1005.
899 1743 903 1750 -
1390 1708 1485 1790 1346,
1502 1709 1522 1771 6
1532 1708 1620 1790 jru'n.

347 1807 447 1892 Supp.
460 1807 629 1872 Amoldus
643 1807 686 1872 de
702 1805 733 1871 S.
749 1805 908 1872 Trudone
925 1825 945 1887 1,
962 1809 1040 1872 cler.
1057 1805 1216 1874 Leodien.
1230 1809 1327 1890 dioc,
1340 1812 1414 1876 bac.
1427 1810 1461 1874 in
1473 1811 1573 1892 deor,
1586 1832 1662 1877 cum

302 1909 334 1975 S.
351 1909 391 1976 V.
408 1911 491 1976 alias
517 1910 701 1996 providerit
721 1931 779 1975 seu
799 1910 966 1997 provideri
988 1911 1201 1978 mandaverit
1226 1911 1376 1979 Gerardo
1401 1913 1530 1980 Barreti
1547 1932 1568 1996 ²,
1585 1919 1662 1983 cler.

303 2013 474 2094 Leodien.,
490 2014 533 2079 de
554 2035 629 2080 can.
650 2023 686 2078 et
705 2017 797 2101 preb.
814 2015 896 2080 eccl.
913 2013 945 2080 S.
960 2013 1009 2080 M.
1022 2014 1258 2099 Trajectensis,
1280 2017 1370 2083 dicte
1387 2015 1547 2084 Leodien.
1564 2020 1661 2100 dioc,

301 2127 384 2185 tunc
408 2127 501 2184 certo
525 2119 628 2184 modo
649 2119 740 2204 apud
761 2119 874 2184 sedem
895 2127 1003 2204 apost.
1019 2141 1102 2200 vac,
1119 2119 1275 2205 idemque
1291 2119 1468 2203 Gerardus,
1481 2131 1661 2208 antequam

300 2223 543 2307 possessionem
572 2221 739 2287 dictorum
763 2243 838 2288 can.
863 2233 897 2288 et
922 2227 1014 2309 preb.
1041 2223 1139 2289 fuerit
1165 2234 1346 2305 assecutus,
1372 2225 1405 2288 in
1431 2228 1581 2312 partibus
1601 2229 1662 2293 illis

298 2325 488 2406 decesserit,
505 2335 540 2392 et
555 2335 693 2412 propter
708 2327 774 2392 hoc
790 2325 892 2392 iidem
904 2348 979 2393 can.
995 2335 1030 2392 et
1045 2331 1137 2412 preb.
1155 2330 1245 2414 apud
1260 2329 1374 2395 sedem
1390 2330 1533 2396 eandem
1553 2332 1660 2398 adhuc

298 2439 443 2511 vacent;
461 2439 552 2515 quat.
567 2431 630 2496 sibi
653 2431 763 2497 dictos
778 2451 853 2496 can.
869 2439 904 2495 et
919 2434 1022 2517 preb„
1044 2452 1185 2516 quorum
1202 2433 1359 2499 fructus...
1381 2435 1494 2516 annui,
1511 2456 1577 2502 see.
1592 2444 1660 2500 tax.

298 2531 439 2613 decime,
452 2554 618 2599 sumniam
635 2555 676 2600 20
692 2534 817 2601 march.
833 2535 962 2620 argenti
978 2534 1051 2620 puri
1068 2557 1135 2602 non
1152 2536 1330 2618 excedunt,
1347 2539 1394 2604 sic
1410 2540 1465 2603 vel
1481 2541 1564 2604 alias
1580 2559 1660 2624 quo

298 2637 534 2722 modocunque
549 2659 635 2720 vac,
651 2639 836 2723 dignemini
852 2638 1003 2704 conferre
1019 2647 1054 2704 et
1069 2639 1112 2704 de
1128 2641 1254 2706 eisdem
1270 2643 1444 2727 providere
1463 2667 1471 2723 3
1488 2665 1556 2707 non
1573 2647 1658 2709 obst.

296 2741 323 2805 si
340 2740 422 2807 dicti
438 2762 512 2806 can.
540 2749 574 2806 et
590 2744 681 2828 preb.
697 2743 765 2807 sint
780 2743 951 2823 reservati,
969 2751 1003 2808 et
1019 2743 1110 2827 quod
1126 2744 1215 2810 idem
1231 2747 1399 2812 Arnoldus
1423 2767 1496 2812 cau.
1512 2754 1546 2810 et
1565 2747 1659 2832 preb.

297 2844 332 2909 in
349 2844 380 2910 S.
406 2844 494 2910 Petri
520 2843 691 2927 Leodien.,
712 2855 747 2911 et
765 2867 839 2912 can.
855 2850 915 2912 sub
932 2868 1007 2933 exp.
1023 2852 1115 2933 preb.
1132 2849 1165 2912 in
1182 2849 1372 2935 Trajecten.
1399 2850 1545 2916 ecclesiis
1571 2849 1656 2915 obti-

296 2956 389 3013 neat.
404 2988 448 2997 -—
463 2946 542 3013 Fiat
558 2948 599 3014 R.

341 3050 419 3116 Dat.
435 3072 488 3137 ap.
505 3050 753 3117 Villamnovam
769 3055 787 3118 8
804 3053 848 3119 id.
860 3054 945 3138 junii
961 3063 994 3120 a⁰
1011 3062 1052 3139 5⁰.
1066 3057 1133 3139 (ll,
1152 3058 1220 3141 31).

350 3188 1459 3291 1006.1346,
1478 3228 1517 3291 14
1528 3207 1613 3289 juin.

340 3304 442 3391 Supp.
459 3303 667 3370 Godasredus
681 3306 724 3371 de
740 3305 884 3371 Bolonia
899 3316 920 3387 ³,
937 3316 1026 3391 quat.
1055 3308 1173 3394 [Petro
1197 3308 1322 3391 Grassi,
1347 3330 1421 3395 cap.
1445 3311 1535 3376 card.
1560 3308 1655 3375 Bolo-

295 3409 431 3488 niensis,
447 3408 557 3474 fratris
571 3406 648 3495 sui]
667 3410 819 3494 parrocb.
836 3413 918 3476 eccl.
934 3411 976 3476 de
994 3410 1128 3493 Hersin,
1141 3414 1326 3478 Atrebaten
1344 3413 1442 3495 dioc,
1452 3434 1527 3479 vac.
1540 3434 1600 3500 pro
1616 3432 1655 3478 eo

296 3513 386 3597 quod
402 3510 611 3577 Guichardus
626 3513 813 3578 Salomonis
827 3526 847 3595 ⁴,
864 3515 1013 3599 ejusdem
1037 3516 1126 3581 card.
1150 3536 1224 3601 cap.
1241 3525 1276 3582 et
1291 3517 1394 3583 famil.
1411 3516 1654 3597 commensalis,

294 3616 422 3682 dictam
451 3616 534 3681 eccl.
561 3616 727 3698 obtinens,
743 3625 795 3682 est
824 3619 1032 3684 scolastriarn
1063 3620 1145 3684 eccl.
1173 3620 1204 3686 S.
1232 3620 1409 3705 Gaugerici
1441 3620 1654 3687 Cameracen.

294 3727 477 3800 assecutus,
493 3720 645 3785 conferre
660 3722 843 3806 dignemini
857 3746 866 3803 ;
883 3742 953 3787 non
969 3725 1054 3787 obst.
1071 3724 1162 3807 quod
1177 3725 1330 3808 parroch.
1345 3726 1428 3790 eccl.
1441 3726 1484 3789 de
1497 3724 1607 3791 Bosde
1622 3732 1656 3789 et

294 3824 413 3907 capell.
439 3823 482 3888 de
498 3822 592 3905 Vico,
620 3825 872 3891 Claromonten.
899 3825 996 3906 dioc,
1024 3827 1172 3891 noscitur
1193 3827 1356 3909 obtinere,
1381 3850 1482 3913 quam
1503 3830 1655 3915 parroch.

294 3929 377 3992 eccl.
392 3929 467 3992 vult
481 3928 662 3994 dimittere.
678 3964 722 3979 ...
738 3928 816 3993 Fiat
833 3928 873 3994 R.

338 4030 417 4095 Dat.
433 4050 488 4116 ap.
504 4030 755 4099 Villamnovam
776 4035 812 4097 18
829 4032 895 4098 kal.
908 4034 980 4117 julii
996 4042 1030 4099 a⁰
1047 4041 1088 4117 5⁰.
1110 4036 1176 4120 (ll,
1194 4036 1263 4121 41).

347 4169 495 4252 1007.
524 4267 529 4277 ι
1360 4186 1612 4271 1346,14jrrin.

339 4288 440 4375 Supp.
456 4286 476 4366 J
480 4291 605 4353 acobus
621 4286 816 4373 Malabayla
830 4295 850 4370 ⁵,
868 4297 957 4373 quat.
974 4288 1238 4375 [consanguineo
1254 4310 1314 4355 suo
1329 4310 1492 4374 germano
1507 4288 1528 4367 J
1531 4290 1653 4357 ohanni

296 4388 504 4476 Malabayla,
515 4411 590 4457 can.
601 4391 798 4473 Eboracen„
808 4391 963 4458 Bononie
979 4392 1154 4479 studenti]
1167 4392 1209 4459 de
1222 4414 1297 4459 can.
1310 4402 1344 4458 et
1356 4396 1448 4479 preb.
1465 4394 1496 4458 S.
1514 4392 1655 4460 Donati-

297 4492 385 4580 [ani]
403 4501 416 4528 ³
431 4494 473 4560 de
489 4494 616 4580 Brugis,
633 4494 820 4562 Tomacen.
839 4492 936 4577 dioc',
953 4518 1025 4562 vac.
1042 4518 1102 4583 per
1118 4500 1171 4563 ob.
1191 4495 1328 4563 Henrici
1346 4497 1388 4562 de
1405 4496 1546 4565 Carreto
1561 4497 1581 4579 ⁶,
1600 4494 1654 4581 qui

325 4682 354 4743 a)
367 4682 424 4730 (bd.
438 4682 541 4730 Donati.

327 4832 459 4884 l,A1nol‹l
477 4831 509 4879 de
529 4830 683 4878 Bormerun:
703 4831 758 4877 voir
769 4840 795 4878 n.
808 4832 863 4878 385.
874 4858 906 4867 -
924 4834 946 4879 2.
967 4830 1065 4892 Kimcli,
1090 4832 1161 4893 Ir'oll,
1180 4836 1234 4894 277,
1247 4835 1295 4881 280
1309 4848 1315 4891 ;
1336 4834 1391 4881 voir
1403 4846 1428 4881 n.
1440 4834 1495 4881 954.
1509 4861 1540 4873 -
1558 4836 1581 4884 3.
1593 4833 1656 4882 Voir

293 4920 319 4954 n.
332 4906 387 4953 965.
398 4932 430 4939 -
441 4906 464 4953 l.
475 4904 539 4951 Voir
549 4918 575 4954 n.
588 4907 641 4963 151,
653 4906 707 4953 970.
719 4932 751 4941 -
763 4908 785 4953 b.
797 4903 859 4951 Voir
870 4919 896 4953 n.
908 4906 947 4955 43.
960 4932 990 4943 -
1003 4908 1025 4954 6.
1037 4905 1099 4953 Voir
1111 4921 1135 4956 n.
1149 4908 1202 4955 189.
