3650 5675
625 442 712 517 1849,
735 441 777 506 27
794 441 966 522 jannei-ur
986 445 1102 514 sarriet.
1480 452 1544 518 408

181 597 217 654 ut
233 589 267 655 in
282 589 487 656 monasterio
500 590 531 656 S.
545 590 690 660 Romani
705 593 748 659 de
765 592 893 675 Blavia,
910 594 991 662 dicti
1008 597 1088 680 ord„
1116 598 1203 666 dioc.
1220 598 1444 686 Burdigalen,
1460 603 1543 670 reci·

181 693 300 778 piatur.
317 731 359 743 -
376 691 452 758 Fiat
467 693 501 758 in
517 693 625 762 forma
642 695 683 764 R.

224 795 303 862 Dat.
318 796 418 862 Avin.
436 801 454 860 6
470 794 536 864 kal.
552 798 634 867 febr.
650 807 685 865 a⁰
698 807 740 885 7⁰.
757 800 806 885 (6,
823 802 911 886 127).

235 926 376 1009 1497.
1187 968 1283 1033 1349,
1300 965 1342 1032 27
1351 946 1496 1030 Μυῖαν.

223 1044 324 1131 Supp.
341 1044 468 1126 Penne,
495 1045 563 1112 dux
579 1046 788 1130 Borbonezii,
805 1055 895 1133 quat.
912 1036 1089 1136 capellano
1113 1071 1174 1116 suo
1200 1051 1348 1129 Johanni
1364 1051 1406 1118 de
1424 1052 1458 1118 N
1460 1073 1541 1118 ovo-

180 1158 290 1216 castro
316 1149 358 1215 de
384 1169 458 1216 can.
483 1157 518 1214 et
543 1152 636 1236 preb.
652 1152 794 1217 ecclesie
825 1149 985 1235 Melden.,
1008 1175 1080 1220 vac.
1097 1175 1157 1240 per
1172 1157 1226 1221 ob.
1248 1156 1419 1240 quondam
1440 1155 1481 1222 G.
1498 1159 1540 1222 de

181 1253 302 1335 Ulmis,
318 1253 406 1319 sedis
421 1254 605 1339 apostolice
622 1256 799 1341 capellani,
815 1258 869 1321 vel
895 1257 963 1323 alio
987 1258 1106 1342 quovis
1121 1259 1235 1339 modu,
1251 1258 1434 1344 dignemini
1463 1280 1540 1325 eum

181 1357 336 1424 clausulis
351 1358 524 1443 oportunis
549 1358 749 1444 providere;
776 1380 846 1425 non
871 1363 958 1428 obst.
974 1361 1065 1446 quod
1088 1361 1122 1426 in
1148 1361 1190 1427 de
1207 1361 1420 1429 Novocastro
1436 1384 1540 1448 quan·

180 1463 260 1527 dam
275 1482 368 1547 perp.
385 1461 618 1547 capellaniam,
645 1462 688 1528 de
704 1460 859 1530 Condato
883 1472 919 1529 et
945 1464 987 1530 de
1015 1465 1233 1532 Claromonte
1261 1465 1298 1532 B.
1318 1465 1367 1533 M.
1392 1468 1540 1533 eeclesiis

182 1565 400 1632 canonicatus
415 1573 450 1630 et
465 1565 661 1650 prebendas,
678 1565 902 1649 Lausannen.,
928 1565 1144 1636 Cameracen.
1160 1577 1195 1637 et
1222 1568 1404 1636 Belvacen.
1428 1571 1540 1637 dioce-

182 1691 267 1751 sum,
294 1669 444 1734 obtinere
467 1677 634 1736 noscatur.
649 1710 693 1720 -
718 1668 781 1735 Vel
805 1671 847 1737 de
874 1692 950 1738 can.
966 1680 1001 1737 et
1027 1675 1118 1759 preb.
1136 1694 1176 1739 ac
1202 1674 1375 1739 scolastria
1400 1674 1541 1740 ecclesie

183 1771 423 1852 Oenomaum„
449 1791 525 1841 vac.
551 1793 611 1858 per
637 1775 691 1839 ob.
719 1771 852 1859 Rogcrii
873 1774 916 1841 de
941 1774 973 1842 S.
1001 1774 1166 1859 Quintino
1183 1786 1204 1856 ¹,
1234 1778 1290 1861 qui
1313 1798 1421 1864 nuper
1448 1786 1542 1843 extra

184 1875 283 1943 Rom.
297 1875 426 1942 curiam
448 1875 538 1942 diem
554 1876 674 1942 clausit
696 1884 894 1960 extremum,
910 1887 991 1944 ante
1018 1879 1119 1966 ipsius
1135 1879 1269 1965 Rogerii
1286 1882 1415 1946 obitum
1443 1882 1544 1947 colla-

183 1981 268 2046 tioni
284 1988 393 2067 apost.
409 1980 595 2047 reservatis.
611 2020 654 2031 -
677 1979 754 2046 Fiat
768 1980 811 2047 de
826 1981 925 2048 dictis
941 1983 1142 2050 canonicatu
1158 1992 1194 2049 et
1208 1984 1390 2071 prebenda.
1407 1982 1448 2050 R.

227 2084 307 2150 Dat.
323 2084 423 2150 Avin.
441 2088 459 2148 6
474 2083 543 2150 kal.
558 2084 639 2151 febr.
656 2092 690 2150 a⁰
707 2091 749 2169 7⁰.
774 2085 823 2171 (6,
844 2087 932 2171 127).

238 2213 548 2297 1498-1499.
1192 2249 1287 2313 1349,
1305 2250 1346 2313 29
1355 2228 1499 2310 sanvier.

228 2332 330 2418 Supp.
346 2330 513 2413 Galtems,
529 2331 619 2397 dom.
635 2331 678 2396 de
702 2331 834 2418 Manny
850 2342 870 2413 ²,
886 2339 978 2416 quat.
1008 2331 1177 2419 [Henrico
1203 2331 1328 2398 Roselli
1345 2333 1387 2398 de
1410 2333 1544 2414 WaneS,

185 2436 309 2502 clerico
325 2436 538 2501 Attrebaten.
554 2435 651 2516 dioc,
677 2437 879 2502 consobrino
905 2434 995 2522 su0],
1012 2436 1144 2502 decan.
1161 2445 1196 2500 et
1221 2439 1313 2522 preb.
1330 2437 1411 2502 eccl.
1429 2436 1544 2502 cathe-

184 2540 285 2605 dralis
301 2538 339 2605 B.
358 2538 407 2605 M.
419 2538 461 2603 de
474 2538 641 2624 Cambray
657 2541 717 2605 sub
730 2560 805 2626 exp.
828 2542 920 2625 preb.
936 2539 1118 2624 dignemini
1145 2539 1341 2624 providere;
1366 2559 1435 2603 non
1459 2540 1545 2605 obst.

185 2644 276 2728 quod
290 2643 399 2708 dietus
409 2642 576 2709 Henricus
591 2650 718 2709 etatem
734 2651 813 2708 octo
829 2662 994 2708 annorum
1009 2663 1078 2707 non
1095 2642 1283 2708 excesserit.
1300 2681 1342 2691 -
1358 2640 1437 2705 Fiat
1452 2639 1492 2706 R.

228 2770 330 2832 1499.
352 2763 438 2828 Item
470 2785 564 2852 supp.
594 2765 685 2831 idem
715 2764 869 2831 Galtems
901 2772 993 2850 quat.
1024 2763 1218 2851 [Isabellam
1242 2763 1284 2829 de
1312 2761 1419 2845 Mota,
1443 2763 1546 2829 filiam

189 2867 358 2951 Ronqueti
389 2869 431 2934 de
471 2867 579 2951 Mota,
608 2869 823 2935 Cameracen.
850 2869 949 2951 dioc,
966 2869 1201 2935 consobrinam
1227 2867 1349 2955 suam,]
1382 2867 1484 2954 recipi
1512 2869 1546 2935 in

185 2971 391 3036 monasterio
400 2971 442 3037 de
453 2971 588 3038 Orisnhi
604 2981 701 3038 senta
713 2971 870 3059 Benoyta
880 2983 902 3054 ³,
917 2972 1113 3039 Laudunen.
1125 2972 1223 3053 dioc,
1234 2971 1419 3039 concedere
1431 2972 1545 3058 digne-

185 3072 279 3138 mini.
295 3112 339 3123 -
351 3072 429 3139 Fiat
443 3074 483 3141 R.

229 3176 310 3242 Dat.
321 3177 422 3245 Avin.
439 3200 458 3264 4
474 3178 541 3244 kal.
557 3179 638 3245 febr.
655 3187 688 3244 a⁰
705 3186 747 3264 7⁰.
766 3180 816 3262 (6,
837 3181 925 3264 136).

239 3306 385 3389 1500.
1200 3342 1295 3406 1349,
1311 3328 1353 3387 1⁰¹r
1359 3322 1501 3409 saturier.

228 3422 330 3509 Supp.
361 3424 527 3490 Robertus
558 3423 701 3490 Infantis
730 3436 750 3506 ⁴,
785 3423 887 3509 judex
924 3425 1033 3510 major
1063 3426 1256 3491 senescallie
1296 3424 1472 3491 Bellicadri
1509 3432 1544 3489 et

184 3525 358 3609 Nemausi,
375 3543 462 3613 quat.
484 3528 654 3615 [familiari
679 3549 739 3594 suo
765 3528 914 3606 Johanni
942 3528 1036 3594 Belle
1051 3535 1071 3610 ⁵,
1099 3528 1235 3612 clerico]
1260 3526 1428 3593 Morinen.
1445 3527 1541 3606 dioc,

182 3629 225 3694 de
239 3632 316 3696 ben.
333 3631 378 3696 ad
392 3632 468 3697 coll.
485 3632 726 3718 archiepiscopi
742 3640 778 3698 et
800 3632 938 3719 capituli
965 3632 1128 3698 Senonen.
1145 3631 1327 3717 dignemini
1355 3629 1541 3716 providere.

227 3733 421 3904 DraltthIddn.
437 3808 600 3905 kalsfebr.
615 3846 649 3903 a⁰
665 3844 708 3922 7⁰.
725 3839 773 3925 (6,
794 3839 881 3923 128).

238 3965 372 4058 1501,
1064 4048 1065 4053 .
1194 3978 1496 4065 1349,1⁰¹seurier.

227 4082 316 4169 Sign.
334 4084 365 4149 S.
381 4083 421 4148 V.
438 4081 643 4148 Bertrandus
668 4082 711 4148 de
736 4082 851 4164 Turre,
876 4081 977 4167 quod,
1005 4102 1082 4147 cum
1107 4080 1249 4147 dilectus
1274 4080 1540 4165 consanguineus

183 4206 261 4252 suus
276 4186 435 4253 Eraclcus
460 4187 502 4252 de
529 4186 561 4252 S.
584 4185 745 4253 Necterio
759 4185 781 4267 ⁶,
798 4187 979 4252 canonicus
996 4184 1165 4265 Leodien.,
1182 4183 1387 4270 prebendam
1410 4203 1485 4249 vac.
1505 4185 1539 4249 in

183 4290 262 4355 eccl.
277 4289 437 4357 Leodien.
453 4310 513 4376 per
529 4292 582 4357 ob.
599 4289 740 4356 Henrici
756 4290 798 4355 de
815 4288 958 4355 Colonia
973 4294 996 4371 ⁸,
1013 4288 1069 4374 qui
1085 4296 1179 4353 extra
1195 4287 1293 4355 Rom.
1310 4288 1436 4355 curiam
1451 4290 1540 4355 diem

215 4454 244 4512 a)
260 4452 317 4502 (bd.
329 4454 417 4501 Antici
428 4453 461 4501 de
473 4453 585 4503 Goleuia.

218 4597 239 4643 l.
252 4594 386 4657 Longum,
399 4594 514 4644 Pouille'a
529 4594 561 4643 do
572 4594 600 4642 lu
607 4596 727 4659 pruciaco
738 4594 770 4642 de
783 4596 866 4655 Toum,
879 4610 904 4658 p.
917 4596 956 4645 58.
964 4621 997 4631 -
1007 4597 1031 4643 2.
1043 4594 1104 4642 Volr
1119 4592 1249 4642 Derillers.
1265 4591 1334 4640 Cart.
1351 4590 1394 4638 dea
1409 4591 1502 4641 Corn-tea
1512 4588 1544 4637 de

185 4667 313 4728 Holmoi,
327 4668 346 4727 L
361 4669 408 4717 198
420 4685 426 4727 ;
437 4669 467 4728 V,
478 4672 523 4717 541
536 4683 542 4727 ;
556 4669 660 4729 Βεηίίίε,
673 4667 819 4717 De'rolatioa
830 4668 873 4717 dea
883 4667 976 4732 falisca,
991 4672 1009 4716 t.
1024 4668 1056 4728 11,
1070 4682 1095 4729 p.
1106 4668 1121 4715 9
1134 4682 1140 4724 ;
1153 4666 1232 4715 Viard
1244 4670 1270 4714 et
1285 4664 1388 4727 Demea,
1402 4665 1547 4727 clamatque

185 4739 218 4788 de
233 4740 303 4790 Jaan
322 4742 361 4790 Le
380 4742 437 4802 Bel,
449 4744 479 4803 -1,
500 4758 525 4806 p.
546 4743 585 4801 81,
606 4757 632 4792 n.
646 4745 667 4792 l.
687 4770 720 4779 -
739 4744 761 4791 3.
782 4740 1108 4804 Origuybaintcdmuoite.
1120 4767 1151 4777 -
1172 4742 1195 4790 4.
1206 4740 1268 4788 'Voir
1280 4752 1304 4787 n.
1317 4740 1355 4797 46,
1369 4742 1422 4799 715,
1434 4741 1504 4788 1172.
1516 4766 1547 4775 -

185 4819 209 4862 5.
230 4814 340 4864 Famille
358 4815 468 4879 d'Ypres
487 4818 556 4880 (voit
576 4831 601 4864 n.
620 4817 749 4879 oua-539).
761 4844 794 4855 -
810 4819 833 4865 6.
844 4816 907 4865 Voir
919 4830 944 4865 u.
956 4818 1011 4865 107.
1032 4815 1055 4863 11
1071 4815 1142 4863 avait
1158 4810 1288 4877 remplace
1305 4813 1386 4860 Henri
1398 4813 1430 4862 (le
1442 4812 1512 4861 Salm
1525 4812 1549 4860 le

188 4886 300 4949 Bjuillet
313 4891 376 4938 131³
389 4890 501 4951 (Monet,
520 4904 545 4939 n.
558 4891 628 4950 7698,
642 4890 728 4952 7718).
1277 4922 1282 4931 ·
