3650 5675
293 460 355 525 402
797 458 887 538 1849,
909 455 1007 524 23-27
1022 453 1154 542 januen

348 611 487 693 1492·
1305 647 1400 712 1349,
1418 649 1436 692 2
1437 648 1457 711 3
1468 627 1613 709 janwer.

338 730 462 818 Supp...
477 728 624 807 Jacobus
639 727 755 793 Olheti
771 738 779 763 ¹
796 736 887 812 quat.
903 728 997 795 sibi...
1014 729 1056 795 de
1073 749 1148 797 can.
1159 739 1193 796 et
1203 732 1294 816 preb.
1308 733 1450 798 ecclesie
1465 731 1656 799 Turonen...

295 833 476 920 dignemini
491 832 666 918 providere
681 855 690 912 ;
714 852 782 896 non
799 833 885 897 obst.
901 833 991 917 quod
1007 833 1041 898 in
1056 832 1198 900 ecclesia
1213 832 1399 902 Tomacen.
1416 856 1488 902 can.
1505 839 1565 902 sub
1581 858 1656 923 exp.

295 941 388 1025 preb.
403 935 552 1002 noscitur
568 935 752 1001 obtinere...
767 976 811 984 —
828 933 904 1001 Fiat
921 936 962 1002 R.

339 1041 418 1106 Dat.
433 1040 534 1105 Avin.
554 1060 592 1105 10
607 1039 673 1104 kal.
689 1039 771 1104 febr.
793 1046 827 1104 a⁰
843 1047 885 1123 7⁰.
902 1041 974 1124 (16,
994 1061 1030 1106 12
1035 1041 1080 1126 3).

348 1193 491 1280 1493.
1306 1227 1401 1292 1349,
1418 1229 1458 1292 23
1469 1207 1613 1290 yonvier.

338 1311 439 1398 Supp.
466 1309 486 1388 J
490 1310 641 1376 ohannes
666 1309 708 1375 de
734 1307 885 1390 Bolonia‚
910 1309 1017 1392 miles,
1041 1309 1198 1376 dominus
1224 1308 1540 1397 Montisguasconis,
1566 1323 1657 1398 quat.

294 1435 372 1480 cum
388 1413 542 1480 Guidone
558 1412 728 1479 Gueroudi
738 1423 757 1493 ²,
770 1412 900 1479 decano
916 1414 998 1479 eccl.
1014 1413 1045 1479 S.
1063 1413 1204 1480 Dionisii
1222 1414 1426 1498 Leodiensis,
1437 1419 1612 1505 capellano
1624 1426 1659 1484 et

294 1517 528 1585 elemosinario
543 1516 678 1583 domine
705 1516 877 1582 comitisse
892 1515 1114 1598 Bolonieusis,
1134 1517 1266 1605 [matris
1282 1519 1370 1607 sue]‚
1387 1521 1570 1607 dignemini
1593 1522 1658 1589 dis-

295 1643 438 1710 pensare
453 1621 544 1707 quod
571 1621 730 1707 quamdiu
756 1621 858 1707 ipsius
883 1622 1051 1707 obsequiis
1076 1623 1237 1689 institerit
1263 1625 1319 1689 vel
1344 1627 1466 1691 saltem
1490 1628 1658 1712 usquead

296 1728 509 1814 septennium
524 1748 593 1792 non
609 1736 766 1793 teneatur
780 1727 814 1791 in
830 1726 924 1793 dicta
947 1727 1089 1794 ecclesia
1110 1729 1331 1814 personaliter
1353 1730 1506 1798 residere.
1521 1770 1564 1781 -
1581 1729 1657 1797 Fiat

296 1832 339 1897 ad
354 1831 545 1896 triennium.
564 1831 603 1894 R.

338 1934 418 2001 Dat.
435 1934 535 2000 Avin.
556 1955 593 1999 10
609 1932 676 1999 kal.
693 1932 774 1999 febr.
791 1941 825 1998 a⁰
841 1941 883 2028 7⁰.
901 1935 951 2018 (6,
972 1935 1075 2020 129').

348 2089 491 2172 1494.
1305 2125 1401 2190 1349,
1418 2123 1459 2186 25
1469 2103 1613 2186 janvier.

337 2206 439 2293 Supp.
455 2206 639 2287 Johannes,
657 2203 833 2271 Remensis
856 2205 999 2272 ecclesie
1024 2206 1176 2272 minister
1196 2207 1340 2289 humilis
1357 2217 1449 2294 quat.
1475 2210 1601 2276 vicario
1622 2219 1658 2274 et

295 2311 430 2377 officiali
446 2331 507 2377 suo
523 2310 682 2375 Remensi
698 2309 858 2394 magistro
879 2308 900 2387 J
903 2310 1030 2375 ohanni
1056 2310 1099 2376 de
1115 2309 1314 2396 Gongneliu,
1330 2313 1442 2398 legum
1458 2313 1597 2394 doctori,
1614 2312 1658 2378 de

292 2423 420 2481 canet
446 2418 539 2502 preb.
566 2414 707 2480 ecclesie
735 2412 914 2494 Morinen.,
932 2434 1005 2479 vac.
1032 2434 1092 2500 per
1118 2417 1172 2487 ob.
1206 2413 1371 2492 Johannis
1397 2416 1446 2481 Le
1474 2414 1621 2482 Masuier
1635 2425 1657 2500 ³,

293 2520 429 2606 nepotis
455 2519 536 2585 dicti
564 2517 793 2604 supplicantis,
820 2519 876 2602 qui
903 2537 1011 2604 nuper
1036 2527 1130 2583 extra
1153 2517 1251 2584 Rom.
1279 2520 1407 2585 curiam
1431 2520 1520 2585 diem
1537 2519 1657 2586 clausit

293 2631 492 2705 extremum,
507 2622 717 2709 dispositioni
733 2629 844 2687 vestre
856 2642 915 2687 seu
931 2621 1018 2687 sedis
1042 2631 1150 2707 apost.
1177 2622 1363 2705 reservatis,
1379 2623 1563 2707 dignemini
1580 2643 1657 2709 pro·

293 2727 407 2793 videre
419 2751 428 2808 ;
453 2748 523 2794 uon
539 2729 625 2792 obst.
641 2726 732 2810 quod
755 2725 961 2811 prebendam
985 2725 1162 2810 collegiate
1189 2727 1330 2792 ecclesie
1353 2727 1604 2808 Anthoniensis,
1621 2734 1657 2791 et

294 2833 457 2920 capellan.
471 2832 515 2898 de
530 2831 825 2912 Wandelencourt,
853 2829 1072 2897 Cameracen.
1098 2829 1197 2913 dioc,
1213 2838 1248 2897 et
1263 2831 1461 2918 patronagia
1485 2831 1526 2898 de
1540 2831 1655 2897 Villari

293 2944 372 3001 ante
388 2935 549 3018 Turnum,
574 2943 609 3001 et
635 2935 678 3000 de
704 2933 930 3019 Briquenayo,
959 2932 1100 3002 Remen.
1126 2935 1224 3017 dioc..
1252 2943 1410 3001 noscatur
1434 2936 1596 3002 obtinere.
1619 2974 1652 2983 -

296 3036 325 3101 F
326 3038 375 3103 iat
391 3036 432 3103 R.

336 3141 533 3207 Datilum.
550 3144 568 3207 8
585 3142 653 3208 kal.
667 3143 748 3210 febr.
765 3150 799 3208 a⁰
816 3150 858 3227 7⁰.
875 3145 924 3227 (6,
945 3144 1047 3227 127').

347 3294 487 3377 1495·
1295 3330 1391 3395 1349,
1415 3310 1456 3375 26
1466 3310 1610 3392 Jonvr'er.

337 3410 439 3496 Supp.
455 3412 635 3496 AymaruS,
652 3432 765 3478 comes
782 3411 1042 3494 valentinensis,
1058 3422 1150 3498 quat.
1171 3413 1361 3499 [Stephano
1385 3414 1570 3495 Blancbeti,
1588 3416 1655 3481 cle-

293 3513 381 3602 rico]
394 3514 521 3580 domini
538 3516 624 3600 regis
639 3516 673 3580 in
690 3538 823 3583 camera
850 3526 1130 3603 compotorum...
1155 3517 1197 3583 de
1222 3520 1319 3584 ben...
1335 3520 1369 3583 in
1394 3521 1476 3584 eccl.
1500 3518 1531 3583 S.
1547 3517 1655 3582 Trini-

292 3618 372 3684 tatis
387 3617 430 3683 de
440 3617 600 3699 Cadom0‚
617 3618 773 3705 Bajocen.
790 3620 887 3703 dioc..
904 3620 1088 3706 dignemini
1111 3620 1287 3707 providere
1302 3643 1310 3700 ;
1327 3639 1396 3683 non
1412 3620 1498 3683 obst.
1514 3617 1605 3702 quod
1622 3618 1655 3682 in

293 3722 442 3787 ecclesiis
457 3720 660 3799 §.Johannis
675 3722 847 3804 Leodien.,
859 3723 1039 3791 S.Ulframi
1056 3724 1097 3790 de
1109 3724 1263 3790 Abevilla
1280 3734 1313 3788 et
1330 3721 1420 3787 all.
1431 3722 1473 3787 de
1484 3720 1654 3801 Corbolio,

293 3826 495 3891 Ambianen.
512 3835 546 3890 et
563 3826 722 3891 Parisien.
739 3827 836 3909 dioc..
853 3848 929 3893 can.
940 3836 975 3893 et
991 3831 1084 3913 preb.
1101 3828 1243 3893 obtinet.
1260 3868 1302 3876 —
1320 3825 1396 3891 Fiat
1409 3825 1449 3891 R.

337 3927 418 3994 Dat.
434 3930 533 3994 Avin.
551 3947 569 4012 7
586 3928 652 3995 kal.
669 3930 749 3995 febr.
766 3938 799 3996 a⁰
815 3938 858 4014 7⁰.
876 3932 946 4016 (16,
967 3932 1069 4014 111').

346 4084 491 4167 1496.
1301 4118 1396 4182 1349,
1413 4112 1454 4179 27
1463 4094 1608 4178 Jorzvrer.

336 4201 438 4288 Supp.
453 4201 620 4267 Amaldus
635 4202 677 4267 de
694 4201 851 4283 Boscato,
863 4203 953 4288 prior
968 4202 1010 4268 de
1026 4202 1232 4289 Loygniaco,
1248 4201 1290 4270 O.
1307 4203 1338 4267 S.
1355 4204 1451 4286 Aug„
1469 4199 1652 4268 Camoten.

291 4304 379 4377 dioc.
394 4316 414 4384 ⁴,
439 4304 481 4370 R.
497 4304 533 4370 P.
561 4304 604 4370 D.
631 4304 836 4388 G(uidonis),
861 4304 1115 4372 Cameracensis
1140 4307 1287 4393 episcopi
1313 4306 1506 4391 capellanus
1532 4312 1568 4370 et
1592 4325 1654 4391 per

290 4410 401 4494 ipsum
415 4406 459 4474 ad
474 4408 506 4474 S.
522 4406 562 4474 V.
578 4409 799 4489 transmissus,
815 4417 907 4493 quat.
925 4408 960 4475 in
985 4430 1165 4497 personam
1189 4411 1324 4497 nepotis
1350 4411 1400 4475 sui
1424 4408 1444 4486 J
1447 4409 1591 4475 ohannis
1611 4409 1655 4475 de

292 4512 415 4595 Ulmis,
431 4512 542 4579 clerici
560 4511 816 4598 Burdegalensis
832 4514 931 4596 dioc„
946 4514 1090 4600 gratiam
1108 4514 1277 4596 facientes,
1294 4513 1454 4580 mandare
1470 4512 1653 4597 dignemini

324 4748 346 4796 l.
357 4745 420 4793 Voir
430 4759 457 4794 n.
469 4747 508 4793 71.
519 4772 552 4779 —
569 4747 591 4793 2.
604 4744 667 4792 Voir
677 4758 702 4792 n.
716 4746 831 4793 1186-
846 4745 870 4795 3.
881 4745 946 4793 Voir
957 4758 982 4794 n.
997 4747 1067 4794 1274.
1078 4774 1112 4781 —
1128 4748 1151 4795 4.
1168 4746 1265 4794 Ancien
1284 4746 1409 4793 serviteur
1424 4740 1457 4791 de
1473 4742 1499 4789 le
1510 4739 1609 4791 familie
1620 4740 1654 4789 de

290 4818 446 4877 ventadour,
459 4816 521 4866 cure
537 4818 570 4866 de
583 4818 704 4866 bremun
715 4818 780 4865 dans
790 4818 815 4867 le
825 4816 926 4867 diocese
937 4818 970 4867 de
987 4818 1108 4867 Oambroi
1121 4820 1190 4881 (roir
1201 4833 1227 4868 n.
1239 4820 1293 4877 660,
1306 4818 1360 4877 699,
1373 4816 1441 4877 706),
1454 4812 1527 4863 entre
1543 4828 1576 4863 en
1588 4814 1653 4862 1316

289 4907 323 4941 uu
335 4890 479 4941 monestere
490 4891 523 4939 de
535 4890 792 4951 sementaria.
804 4891 871 4942 dioc.
881 4892 915 4941 de
927 4892 1048 4941 chartres
1060 4893 1098 4955 (n.
1110 4894 1178 4955 993),
1191 4894 1250 4957 puis
1261 4894 1347 4957 prieur
1358 4889 1390 4939 de
1401 4890 1529 4951 Loinguy.
1572 4929 1577 4939 .
