3650 5675
341 510 380 574 56
876 501 965 577 1842,
988 503 1022 567 18
1045 502 1172 568 octobre.

386 667 471 728 260.
489 658 576 724 Item
592 677 686 743 supp.
703 654 794 739 quod
807 653 938 731 Jacobo
960 653 1003 719 de
1022 653 1197 720 Melbodio
1207 666 1227 736 ¹,
1244 675 1316 741 cap.
1333 675 1403 735 suo,
1419 656 1461 722 de
1477 677 1550 721 can.
1566 664 1602 721 et
1610 659 1703 743 preb.

341 765 423 831 eccl.
454 763 640 828 Tomacen.
666 758 842 846 providere
865 758 1058 842 dignemini,
1089 778 1158 824 non
1190 762 1275 826 obst.
1302 759 1392 843 quod
1408 761 1441 824 in
1458 758 1701 842 Cameracensi,

344 867 527 946 Montensi,
539 863 774 945 Melbodiensi,
790 871 826 928 et
842 862 873 928 S.
886 863 1039 946 Quintini
1056 863 1090 928 in
1106 863 1331 946 Viromandia,
1348 865 1563 933 Cameracen.
1579 874 1614 932 et
1630 866 1664 931 N
1666 887 1702 932 o-

343 972 486 1037 momen.
502 969 600 1052 dioc,
616 967 774 1048 ecclesiis,
790 987 864 1033 can.
881 975 917 1033 et
931 970 1033 1054 preb,
1050 987 1090 1032 ac
1112 966 1229 1052 capell.
1245 987 1338 1053 perp.
1354 969 1397 1035 de
1414 967 1558 1037 Binchio
1573 977 1595 1052 ²,
1611 970 1701 1036 dicte

341 1077 556 1141 Cameracen.
572 1075 670 1153 dioc,
686 1079 722 1138 et
736 1070 980 1158 preposituram
997 1069 1238 1136 Melbodiensis
1253 1072 1345 1152 eccl,
1364 1071 1407 1137 de
1427 1074 1554 1157 quibus
1565 1082 1701 1160 propter

340 1201 474 1266 guerras
489 1180 522 1243 in
539 1178 603 1242 illis
618 1177 767 1263 portibus
781 1175 982 1259 ingruentes,
999 1174 1091 1258 quasi
1104 1174 1208 1240 nichil
1218 1175 1370 1260 percipit,
1380 1177 1528 1242 noscitur
1538 1178 1698 1243 obtinere.

340 1325 383 1334 -
399 1284 475 1350 Fiat
491 1282 532 1347 R.

383 1435 461 1496 261.
478 1428 565 1494 Item
588 1447 684 1513 supp.
707 1446 770 1512 pro
793 1423 999 1509 Willequino
1022 1424 1114 1491 dicto
1139 1423 1315 1505 Constans,
1339 1428 1458 1510 presb,
1490 1436 1578 1510 quat.
1602 1428 1633 1491 ei
1657 1427 1700 1491 de

340 1553 413 1599 can.
430 1540 464 1598 et
478 1534 571 1618 preb.
587 1530 669 1596 eccl.
686 1529 717 1595 S.
732 1530 847 1594 Amati
863 1527 1265 1610 DuacensiS,Atrebaten.
1282 1527 1379 1608 dioc,
1395 1529 1451 1594 vel
1466 1530 1547 1596 eccl.
1563 1529 1594 1596 S.
1612 1529 1699 1595 Gau-

339 1637 440 1720 gerIci
465 1635 679 1700 Cameracen.
702 1631 883 1718 dignemini
913 1631 1099 1718 providere,
1124 1651 1193 1696 non
1224 1633 1309 1696 obst.
1326 1632 1416 1716 quod
1442 1640 1591 1699 curatam
1617 1635 1698 1700 eccl.

338 1740 381 1805 de
398 1739 480 1824 Fay,
497 1737 712 1804 Cameracen.
729 1736 826 1817 dioc,
843 1735 984 1801 obtinet.
1000 1775 1044 1784 —
1059 1733 1136 1800 Fiat
1151 1735 1185 1800 in
1202 1737 1283 1800 eccl.
1300 1735 1331 1801 S.
1347 1735 1532 1821 Gaugerici.
1549 1736 1590 1802 R.

382 1895 466 1954 262.
484 1886 572 1952 Item
588 1885 685 1951 simili
702 1882 806 1949 modo
820 1902 916 1966 supp.
933 1901 994 1967 pro
1017 1878 1194 1962 Balduin0,
1210 1884 1318 1967 presb.
1335 1889 1450 1948 curato
1474 1883 1517 1948 de
1537 1881 1696 1964 Villeries,

340 1992 554 2058 Cameracen.
570 1991 667 2072 dioc,
683 2010 745 2075 pro
769 2007 841 2053 can.
858 1993 893 2050 et
917 1987 1008 2071 preb.
1025 1987 1107 2051 eccl.
1133 1985 1351 2071 SenogiensiS,
1369 1985 1584 2052 Cameracen.
1610 1985 1695 2052 dioc.

338 2137 381 2146 -
398 2094 475 2161 Fiat
491 2095 531 2161 R.

382 2239 465 2300 263.
483 2230 570 2297 Item
586 2230 689 2296 modo
704 2228 802 2295 simili
817 2248 880 2313 pro
903 2226 1005 2292 Petro
1021 2226 1063 2292 de
1080 2225 1203 2310 Fumo,
1220 2233 1339 2315 presb,
1366 2251 1427 2316 pro
1452 2251 1525 2297 can.
1546 2239 1581 2296 et
1605 2233 1696 2318 preb.

339 2338 422 2403 eccl.
438 2337 470 2402 S.
487 2335 602 2402 Crucis
618 2334 833 2400 Cameracen.
848 2371 891 2381 -
908 2329 986 2396 Fiat
1002 2329 1042 2396 R.

380 2483 466 2544 264.
485 2474 573 2541 Item
594 2494 688 2560 supp.
712 2473 810 2538 simili
834 2471 939 2537 modo
963 2491 1024 2557 pro
1048 2469 1185 2536 Terrico
1210 2471 1301 2538 dicto
1326 2472 1551 2554 Cambrelent,
1578 2477 1696 2560 presb,

336 2601 398 2666 pro
413 2601 486 2646 can.
503 2587 538 2644 et
553 2582 645 2666 preb.
661 2579 693 2644 S.
709 2577 868 2643 Germani
885 2574 1085 2657 Montensis,
1102 2575 1318 2643 Cameracen.
1334 2579 1421 2645 dioc.
1437 2619 1480 2628 -
1496 2577 1572 2645 Fiat
1588 2579 1627 2644 R.

380 2724 464 2785 265.
482 2717 570 2783 Item
585 2716 683 2782 simili
708 2717 811 2782 modo
826 2736 888 2803 pro
911 2715 932 2793 J
935 2716 1068 2781 ohanne
1093 2715 1185 2781 dicto
1213 2714 1338 2798 Rikier,
1354 2720 1472 2803 presb,
1489 2737 1549 2802 pro
1574 2738 1645 2783 can.
1662 2727 1696 2784 et

336 2826 427 2909 preb.
445 2824 527 2889 eccl.
543 2823 574 2889 S.
591 2820 680 2888 Petri
697 2821 739 2887 de
756 2821 912 2888 Rotnaco
923 2819 946 2902 ¹¹,
964 2818 1179 2887 Cameracen.
1195 2820 1282 2887 dioc.
1297 2863 1341 2872 —
1356 2819 1432 2887 Fiat
1449 2820 1489 2888 R.

381 2970 464 3028 266.
482 2961 570 3027 Item
586 2961 684 3025 simili
700 2959 803 3025 modo
819 2980 881 3044 pro
904 2957 1036 3035 Jacobo
1050 2957 1099 3024 Le
1125 2958 1239 3041 Fraus,
1264 2964 1383 3046 presb,
1399 2962 1441 3028 de
1466 2983 1538 3028 can.
1555 2970 1590 3026 et
1604 2963 1694 3047 preb.

338 3066 516 3145 Duacensi,
532 3066 728 3129 Atrebaten.
745 3062 831 3128 dioc.
846 3102 890 3111 —
907 3060 983 3127 Fiat
1001 3061 1040 3127 R.

383 3210 464 3271 267.
483 3201 571 3268 Item
587 3201 685 3266 simili
700 3200 804 3266 modo
819 3221 881 3286 pro
896 3200 1026 3278 Jacobo
1041 3202 1083 3268 de
1103 3202 1268 3285 TornacO,
1286 3204 1373 3285 cler,
1390 3225 1451 3290 pro
1467 3224 1539 3269 can.
1556 3211 1590 3269 et
1605 3205 1698 3288 preb.

339 3307 550 3387 Luthosensi,
568 3305 783 3372 Cameracen.
799 3305 887 3371 dioc.
902 3347 946 3355 —
963 3305 1039 3372 Fiat
1055 3306 1096 3372 R.

381 3452 466 3512 268.
483 3443 572 3509 Item
587 3443 685 3508 simili
700 3443 804 3510 modo
818 3465 880 3529 pro
895 3444 1050 3522 Johanne
1066 3445 1158 3511 dicto
1173 3445 1222 3510 Le
1239 3446 1429 3528 Nueverue,
1447 3447 1534 3527 cler,
1547 3465 1609 3531 pro
1623 3465 1698 3511 ean.

340 3558 376 3614 et
390 3552 483 3635 preb.
498 3549 581 3615 eccl.
597 3548 629 3614 S.
646 3547 796 3614 Ursmari
813 3548 998 3629 Lobiensis,
1014 3548 1230 3618 Cameracen.
1246 3551 1332 3618 dioc.
1348 3593 1392 3601 —
1409 3549 1484 3617 Flat
1502 3550 1541 3617 R.

382 3694 466 3755 269.
483 3685 571 3752 Item
589 3686 693 3752 modo
708 3687 805 3751 simili
821 3709 883 3773 pro
900 3688 1058 3755 Eduardo
1084 3690 1176 3755 dicto
1203 3688 1367 3769 Romano,
1385 3689 1473 3767 cler,
1489 3708 1550 3774 pro
1574 3695 1699 3752 canet

338 3795 431 3880 preb.
446 3792 528 3858 eccl.
545 3790 753 3855 Lincolnien.
768 3831 812 3840 —
829 3791 903 3857 Fiat
920 3791 961 3857 R.

382 3938 467 3998 270.
492 3930 580 3996 Item
596 3949 701 4015 sopp,
718 3928 900 4013 quodcum
917 3931 989 4015 ipsa
1003 3930 1046 3995 ad
1060 3930 1289 3995 beatissimum
1314 3928 1544 4015 Gaugericum,
1570 3927 1699 4015 episco-

338 4056 419 4122 pum
435 4042 470 4099 et
485 4034 721 4114 confessorem,
733 4053 891 4118 magnam
906 4034 1124 4099 devotionem
1140 4034 1271 4113 habeat,
1288 4042 1323 4097 et
1343 4032 1484 4099 dilectus
1508 4032 1586 4097 cler.
1611 4049 1698 4111 suus,

339 4160 427 4223 mag.
443 4138 616 4217 Johannes
638 4138 681 4202 de
702 4136 864 4219 Fumone,
889 4138 932 4204 ad
969 4137 1032 4202 Dei
1064 4137 1207 4217 laudem,
1239 4137 1411 4222 capellam,
1443 4137 1502 4202 sub
1533 4134 1701 4201 vocabulo

339 4244 485 4310 Domine
502 4241 627 4309 Nostre
642 4250 678 4305 et
691 4240 772 4307 dicti
789 4241 995 4323 confessoris,
1013 4242 1046 4306 in
1063 4241 1165 4307 fundo
1181 4261 1240 4306 suo
1256 4240 1401 4327 proprio,
1418 4240 1451 4304 in
1466 4239 1559 4304 dicto
1569 4240 1644 4304 loco
1655 4236 1699 4303 de

340 4346 502 4426 Fumone,
517 4346 661 4411 Alatrin.
676 4345 771 4425 dioc,
787 4344 829 4411 de
855 4344 991 4411 licentia
1006 4344 1093 4410 sedis
1108 4344 1301 4431 apostolice,
1317 4343 1440 4409 devote
1456 4342 1653 4422 fundaverit,
1663 4348 1700 4405 et

338 4470 400 4534 pro
425 4449 530 4537 tribus
557 4449 737 4534 capellanis
763 4448 886 4513 ibidem
911 4447 1061 4513 Domino
1085 4448 1322 4513 famulantibus
1346 4455 1578 4533 competenter
1603 4446 1699 4511 dota-

339 4552 445 4633 verit;
477 4562 569 4636 quat.
595 4552 749 4617 omnibus
774 4552 899 4618 dictam
924 4551 1090 4638 capellam
1115 4552 1147 4616 in
1172 4552 1337 4617 dictorum
1354 4551 1500 4616 Domine
1517 4549 1642 4616 Nostre
1663 4560 1698 4613 et

368 4740 398 4802 a)
414 4738 470 4790 de.
484 4739 605 4788 Baucbio.
616 4765 649 4772 -
661 4739 691 4800 b)
707 4738 763 4787 (bd.
774 4738 888 4787 Radano.

372 4941 393 4988 I.
406 4939 478 4987 Clerc
489 4938 524 4986 do
536 4941 621 4986 comte
631 4937 664 4986 de
676 4938 945 4999 Haiooutsslevilleri,
962 4940 1067 5001 (brial,
1081 4942 1125 4999 Vl,
1138 4943 1204 4999 911).
