3650 5675
309 493 372 558 854
864 495 952 570 1848,
976 495 1015 561 25
1038 497 1108 562 mai.

310 646 420 712 eidem
435 646 477 711 de
494 666 567 712 can.
584 654 619 711 et
634 649 726 732 preb.
742 649 825 712 eccl.
841 646 1069 730 cameracen,
1086 670 1161 715 vac.
1178 650 1221 716 ad
1247 671 1382 737 presens
1406 672 1465 737 per
1492 656 1545 718 ob.
1562 673 1666 738 quon-

309 751 386 816 dam
414 750 560 835 magistri
583 749 702 828 Jacobi
734 749 776 815 de
804 749 979 818 Melbodio
1004 766 1023 834 ¹,
1054 753 1212 839 prepositi
1244 756 1384 821 ecclesie
1416 755 1666 839 Melbodiensis,

310 853 528 949 Cameracen.
544 853 642 934 dioc,
659 854 715 938 qui
732 862 825 920 extra
842 853 939 921 Rom.
957 857 1084 921 curiam
1111 856 1200 923 diem
1227 859 1345 925 clausit
1361 867 1557 942 extremum,
1574 869 1608 926 et
1623 861 1667 927 ad

307 955 561 1042 dispositionem
576 965 725 1022 vestram
740 960 971 1043 spectantibus
995 981 1056 1046 pro
1072 981 1113 1026 eo
1129 969 1164 1026 et
1187 983 1229 1026 ex
1244 981 1286 1027 eo
1301 962 1392 1047 quod
1407 963 1438 1028 S.
1455 962 1494 1030 V.
1517 966 1665 1050 preposi-

306 1067 427 1140 turam,
444 1081 518 1125 can.
535 1069 569 1126 et
584 1063 676 1146 preb.
693 1061 908 1128 Cameracen.
924 1064 1113 1131 antedictos
1125 1085 1200 1130 cum
1225 1066 1298 1130 aliis
1312 1067 1378 1132 suis
1393 1067 1664 1153 beneficiis,quos

305 1163 415 1228 dictus
429 1162 449 1240 J
453 1167 577 1230 acobus
593 1173 674 1231 tunc
688 1167 849 1252 temporis
861 1167 1047 1249 obtinebat,
1064 1189 1141 1234 cum
1156 1169 1265 1234 adbuc
1281 1169 1351 1256 ipse
1363 1169 1382 1248 J
1386 1174 1510 1237 acobns
1524 1172 1663 1254 viveret,

305 1266 515 1353 dispositioni
532 1287 589 1332 sue
605 1269 794 1353 specialiter
813 1271 1004 1352 reservavit,
1022 1272 1124 1337 etiam
1148 1273 1174 1338 si
1202 1273 1267 1338 alia
1281 1275 1444 1340 beneficia
1468 1296 1526 1341 sua
1550 1277 1664 1342 omnia

304 1372 505 1455 generaliter
526 1371 737 1459 dispositioni
761 1373 848 1440 sedis
871 1385 979 1461 apost.
1008 1375 1130 1442 fuerint
1154 1385 1329 1458 reservata,
1357 1378 1399 1444 de
1429 1388 1540 1445 vestra
1564 1381 1663 1447 solita

305 1474 493 1556 clementia,
520 1474 703 1561 dignemini
727 1477 984 1546 misericorditer
1007 1479 1206 1565 providere3
1237 1501 1306 1547 non
1338 1485 1423 1548 obst.
1454 1483 1543 1568 quod
1573 1483 1663 1550 idem

305 1587 416 1643 vester
428 1580 621 1666 capellanus
636 1582 881 1669 preposituram
891 1591 926 1648 et
937 1583 1248 1652 archidiaconatum
1263 1587 1403 1653 ecclesie
1413 1587 1663 1655 Aldenzalensis

300 1681 454 1768 predicte
481 1684 643 1750 canonice
667 1685 789 1768 unitos,
807 1687 859 1751 cui
887 1687 1172 1754 archidiaconatui
1190 1710 1268 1756 cura
1284 1689 1436 1756 imminet
1463 1692 1659 1774 animarum,

304 1806 438 1852 necnon
451 1807 524 1854 can.
537 1795 573 1853 et
584 1792 675 1875 preb.
689 1790 722 1854 in
738 1790 937 1877 Trajecten,
949 1813 989 1859 ac
1002 1794 1240 1860 canonicatum
1263 1795 1462 1862 auctoritate
1480 1804 1588 1862 vestra
1600 1799 1660 1862 sub

304 1910 379 1976 exp.
392 1893 483 1976 preb.
500 1899 535 1956 et
550 1891 689 1958 officiis.
703 1914 731 1959 c.
744 1893 777 1958 in
792 1893 962 1977 Leodien.‚
974 1895 1132 1977 ecclesiis,
1142 1896 1292 1962 noscitur
1304 1898 1465 1964 obtinere.
1479 1937 1519 1947 -
1532 1897 1608 1964 Fiat
1619 1899 1659 1965 R.

345 1993 424 2078 Dat.
439 1996 540 2061 Avin.
557 1998 575 2061 8
592 1995 659 2062 kal.
671 1998 755 2082 junii
771 2005 804 2064 a⁰
821 2006 863 2084 7⁰.
881 2000 955 2085 (30,
973 2000 1009 2066 P.
1027 1998 1072 2082 II,
1094 2001 1174 2086 18').

354 2133 652 2220 1332-1333-
1369 2150 1464 2233 1348,
1482 2167 1522 2230 25
1538 2151 1615 2215 mai.

345 2252 446 2338 Supp.
464 2250 601 2337 Egidius
615 2253 657 2318 de
674 2251 810 2317 Puiseus
826 2267 846 2333 ²,
863 2254 1065 2339 capellanus,
1083 2253 1255 2318 familiaris
1270 2261 1305 2318 et
1321 2252 1462 2318 servitor
1478 2253 1656 2318 continuus

301 2357 535 2423 commensalis
551 2356 591 2422 R.
608 2354 644 2422 P.
660 2355 750 2422 dom.
770 2355 972 2443 [Hugonis],
997 2357 1174 2423 cardinalis
1190 2356 1355 2422 Tutellen.
1371 2367 1391 2437 ³,
1417 2363 1506 2440 quat.
1526 2355 1658 2443 [nepoti

300 2481 360 2527 suo
376 2460 536 2528 Oudardo
553 2459 801 2541 Molendinarii,
818 2461 912 2548 cler]
932 2460 1136 2527 Noviomen.
1153 2460 1251 2542 dioc,
1271 2459 1312 2526 de
1329 2481 1402 2525 can.
1418 2467 1453 2525 et
1468 2463 1559 2546 preb.
1576 2461 1657 2526 eccl.

300 2566 332 2632 S.
355 2564 445 2634 Petri
469 2564 681 2647 Casletensis,
704 2565 790 2631 dioc.
814 2563 992 2647 Morinen,
1019 2585 1092 2631 vac.
1119 2585 1179 2651 per
1204 2567 1257 2630 ob.
1280 2563 1418 2629 Gerardi
1441 2560 1483 2630 de
1510 2562 1656 2645 Puiseus,

299 2669 409 2735 fratris
424 2669 526 2756 ipsius
541 2669 768 2757 supplicantis,
785 2669 841 2753 qui
865 2668 898 2733 in
917 2668 1014 2734 Rom.
1039 2668 1130 2734 curia
1153 2669 1285 2734 noviter
1300 2667 1389 2733 diem
1415 2667 1532 2734 clausit
1548 2676 1655 2733 extre-

298 2795 401 2857 mum,
417 2773 600 2860 dignemini
616 2773 801 2860 providere.
816 2771 950 2839 -Fiat
966 2772 1005 2839 R.

344 2920 442 2980 1333.
460 2912 548 2978 Item
564 2934 659 2999 supp.
675 2912 765 2977 idem
791 2911 939 2996 Egidius,
956 2920 1048 2997 quat.
1068 2911 1336 2997 [consanguineo
1359 2931 1419 2977 suo
1436 2910 1536 2976 Petro
1552 2909 1652 2997 Pape,

298 3015 392 3103 cler]
423 3014 592 3082 Morinen.
616 3016 713 3096 dioc,
736 3015 778 3081 de
805 3016 942 3103 capellis
966 3036 1024 3081 seu
1048 3014 1243 3101 capellaniis
1269 3014 1311 3081 de
1338 3014 1517 3100 Pipemont
1543 3022 1578 3079 et
1610 3011 1653 3080 de

299 3118 545 3202 Hondescotes,
562 3142 587 3188 s.
603 3141 643 3201 c.,
659 3120 750 3187 dicte
765 3119 862 3201 dioc,
888 3140 969 3205 quas
985 3120 1074 3185 idem
1101 3118 1268 3186 Gerardus
1283 3118 1363 3184 dum
1379 3118 1508 3183 viveret
1525 3118 1652 3184 obtine·

297 3226 365 3305 bat,
381 3244 441 3310 per
467 3225 537 3309 ejus
562 3224 692 3290 obitum
706 3245 791 3306 vac,
816 3244 957 3309 qnorum
985 3224 1141 3289 fructus...
1168 3228 1204 3289 16
1230 3222 1301 3289 libr.
1328 3222 1495 3303 Parisien,
1512 3223 1649 3287 extima·

295 3327 388 3393 tione
404 3329 584 3409 communi,
600 3328 754 3394 deductis
765 3328 930 3409 oneribus
946 3329 1096 3393 valorem
1107 3347 1256 3393 annuum
1267 3347 1336 3392 non
1349 3326 1525 3408 excedunt,
1542 3326 1649 3393 eidem

295 3430 397 3498 Petro
412 3431 592 3517 dignemini
608 3432 792 3519 providere.
808 3473 852 3483 —
868 3431 944 3497 Fiat
961 3431 1000 3498 R.

337 3534 418 3601 Dat.
433 3536 533 3601 Avin.
551 3539 569 3601 8
585 3534 653 3604 kal.
665 3536 749 3622 junii
764 3544 798 3603 a⁰
815 3544 856 3620 7⁰.
874 3536 949 3620 (30,
964 3535 1000 3600 P.
1017 3534 1063 3616 II,
1082 3543 1164 3620 24*').

350 3674 490 3761 1334.
1361 3687 1454 3769 1548,
1471 3704 1512 3766 25
1530 3668 1606 3748 mai.

293 3775 296 3780 Α
337 3793 460 3880 Supp...
493 3790 668 3858 Helmicus
699 3788 807 3871 Rone,
834 3798 1029 3878 procurator
1059 3789 1184 3857 ordinis
1214 3787 1252 3855 B.
1286 3786 1333 3855 M.
1365 3787 1394 3853 T
1396 3788 1648 3853 heutonicorum

293 3896 313 3975 J
316 3897 511 3978 herusalem,
530 3903 628 3981 quat.
659 3894 797 3982 [clerico
823 3915 883 3960 suo
916 3893 1079 3981 Johanni]
1107 3892 1296 3960 Volchwini
1323 3892 1365 3959 de
1392 3891 1578 3977 Brusheym
1608 3891 1649 3956 de

292 4001 443 4086 parroch.
474 4002 555 4067 eccl.
582 3998 624 4064 de
652 3996 726 4079 Lar,
754 3997 915 4065 Leodien.
942 3998 1039 4079 dioc,
1064 4018 1138 4064 vac.
1165 4018 1225 4084 per
1248 4003 1392 4063 mortem
1422 3993 1540 4073 Jacobi
1568 3991 1648 4059 dicti

292 4104 474 4188 Quarmeal
485 4116 506 4185 ⁴,
523 4102 629 4188 quiin
646 4102 767 4168 curia...
784 4102 874 4167 diem
890 4102 1010 4168 clausit
1035 4110 1232 4182 extremum,
1248 4098 1430 4185 dignemini
1447 4096 1621 4186 providere
1638 4119 1646 4177 ;

290 4228 359 4274 non
383 4212 468 4276 obst.
485 4207 575 4292 quod
589 4206 679 4272 idem
694 4205 714 4284 J
717 4206 868 4273 ohannes
884 4228 958 4273 can.
972 4216 1006 4272 et
1021 4209 1113 4293 preb.
1130 4206 1211 4272 eccl.
1229 4204 1267 4271 B.
1285 4202 1334 4269 M.
1352 4202 1534 4288 Hoyensis,
1556 4201 1646 4267 dicte

290 4312 387 4395 dioc,
403 4314 517 4399 vigore
532 4332 578 4398 gr.
594 4331 653 4398 per
668 4310 699 4376 S.
710 4309 750 4376 V.
763 4311 796 4376 in
812 4311 918 4377 forma
944 4331 1128 4398 pauperum
1154 4310 1215 4377 sibi
1237 4309 1326 4375 lacta
1352 4306 1500 4374 noscitur
1528 4324 1645 4389 accep-

290 4426 409 4484 tasse...
425 4458 468 4467 -
492 4416 569 4482 Fiat
587 4415 627 4482 R.

332 4521 410 4586 Dat.
427 4521 525 4585 Avin.
543 4522 561 4585 8
579 4519 646 4585 kal.
658 4518 743 4604 junii
758 4527 791 4583 a⁰
808 4527 850 4603 7⁰.
868 4524 938 4598 (15,
960 4522 1043 4603 104).

290 4651 521 4667 —b———-—=·—-

320 4725 341 4771 1.
354 4722 416 4770 Voir
425 4736 449 4769 n.
462 4723 517 4779 200,
530 4722 577 4770 813
588 4737 593 4779 ;
606 4721 639 4770 ci.
652 4719 750 4778 llollat,
764 4734 788 4768 n.
802 4722 871 4778 1115,
883 4722 946 4767 1110
958 4736 963 4769 :
979 4720 1108 4777 lievillem,
1126 4718 1223 4768 (ln-tvl.
1235 4716 1266 4765 1111
1282 4718 1405 4775 1111111111,
1418 4729 1460 4777 ap.
1473 4710 1642 4773 Reiffenberg,

286 4795 404 4854 Monam,
426 4794 475 4853 ΙΙΙ,
497 4795 550 4852 288,
569 4795 623 4854 400,
641 4795 695 4851 090,
716 4795 768 4850 105,
787 4795 834 4842 ’713
851 4799 877 4841 et
890 4794 975 4843 index.
987 4824 1020 4832 —
1040 4797 1062 4843 2.
1075 4793 1137 4842 Voir
1154 4807 1179 4839 n.
1193 4793 1247 4851 755,
1270 4792 1367 4839 701).-
1388 4792 1410 4838 3.
1429 4788 1535 4850 Huguea
1555 4785 1643 4849 Roget,

283 4868 399 4921 cardinal
410 4868 443 4917 dc
454 4868 602 4916 S¹·Laurent
620 4868 647 4915 in
667 4867 783 4915 Damam.
795 4895 827 4901 -—
844 4868 866 4914 4.
887 4867 928 4915 Un
946 4869 1059 4929 Jacqucs
1077 4868 1229 4923 Quarimaus
1245 4866 1277 4913 dc
1296 4862 1410 4911 Nirelles
1426 4866 1463 4909 est
1477 4858 1528 4909 cite
1539 4873 1570 4909 en
1584 4858 1646 4906 1342

284 4942 361 5005 (Rea.
374 4942 449 4991 Aria.
462 4943 500 5000 00,
512 4942 531 4990 1.
543 4943 609 5000 100).
