<?xml version="1.0" encoding="UTF-8"?>
<!DOCTYPE html PUBLIC "-//W3C//DTD XHTML 1.0 Transitional//EN"
    "http://www.w3.org/TR/xhtml1/DTD/xhtml1-transitional.dtd">
<html xmlns="http://www.w3.org/1999/xhtml" xml:lang="en" lang="en">
 <head>
  <title>
</title>
<meta http-equiv="Content-Type" content="text/html;charset=utf-8" />
  <meta name='ocr-system' content='tesseract 3.04.00' />
  <meta name='ocr-capabilities' content='ocr_page ocr_carea ocr_par ocr_line ocrx_word'/>
</head>
<body>
  <div class='ocr_page' id='page_1' title='image "./suppliquesdeclm00berlgoog_0615.png"; bbox 0 0 3650 5675; ppageno 0'>
   <div class='ocr_carea' id='block_1_1' title="bbox 285 424 1603 671">
    <p class='ocr_par' dir='ltr' id='par_1_1' title="bbox 285 424 1603 671">
     <span class='ocr_line' id='line_1_1' title="bbox 285 424 1084 503; baseline -0.004 -15"><span class='ocrx_word' id='word_1_1' title='bbox 285 424 345 489; x_wconf 82' lang='lat'>572</span> <span class='ocrx_word' id='word_1_2' title='bbox 841 424 923 494; x_wconf 77' lang='lat'>1351,</span> <span class='ocrx_word' id='word_1_3' title='bbox 948 424 987 487; x_wconf 79' lang='lat' dir='ltr'>ns</span> <span class='ocrx_word' id='word_1_4' title='bbox 1005 424 1084 503; x_wconf 78' lang='lat' dir='ltr'>jun.</span> 
     </span>
     <span class='ocr_line' id='line_1_2' title="bbox 337 574 1603 671; baseline -0.002 -15"><span class='ocrx_word' id='word_1_5' title='bbox 337 574 650 659; x_wconf 82' lang='grc'>2206-2207.</span> <span class='ocrx_word' id='word_1_6' title='bbox 1343 608 1361 653; x_wconf 86' lang='lat'><em>1</em></span> <span class='ocrx_word' id='word_1_7' title='bbox 1364 608 1386 671; x_wconf 77' lang='lat'><em>5</em></span> <span class='ocrx_word' id='word_1_8' title='bbox 1387 606 1444 669; x_wconf 83' lang='lat'>51,</span> <span class='ocrx_word' id='word_1_9' title='bbox 1464 586 1603 669; x_wconf 80' lang='lat' dir='ltr'>28&#39;jain.</span> 
     </span>
    </p>
   </div>
   <div class='ocr_carea' id='block_1_2' title="bbox 287 690 1715 2027">
    <p class='ocr_par' dir='ltr' id='par_1_2' title="bbox 287 690 1715 2027">
     <span class='ocr_line' id='line_1_3' title="bbox 330 690 1647 779; baseline -0.002 -22"><span class='ocrx_word' id='word_1_10' title='bbox 330 694 430 779; x_wconf 91' lang='lat' dir='ltr'>Supp.</span> <span class='ocrx_word' id='word_1_11' title='bbox 462 702 572 759; x_wconf 88' lang='lat' dir='ltr'>vester</span> <span class='ocrx_word' id='word_1_12' title='bbox 605 692 778 759; x_wconf 86' lang='lat' dir='ltr'>familiaris</span> <span class='ocrx_word' id='word_1_13' title='bbox 811 690 913 777; x_wconf 84' lang='lat' dir='ltr'>Hugo</span> <span class='ocrx_word' id='word_1_14' title='bbox 947 691 989 757; x_wconf 93' lang='lat' dir='ltr'>de</span> <span class='ocrx_word' id='word_1_15' title='bbox 1024 690 1189 772; x_wconf 90' lang='lat' dir='ltr'>Cosnaco,</span> <span class='ocrx_word' id='word_1_16' title='bbox 1214 690 1310 756; x_wconf 91' lang='lat' dir='ltr'>miles</span> <span class='ocrx_word' id='word_1_17' title='bbox 1323 699 1343 771; x_wconf 90' lang='lat'>¹,</span> <span class='ocrx_word' id='word_1_18' title='bbox 1368 700 1461 775; x_wconf 90' lang='lat' dir='ltr'>quat.</span> <span class='ocrx_word' id='word_1_19' title='bbox 1491 690 1647 779; x_wconf 87' lang='lat' dir='ltr'>[Symoni</span> 
     </span>
     <span class='ocr_line' id='line_1_4' title="bbox 288 793 1648 882; baseline -0.004 -20"><span class='ocrx_word' id='word_1_20' title='bbox 288 796 432 863; x_wconf 89' lang='lat' dir='ltr'>Monerii</span> <span class='ocrx_word' id='word_1_21' title='bbox 449 814 470 877; x_wconf 82' lang='lat'>²,</span> <span class='ocrx_word' id='word_1_22' title='bbox 487 796 625 882; x_wconf 81' lang='lat' dir='ltr'>clerico]</span> <span class='ocrx_word' id='word_1_23' title='bbox 653 795 1182 875; x_wconf 85' lang='lat' dir='ltr'>Lemovicen.dloc.,devica1ia</span> <span class='ocrx_word' id='word_1_24' title='bbox 1207 815 1265 861; x_wconf 88' lang='lat' dir='ltr'>seu</span> <span class='ocrx_word' id='word_1_25' title='bbox 1281 796 1433 880; x_wconf 87' lang='lat' dir='ltr'>parroch.</span> <span class='ocrx_word' id='word_1_26' title='bbox 1450 794 1592 860; x_wconf 90' lang='lat' dir='ltr'>ecclesia</span> <span class='ocrx_word' id='word_1_27' title='bbox 1604 793 1648 859; x_wconf 93' lang='lat' dir='ltr'>de</span> 
     </span>
     <span class='ocr_line' id='line_1_5' title="bbox 288 897 1648 985; baseline -0.003 -18"><span class='ocrx_word' id='word_1_28' title='bbox 288 900 496 985; x_wconf 90' lang='lat' dir='ltr'>Longavilla,</span> <span class='ocrx_word' id='word_1_29' title='bbox 508 899 685 966; x_wconf 88' lang='lat' dir='ltr'>Ebroicen.</span> <span class='ocrx_word' id='word_1_30' title='bbox 701 899 799 979; x_wconf 80' lang='lat' dir='ltr'>dioc,</span> <span class='ocrx_word' id='word_1_31' title='bbox 810 908 845 963; x_wconf 91' lang='lat' dir='ltr'>et</span> <span class='ocrx_word' id='word_1_32' title='bbox 855 919 928 963; x_wconf 90' lang='lat' dir='ltr'>can.</span> <span class='ocrx_word' id='word_1_33' title='bbox 945 907 980 963; x_wconf 95' lang='lat' dir='ltr'>et</span> <span class='ocrx_word' id='word_1_34' title='bbox 995 900 1086 984; x_wconf 87' lang='lat' dir='ltr'>preb.</span> <span class='ocrx_word' id='word_1_35' title='bbox 1103 898 1244 964; x_wconf 87' lang='lat' dir='ltr'><strong>ecclesie</strong></span> <span class='ocrx_word' id='word_1_36' title='bbox 1260 898 1450 978; x_wconf 89' lang='lat' dir='ltr'>Insulensis,</span> <span class='ocrx_word' id='word_1_37' title='bbox 1460 897 1648 965; x_wconf 89' lang='lat' dir='ltr'>Tomacen.</span> 
     </span>
     <span class='ocr_line' id='line_1_6' title="bbox 287 1000 1648 1089; baseline -0.004 -19"><span class='ocrx_word' id='word_1_38' title='bbox 287 1004 384 1085; x_wconf 83' lang='lat' dir='ltr'>dioc,</span> <span class='ocrx_word' id='word_1_39' title='bbox 400 1024 473 1071; x_wconf 90' lang='lat' dir='ltr'>vac.</span> <span class='ocrx_word' id='word_1_40' title='bbox 490 1024 549 1089; x_wconf 88' lang='lat' dir='ltr'>per</span> <span class='ocrx_word' id='word_1_41' title='bbox 565 1006 619 1070; x_wconf 92' lang='lat' dir='ltr'>ob.</span> <span class='ocrx_word' id='word_1_42' title='bbox 642 1002 807 1080; x_wconf 90' lang='lat' dir='ltr'>Johannis</span> <span class='ocrx_word' id='word_1_43' title='bbox 833 1003 982 1088; x_wconf 87' lang='lat' dir='ltr'>Alegrin,</span> <span class='ocrx_word' id='word_1_44' title='bbox 1006 1002 1114 1069; x_wconf 91' lang='lat' dir='ltr'>ultimi</span> <span class='ocrx_word' id='word_1_45' title='bbox 1139 1003 1278 1070; x_wconf 88' lang='lat' dir='ltr'>rectoris</span> <span class='ocrx_word' id='word_1_46' title='bbox 1304 1002 1463 1087; x_wconf 88' lang='lat' dir='ltr'>ejusdem,</span> <span class='ocrx_word' id='word_1_47' title='bbox 1479 1010 1515 1067; x_wconf 88' lang='lat' dir='ltr'>et</span> <span class='ocrx_word' id='word_1_48' title='bbox 1529 1000 1648 1080; x_wconf 91' lang='lat' dir='ltr'>Jacobi</span> 
     </span>
     <span class='ocr_line' id='line_1_7' title="bbox 287 1105 1649 1192; baseline -0.003 -19"><span class='ocrx_word' id='word_1_49' title='bbox 287 1106 330 1173; x_wconf 90' lang='lat' dir='ltr'>de</span> <span class='ocrx_word' id='word_1_50' title='bbox 341 1106 463 1189; x_wconf 85' lang='lat' dir='ltr'>Fossis,</span> <span class='ocrx_word' id='word_1_51' title='bbox 474 1107 582 1175; x_wconf 90' lang='lat' dir='ltr'>ultimi</span> <span class='ocrx_word' id='word_1_52' title='bbox 596 1106 747 1173; x_wconf 90' lang='lat' dir='ltr'>canonici</span> <span class='ocrx_word' id='word_1_53' title='bbox 764 1106 923 1192; x_wconf 90' lang='lat' dir='ltr'>ejusdem,</span> <span class='ocrx_word' id='word_1_54' title='bbox 933 1106 989 1192; x_wconf 90' lang='lat' dir='ltr'>qui</span> <span class='ocrx_word' id='word_1_55' title='bbox 1002 1115 1097 1172; x_wconf 88' lang='lat' dir='ltr'>extra</span> <span class='ocrx_word' id='word_1_56' title='bbox 1110 1106 1209 1174; x_wconf 90' lang='lat' dir='ltr'>Rom.</span> <span class='ocrx_word' id='word_1_57' title='bbox 1220 1106 1345 1173; x_wconf 89' lang='lat' dir='ltr'>curiam</span> <span class='ocrx_word' id='word_1_58' title='bbox 1354 1105 1445 1172; x_wconf 91' lang='lat' dir='ltr'>diem</span> <span class='ocrx_word' id='word_1_59' title='bbox 1460 1107 1649 1172; x_wconf 88' lang='lat' dir='ltr'>clauserunt</span> 
     </span>
     <span class='ocr_line' id='line_1_8' title="bbox 288 1210 1651 1297; baseline 0.001 -22"><span class='ocrx_word' id='word_1_60' title='bbox 288 1220 487 1295; x_wconf 85' lang='lat' dir='ltr'>extremum,</span> <span class='ocrx_word' id='word_1_61' title='bbox 504 1218 539 1275; x_wconf 89' lang='lat' dir='ltr'>et</span> <span class='ocrx_word' id='word_1_62' title='bbox 554 1231 614 1297; x_wconf 90' lang='lat' dir='ltr'>per</span> <span class='ocrx_word' id='word_1_63' title='bbox 636 1210 898 1275; x_wconf 82' lang='lat' dir='ltr'>reservationem</span> <span class='ocrx_word' id='word_1_64' title='bbox 914 1230 974 1296; x_wconf 90' lang='lat' dir='ltr'>per</span> <span class='ocrx_word' id='word_1_65' title='bbox 989 1220 1096 1297; x_wconf 85' lang='lat' dir='ltr'>apost.</span> <span class='ocrx_word' id='word_1_66' title='bbox 1112 1210 1227 1277; x_wconf 90' lang='lat' dir='ltr'>sedem</span> <span class='ocrx_word' id='word_1_67' title='bbox 1251 1210 1386 1291; x_wconf 71' lang='lat' dir='ltr'>factam,</span> <span class='ocrx_word' id='word_1_68' title='bbox 1403 1230 1480 1277; x_wconf 92' lang='lat' dir='ltr'>cum</span> <span class='ocrx_word' id='word_1_69' title='bbox 1495 1211 1651 1277; x_wconf 90' lang='lat' dir='ltr'>omuibus</span> 
     </span>
     <span class='ocr_line' id='line_1_9' title="bbox 290 1314 1650 1402; baseline -0.001 -22"><span class='ocrx_word' id='word_1_70' title='bbox 290 1314 447 1402; x_wconf 86' lang='lat' dir='ltr'>[juribus]</span> <span class='ocrx_word' id='word_1_71' title='bbox 474 1324 509 1381; x_wconf 90' lang='lat' dir='ltr'>et</span> <span class='ocrx_word' id='word_1_72' title='bbox 524 1314 734 1401; x_wconf 84' lang='lat' dir='ltr'>pertinentiis</span> <span class='ocrx_word' id='word_1_73' title='bbox 758 1314 941 1401; x_wconf 87' lang='lat' dir='ltr'>dignemini</span> <span class='ocrx_word' id='word_1_74' title='bbox 968 1314 1144 1401; x_wconf 82' lang='lat' dir='ltr'>providere</span> <span class='ocrx_word' id='word_1_75' title='bbox 1163 1338 1171 1395; x_wconf 87' lang='lat'>;</span> <span class='ocrx_word' id='word_1_76' title='bbox 1195 1334 1264 1381; x_wconf 89' lang='lat' dir='ltr'>non</span> <span class='ocrx_word' id='word_1_77' title='bbox 1289 1317 1375 1381; x_wconf 87' lang='lat' dir='ltr'>obst.</span> <span class='ocrx_word' id='word_1_78' title='bbox 1391 1314 1482 1399; x_wconf 90' lang='lat' dir='ltr'>quod</span> <span class='ocrx_word' id='word_1_79' title='bbox 1497 1314 1650 1401; x_wconf 90' lang='lat' dir='ltr'>parroch.</span> 
     </span>
     <span class='ocr_line' id='line_1_10' title="bbox 289 1418 1715 1505; baseline -0.001 -21"><span class='ocrx_word' id='word_1_80' title='bbox 289 1420 467 1485; x_wconf 89' lang='lat' dir='ltr'>ecclesiam</span> <span class='ocrx_word' id='word_1_81' title='bbox 483 1420 526 1485; x_wconf 89' lang='lat' dir='ltr'>de</span> <span class='ocrx_word' id='word_1_82' title='bbox 542 1420 767 1505; x_wconf 92' lang='lat' dir='ltr'>Dampnhaco</span> <span class='ocrx_word' id='word_1_83' title='bbox 783 1419 1186 1505; x_wconf 88' lang='lat' dir='ltr'>cumarchipresbiteratu</span> <span class='ocrx_word' id='word_1_84' title='bbox 1201 1418 1302 1485; x_wconf 86' lang='lat' dir='ltr'>Brive</span> <span class='ocrx_word' id='word_1_85' title='bbox 1318 1419 1428 1485; x_wconf 92' lang='lat' dir='ltr'>eidem</span> <span class='ocrx_word' id='word_1_86' title='bbox 1452 1439 1596 1499; x_wconf 90' lang='lat' dir='ltr'>annexo,</span> <span class='ocrx_word' id='word_1_87' title='bbox 1612 1428 1648 1483; x_wconf 90' lang='lat' dir='ltr'>et</span> <span class='ocrx_word' id='word_1_88' title='bbox 1709 1474 1715 1483; x_wconf 95' lang='lat'>.</span> 
     </span>
     <span class='ocr_line' id='line_1_11' title="bbox 288 1521 1651 1609; baseline -0.001 -20"><span class='ocrx_word' id='word_1_89' title='bbox 288 1543 361 1589; x_wconf 89' lang='lat' dir='ltr'>can.</span> <span class='ocrx_word' id='word_1_90' title='bbox 378 1530 414 1588; x_wconf 90' lang='lat' dir='ltr'>et</span> <span class='ocrx_word' id='word_1_91' title='bbox 428 1526 520 1609; x_wconf 89' lang='lat' dir='ltr'>preb.</span> <span class='ocrx_word' id='word_1_92' title='bbox 545 1523 686 1589; x_wconf 87' lang='lat' dir='ltr'>ecclesie</span> <span class='ocrx_word' id='word_1_93' title='bbox 710 1522 962 1604; x_wconf 86' lang='lat' dir='ltr'>Anthoniensis,</span> <span class='ocrx_word' id='word_1_94' title='bbox 990 1531 1025 1587; x_wconf 93' lang='lat' dir='ltr'>et</span> <span class='ocrx_word' id='word_1_95' title='bbox 1051 1523 1084 1587; x_wconf 92' lang='lat' dir='ltr'>in</span> <span class='ocrx_word' id='word_1_96' title='bbox 1111 1524 1252 1590; x_wconf 88' lang='lat' dir='ltr'>ecclesia</span> <span class='ocrx_word' id='word_1_97' title='bbox 1278 1521 1317 1589; x_wconf 87' lang='lat' dir='ltr'>B.</span> <span class='ocrx_word' id='word_1_98' title='bbox 1346 1521 1396 1588; x_wconf 92' lang='lat' dir='ltr'>M.</span> <span class='ocrx_word' id='word_1_99' title='bbox 1420 1523 1463 1589; x_wconf 89' lang='lat' dir='ltr'>de</span> <span class='ocrx_word' id='word_1_100' title='bbox 1488 1523 1520 1589; x_wconf 86' lang='lat' dir='ltr'>S.</span> <span class='ocrx_word' id='word_1_101' title='bbox 1546 1522 1651 1588; x_wconf 92' lang='lat' dir='ltr'>Paulo</span> 
     </span>
     <span class='ocr_line' id='line_1_12' title="bbox 288 1626 1650 1715; baseline 0 -24"><span class='ocrx_word' id='word_1_102' title='bbox 288 1626 456 1711; x_wconf 88' lang='lat' dir='ltr'>quandam</span> <span class='ocrx_word' id='word_1_103' title='bbox 473 1629 635 1713; x_wconf 86' lang='lat' dir='ltr'>capellan.</span> <span class='ocrx_word' id='word_1_104' title='bbox 649 1648 753 1715; x_wconf 83' lang='lat' dir='ltr'>perp,</span> <span class='ocrx_word' id='word_1_105' title='bbox 767 1626 992 1707; x_wconf 89' lang='lat' dir='ltr'>Lemovicen.,</span> <span class='ocrx_word' id='word_1_106' title='bbox 1014 1626 1201 1693; x_wconf 88' lang='lat' dir='ltr'>Tomacen.</span> <span class='ocrx_word' id='word_1_107' title='bbox 1218 1637 1253 1693; x_wconf 94' lang='lat' dir='ltr'>et</span> <span class='ocrx_word' id='word_1_108' title='bbox 1273 1626 1452 1693; x_wconf 90' lang='lat' dir='ltr'>Belvacen.</span> <span class='ocrx_word' id='word_1_109' title='bbox 1467 1627 1650 1706; x_wconf 89' lang='lat' dir='ltr'>diocesum,</span> 
     </span>
     <span class='ocr_line' id='line_1_13' title="bbox 288 1730 1651 1818; baseline -0.001 -22"><span class='ocrx_word' id='word_1_110' title='bbox 288 1730 437 1797; x_wconf 89' lang='lat' dir='ltr'>noscitur</span> <span class='ocrx_word' id='word_1_111' title='bbox 457 1732 628 1813; x_wconf 90' lang='lat' dir='ltr'>obtinere;</span> <span class='ocrx_word' id='word_1_112' title='bbox 651 1752 752 1817; x_wconf 90' lang='lat' dir='ltr'>quam</span> <span class='ocrx_word' id='word_1_113' title='bbox 774 1732 952 1797; x_wconf 87' lang='lat' dir='ltr'>ecclesiam</span> <span class='ocrx_word' id='word_1_114' title='bbox 966 1730 1009 1797; x_wconf 95' lang='lat' dir='ltr'>de</span> <span class='ocrx_word' id='word_1_115' title='bbox 1025 1730 1253 1818; x_wconf 92' lang='lat' dir='ltr'>Dampnhaco</span> <span class='ocrx_word' id='word_1_116' title='bbox 1269 1752 1345 1797; x_wconf 92' lang='lat' dir='ltr'>cum</span> <span class='ocrx_word' id='word_1_117' title='bbox 1361 1731 1454 1798; x_wconf 87' lang='lat' dir='ltr'>dicto</span> <span class='ocrx_word' id='word_1_118' title='bbox 1468 1731 1651 1818; x_wconf 88' lang='lat' dir='ltr'>archipres-</span> 
     </span>
     <span class='ocr_line' id='line_1_14' title="bbox 288 1833 1651 1922; baseline -0.001 -21"><span class='ocrx_word' id='word_1_119' title='bbox 288 1833 435 1901; x_wconf 90' lang='lat' dir='ltr'>biteratu</span> <span class='ocrx_word' id='word_1_120' title='bbox 459 1834 556 1901; x_wconf 90' lang='lat' dir='ltr'>Brive</span> <span class='ocrx_word' id='word_1_121' title='bbox 576 1845 715 1922; x_wconf 89' lang='lat' dir='ltr'>paratus</span> <span class='ocrx_word' id='word_1_122' title='bbox 730 1844 780 1902; x_wconf 90' lang='lat' dir='ltr'>est</span> <span class='ocrx_word' id='word_1_123' title='bbox 797 1835 976 1916; x_wconf 87' lang='lat' dir='ltr'>dimittere,</span> <span class='ocrx_word' id='word_1_124' title='bbox 993 1855 1069 1901; x_wconf 93' lang='lat' dir='ltr'>cum</span> <span class='ocrx_word' id='word_1_125' title='bbox 1084 1835 1330 1922; x_wconf 88' lang='lat' dir='ltr'>possessionem</span> <span class='ocrx_word' id='word_1_126' title='bbox 1345 1835 1510 1902; x_wconf 88' lang='lat' dir='ltr'>dictorum</span> <span class='ocrx_word' id='word_1_127' title='bbox 1525 1834 1651 1901; x_wconf 90' lang='lat' dir='ltr'>benefi-</span> 
     </span>
     <span class='ocr_line' id='line_1_15' title="bbox 290 1938 1520 2027; baseline -0.001 -21"><span class='ocrx_word' id='word_1_128' title='bbox 290 1939 416 2006; x_wconf 91' lang='lat' dir='ltr'>ciorum</span> <span class='ocrx_word' id='word_1_129' title='bbox 432 1941 610 2027; x_wconf 85' lang='lat' dir='ltr'>pacificam</span> <span class='ocrx_word' id='word_1_130' title='bbox 627 1940 726 2006; x_wconf 89' lang='lat' dir='ltr'>fuerit</span> <span class='ocrx_word' id='word_1_131' title='bbox 741 1950 911 2007; x_wconf 87' lang='lat' dir='ltr'>assecutus</span> <span class='ocrx_word' id='word_1_132' title='bbox 926 1964 935 2022; x_wconf 91' lang='lat'>;</span> <span class='ocrx_word' id='word_1_133' title='bbox 953 1960 1029 2006; x_wconf 93' lang='lat' dir='ltr'>cum</span> <span class='ocrx_word' id='word_1_134' title='bbox 1045 1941 1117 2007; x_wconf 90' lang='lat' dir='ltr'>aliis</span> <span class='ocrx_word' id='word_1_135' title='bbox 1139 1961 1208 2007; x_wconf 93' lang='lat' dir='ltr'>non</span> <span class='ocrx_word' id='word_1_136' title='bbox 1225 1944 1311 2007; x_wconf 90' lang='lat' dir='ltr'>obst.</span> <span class='ocrx_word' id='word_1_137' title='bbox 1326 1981 1369 1991; x_wconf 95' lang='lat'>—</span> <span class='ocrx_word' id='word_1_138' title='bbox 1386 1938 1463 2006; x_wconf 91' lang='lat' dir='ltr'>Fiat</span> <span class='ocrx_word' id='word_1_139' title='bbox 1479 1938 1520 2005; x_wconf 92' lang='lat' dir='ltr'>R.</span> 
     </span>
    </p>
   </div>
   <div class='ocr_carea' id='block_1_3' title="bbox 247 2050 1658 4666">
    <p class='ocr_par' dir='ltr' id='par_1_3' title="bbox 269 2050 1655 3083">
     <span class='ocr_line' id='line_1_16' title="bbox 333 2050 1652 2143; baseline -0.002 -26"><span class='ocrx_word' id='word_1_140' title='bbox 333 2057 444 2121; x_wconf 89' lang='grc'><strong>2207.</strong></span> <span class='ocrx_word' id='word_1_141' title='bbox 455 2054 544 2121; x_wconf 87' lang='lat' dir='ltr'>Item</span> <span class='ocrx_word' id='word_1_142' title='bbox 559 2076 654 2143; x_wconf 91' lang='lat' dir='ltr'>supp.</span> <span class='ocrx_word' id='word_1_143' title='bbox 668 2064 758 2141; x_wconf 92' lang='lat' dir='ltr'>quat.</span> <span class='ocrx_word' id='word_1_144' title='bbox 772 2055 941 2142; x_wconf 86' lang='lat' dir='ltr'>[familiari</span> <span class='ocrx_word' id='word_1_145' title='bbox 958 2076 1018 2121; x_wconf 90' lang='lat' dir='ltr'>suo</span> <span class='ocrx_word' id='word_1_146' title='bbox 1030 2054 1130 2119; x_wconf 90' lang='lat' dir='ltr'>Petro</span> <span class='ocrx_word' id='word_1_147' title='bbox 1146 2052 1188 2119; x_wconf 89' lang='lat' dir='ltr'>de</span> <span class='ocrx_word' id='word_1_148' title='bbox 1201 2052 1345 2134; x_wconf 89' lang='lat' dir='ltr'>Bocolis,</span> <span class='ocrx_word' id='word_1_149' title='bbox 1357 2051 1496 2139; x_wconf 89' lang='lat' dir='ltr'>rectori]</span> <span class='ocrx_word' id='word_1_150' title='bbox 1510 2050 1652 2117; x_wconf 87' lang='lat' dir='ltr'>ecclesie</span> 
     </span>
     <span class='ocr_line' id='line_1_17' title="bbox 290 2156 1653 2245; baseline -0.004 -20"><span class='ocrx_word' id='word_1_151' title='bbox 290 2156 333 2225; x_wconf 93' lang='lat' dir='ltr'>de</span> <span class='ocrx_word' id='word_1_152' title='bbox 351 2158 515 2242; x_wconf 90' lang='lat' dir='ltr'>Cosnaco,</span> <span class='ocrx_word' id='word_1_153' title='bbox 540 2158 754 2226; x_wconf 90' lang='lat' dir='ltr'>Lemovicen.</span> <span class='ocrx_word' id='word_1_154' title='bbox 771 2159 869 2241; x_wconf 77' lang='lat' dir='ltr'>dioc,</span> <span class='ocrx_word' id='word_1_155' title='bbox 889 2158 932 2225; x_wconf 92' lang='lat' dir='ltr'>de</span> <span class='ocrx_word' id='word_1_156' title='bbox 948 2159 1090 2225; x_wconf 90' lang='lat' dir='ltr'>ecclesia</span> <span class='ocrx_word' id='word_1_157' title='bbox 1105 2157 1258 2244; x_wconf 89' lang='lat' dir='ltr'>parroch.</span> <span class='ocrx_word' id='word_1_158' title='bbox 1274 2156 1317 2222; x_wconf 89' lang='lat' dir='ltr'>de</span> <span class='ocrx_word' id='word_1_159' title='bbox 1334 2156 1559 2245; x_wconf 90' lang='lat' dir='ltr'>Dampnhaco</span> <span class='ocrx_word' id='word_1_160' title='bbox 1574 2175 1653 2221; x_wconf 92' lang='lat' dir='ltr'>cum</span> 
     </span>
     <span class='ocr_line' id='line_1_18' title="bbox 290 2260 1654 2349; baseline -0.005 -20"><span class='ocrx_word' id='word_1_161' title='bbox 290 2262 606 2349; x_wconf 89' lang='lat' dir='ltr'>archipresbiteratu</span> <span class='ocrx_word' id='word_1_162' title='bbox 633 2262 731 2329; x_wconf 90' lang='lat' dir='ltr'>Brive</span> <span class='ocrx_word' id='word_1_163' title='bbox 756 2263 865 2329; x_wconf 90' lang='lat' dir='ltr'>eidem</span> <span class='ocrx_word' id='word_1_164' title='bbox 893 2284 1037 2345; x_wconf 85' lang='lat' dir='ltr'>annexo,</span> <span class='ocrx_word' id='word_1_165' title='bbox 1061 2261 1278 2328; x_wconf 89' lang='lat' dir='ltr'>Lemovicen.</span> <span class='ocrx_word' id='word_1_166' title='bbox 1294 2261 1389 2343; x_wconf 87' lang='lat' dir='ltr'>dioc,</span> <span class='ocrx_word' id='word_1_167' title='bbox 1405 2260 1654 2346; x_wconf 86' lang='lat' dir='ltr'>quamprimum</span> 
     </span>
     <span class='ocr_line' id='line_1_19' title="bbox 290 2364 1653 2455; baseline -0.002 -24"><span class='ocrx_word' id='word_1_168' title='bbox 290 2387 410 2433; x_wconf 88' lang='lat' dir='ltr'>vacare</span> <span class='ocrx_word' id='word_1_169' title='bbox 426 2368 628 2454; x_wconf 88' lang='lat' dir='ltr'>contigerint</span> <span class='ocrx_word' id='word_1_170' title='bbox 654 2389 716 2455; x_wconf 91' lang='lat' dir='ltr'>per</span> <span class='ocrx_word' id='word_1_171' title='bbox 746 2369 993 2435; x_wconf 88' lang='lat' dir='ltr'>assecutionem</span> <span class='ocrx_word' id='word_1_172' title='bbox 1009 2377 1044 2434; x_wconf 92' lang='lat' dir='ltr'>et</span> <span class='ocrx_word' id='word_1_173' title='bbox 1060 2368 1286 2455; x_wconf 87' lang='lat' dir='ltr'>provisionem</span> <span class='ocrx_word' id='word_1_174' title='bbox 1309 2367 1435 2433; x_wconf 85' lang='lat' dir='ltr'>factam</span> <span class='ocrx_word' id='word_1_175' title='bbox 1452 2364 1653 2431; x_wconf 90' lang='lat' dir='ltr'>auctoritate</span> 
     </span>
     <span class='ocr_line' id='line_1_20' title="bbox 291 2467 1653 2558; baseline -0.004 -21"><span class='ocrx_word' id='word_1_176' title='bbox 291 2481 398 2557; x_wconf 88' lang='lat' dir='ltr'>apost.</span> <span class='ocrx_word' id='word_1_177' title='bbox 416 2474 555 2558; x_wconf 88' lang='lat' dir='ltr'>Symoni</span> <span class='ocrx_word' id='word_1_178' title='bbox 572 2472 729 2555; x_wconf 90' lang='lat' dir='ltr'>Monerii‚</span> <span class='ocrx_word' id='word_1_179' title='bbox 746 2473 868 2547; x_wconf 84' lang='lat' dir='ltr'>clerico</span> <span class='ocrx_word' id='word_1_180' title='bbox 882 2472 1099 2538; x_wconf 90' lang='lat' dir='ltr'>Lemovicen.</span> <span class='ocrx_word' id='word_1_181' title='bbox 1111 2471 1209 2553; x_wconf 82' lang='lat' dir='ltr'>dioc,</span> <span class='ocrx_word' id='word_1_182' title='bbox 1225 2470 1268 2537; x_wconf 89' lang='lat' dir='ltr'>de</span> <span class='ocrx_word' id='word_1_183' title='bbox 1282 2470 1409 2537; x_wconf 90' lang='lat' dir='ltr'>vicaria</span> <span class='ocrx_word' id='word_1_184' title='bbox 1425 2490 1483 2535; x_wconf 90' lang='lat' dir='ltr'>seu</span> <span class='ocrx_word' id='word_1_185' title='bbox 1498 2467 1653 2557; x_wconf 91' lang='lat' dir='ltr'>parroch.</span> 
     </span>
     <span class='ocr_line' id='line_1_21' title="bbox 292 2571 1653 2664; baseline -0.003 -24"><span class='ocrx_word' id='word_1_186' title='bbox 292 2577 487 2643; x_wconf 88' lang='lat' dir='ltr'>ecclesiade</span> <span class='ocrx_word' id='word_1_187' title='bbox 504 2577 711 2664; x_wconf 91' lang='lat' dir='ltr'>Longavilla,</span> <span class='ocrx_word' id='word_1_188' title='bbox 723 2576 900 2643; x_wconf 89' lang='lat' dir='ltr'>Ebroicen.</span> <span class='ocrx_word' id='word_1_189' title='bbox 911 2576 1008 2659; x_wconf 79' lang='lat' dir='ltr'>dioc,</span> <span class='ocrx_word' id='word_1_190' title='bbox 1020 2584 1055 2641; x_wconf 88' lang='lat' dir='ltr'>et</span> <span class='ocrx_word' id='word_1_191' title='bbox 1065 2597 1138 2642; x_wconf 93' lang='lat' dir='ltr'>can.</span> <span class='ocrx_word' id='word_1_192' title='bbox 1149 2584 1184 2641; x_wconf 89' lang='lat' dir='ltr'>et</span> <span class='ocrx_word' id='word_1_193' title='bbox 1199 2576 1290 2661; x_wconf 87' lang='lat' dir='ltr'>preb.</span> <span class='ocrx_word' id='word_1_194' title='bbox 1303 2574 1445 2640; x_wconf 88' lang='lat' dir='ltr'>ecclesie</span> <span class='ocrx_word' id='word_1_195' title='bbox 1461 2571 1653 2653; x_wconf 90' lang='lat' dir='ltr'>Insulensis,</span> 
     </span>
     <span class='ocr_line' id='line_1_22' title="bbox 292 2677 1654 2769; baseline -0.002 -24"><span class='ocrx_word' id='word_1_196' title='bbox 292 2679 480 2747; x_wconf 91' lang='lat' dir='ltr'>Tomacen.</span> <span class='ocrx_word' id='word_1_197' title='bbox 505 2681 603 2765; x_wconf 78' lang='lat' dir='ltr'>dioc,</span> <span class='ocrx_word' id='word_1_198' title='bbox 631 2703 731 2767; x_wconf 93' lang='lat' dir='ltr'>quam</span> <span class='ocrx_word' id='word_1_199' title='bbox 758 2682 902 2769; x_wconf 90' lang='lat' dir='ltr'>primum</span> <span class='ocrx_word' id='word_1_200' title='bbox 927 2682 1016 2748; x_wconf 92' lang='lat' dir='ltr'>idem</span> <span class='ocrx_word' id='word_1_201' title='bbox 1048 2681 1176 2769; x_wconf 88' lang='lat' dir='ltr'>Symou</span> <span class='ocrx_word' id='word_1_202' title='bbox 1199 2679 1444 2768; x_wconf 88' lang='lat' dir='ltr'>possessionem</span> <span class='ocrx_word' id='word_1_203' title='bbox 1473 2677 1654 2766; x_wconf 88' lang='lat' dir='ltr'>pacificam</span> 
     </span>
     <span class='ocr_line' id='line_1_23' title="bbox 292 2784 1655 2873; baseline -0.003 -22"><span class='ocrx_word' id='word_1_204' title='bbox 292 2786 482 2871; x_wconf 87' lang='lat' dir='ltr'>hujusmodi</span> <span class='ocrx_word' id='word_1_205' title='bbox 498 2788 738 2856; x_wconf 90' lang='lat' dir='ltr'>beneficiorum</span> <span class='ocrx_word' id='word_1_206' title='bbox 754 2787 852 2854; x_wconf 86' lang='lat' dir='ltr'>fuerit</span> <span class='ocrx_word' id='word_1_207' title='bbox 868 2795 1049 2868; x_wconf 88' lang='lat' dir='ltr'>assecutus,</span> <span class='ocrx_word' id='word_1_208' title='bbox 1065 2785 1247 2873; x_wconf 84' lang='lat' dir='ltr'>dignemini</span> <span class='ocrx_word' id='word_1_209' title='bbox 1263 2784 1438 2870; x_wconf 91' lang='lat' dir='ltr'>providere</span> <span class='ocrx_word' id='word_1_210' title='bbox 1456 2806 1466 2865; x_wconf 88' lang='lat'>;</span> <span class='ocrx_word' id='word_1_211' title='bbox 1482 2802 1551 2849; x_wconf 91' lang='lat' dir='ltr'>nou</span> <span class='ocrx_word' id='word_1_212' title='bbox 1566 2784 1655 2848; x_wconf 80' lang='lat' dir='ltr'>obst.</span> 
     </span>
     <span class='ocr_line' id='line_1_24' title="bbox 294 2887 1655 2979; baseline -0.002 -24"><span class='ocrx_word' id='word_1_213' title='bbox 294 2889 384 2975; x_wconf 95' lang='lat' dir='ltr'>quod</span> <span class='ocrx_word' id='word_1_214' title='bbox 399 2891 601 2958; x_wconf 90' lang='lat' dir='ltr'>auctoritate</span> <span class='ocrx_word' id='word_1_215' title='bbox 612 2894 799 2960; x_wconf 88' lang='lat' dir='ltr'>litterarum</span> <span class='ocrx_word' id='word_1_216' title='bbox 811 2901 1007 2974; x_wconf 89' lang='lat' dir='ltr'>vestrarum,</span> <span class='ocrx_word' id='word_1_217' title='bbox 1019 2892 1063 2959; x_wconf 90' lang='lat' dir='ltr'>ad</span> <span class='ocrx_word' id='word_1_218' title='bbox 1086 2893 1163 2960; x_wconf 91' lang='lat' dir='ltr'>coll.</span> <span class='ocrx_word' id='word_1_219' title='bbox 1178 2891 1326 2979; x_wconf 91' lang='lat' dir='ltr'>episcopi</span> <span class='ocrx_word' id='word_1_220' title='bbox 1343 2890 1504 2956; x_wconf 88' lang='lat' dir='ltr'>Sarlateu.</span> <span class='ocrx_word' id='word_1_221' title='bbox 1519 2887 1562 2954; x_wconf 92' lang='lat' dir='ltr'>de</span> <span class='ocrx_word' id='word_1_222' title='bbox 1576 2889 1655 2953; x_wconf 91' lang='lat' dir='ltr'>ben.</span> 
     </span>
     <span class='ocr_line' id='line_1_25' title="bbox 269 2989 1626 3083; baseline -0.004 -21"><span class='ocrx_word' id='word_1_223' title='bbox 269 3053 274 3062; x_wconf 93' lang='lat'>.</span> <span class='ocrx_word' id='word_1_224' title='bbox 295 2995 376 3060; x_wconf 91' lang='lat' dir='ltr'>eccl.</span> <span class='ocrx_word' id='word_1_225' title='bbox 393 3014 422 3060; x_wconf 93' lang='lat' dir='ltr'>c.</span> <span class='ocrx_word' id='word_1_226' title='bbox 439 3015 467 3060; x_wconf 90' lang='lat' dir='ltr'>c.</span> <span class='ocrx_word' id='word_1_227' title='bbox 490 2997 545 3060; x_wconf 89' lang='lat' dir='ltr'>vel</span> <span class='ocrx_word' id='word_1_228' title='bbox 561 3017 585 3062; x_wconf 92' lang='lat' dir='ltr'>s.</span> <span class='ocrx_word' id='word_1_229' title='bbox 602 3018 630 3064; x_wconf 92' lang='lat' dir='ltr'>c.</span> <span class='ocrx_word' id='word_1_230' title='bbox 646 2998 794 3065; x_wconf 90' lang='lat' dir='ltr'>noscitur</span> <span class='ocrx_word' id='word_1_231' title='bbox 809 3005 989 3083; x_wconf 84' lang='lat' dir='ltr'>expectare</span> <span class='ocrx_word' id='word_1_232' title='bbox 1008 3018 1016 3076; x_wconf 91' lang='grc'><strong>;</strong></span> <span class='ocrx_word' id='word_1_233' title='bbox 1034 3017 1110 3062; x_wconf 92' lang='lat' dir='ltr'>cum</span> <span class='ocrx_word' id='word_1_234' title='bbox 1125 2995 1198 3062; x_wconf 87' lang='lat' dir='ltr'>aliis</span> <span class='ocrx_word' id='word_1_235' title='bbox 1212 3016 1282 3062; x_wconf 91' lang='lat' dir='ltr'>non</span> <span class='ocrx_word' id='word_1_236' title='bbox 1298 2997 1414 3062; x_wconf 91' lang='lat' dir='ltr'>obst...</span> <span class='ocrx_word' id='word_1_237' title='bbox 1432 3033 1474 3043; x_wconf 92' lang='lat'>—</span> <span class='ocrx_word' id='word_1_238' title='bbox 1491 2991 1568 3058; x_wconf 88' lang='lat' dir='ltr'>Fiat</span> <span class='ocrx_word' id='word_1_239' title='bbox 1584 2989 1626 3056; x_wconf 79' lang='lat' dir='ltr'>R.</span> 
     </span>
    </p>

    <p class='ocr_par' dir='ltr' id='par_1_4' title="bbox 340 3097 1047 3187">
     <span class='ocr_line' id='line_1_26' title="bbox 340 3097 1047 3187; baseline 0.003 -25"><span class='ocrx_word' id='word_1_240' title='bbox 340 3097 418 3164; x_wconf 85' lang='lat' dir='ltr'>Dat.</span> <span class='ocrx_word' id='word_1_241' title='bbox 433 3099 533 3165; x_wconf 80' lang='lat' dir='ltr'>Avin.</span> <span class='ocrx_word' id='word_1_242' title='bbox 550 3123 568 3184; x_wconf 93' lang='lat'>4</span> <span class='ocrx_word' id='word_1_243' title='bbox 585 3099 650 3167; x_wconf 89' lang='lat' dir='ltr'>kal.</span> <span class='ocrx_word' id='word_1_244' title='bbox 664 3101 736 3187; x_wconf 87' lang='lat' dir='ltr'>julii</span> <span class='ocrx_word' id='word_1_245' title='bbox 754 3110 787 3166; x_wconf 86' lang='lat' dir='ltr'>a⁰</span> <span class='ocrx_word' id='word_1_246' title='bbox 806 3111 868 3166; x_wconf 84' lang='lat'>10⁰.</span> <span class='ocrx_word' id='word_1_247' title='bbox 886 3101 960 3186; x_wconf 88' lang='lat'>(21,</span> <span class='ocrx_word' id='word_1_248' title='bbox 979 3100 1047 3184; x_wconf 86' lang='lat'>55).</span> 
     </span>
    </p>

    <p class='ocr_par' dir='ltr' id='par_1_5' title="bbox 347 3208 1612 3306">
     <span class='ocr_line' id='line_1_27' title="bbox 347 3208 1612 3306; baseline -0.003 -16"><span class='ocrx_word' id='word_1_249' title='bbox 347 3208 495 3293; x_wconf 85' lang='lat'>2208.</span> <span class='ocrx_word' id='word_1_250' title='bbox 1343 3225 1455 3306; x_wconf 76' lang='lat'>&#39;1351,</span> <span class='ocrx_word' id='word_1_251' title='bbox 1472 3223 1515 3286; x_wconf 82' lang='lat'>28</span> <span class='ocrx_word' id='word_1_252' title='bbox 1524 3219 1612 3302; x_wconf 84' lang='lat' dir='ltr'>juin.</span> 
     </span>
    </p>

    <p class='ocr_par' dir='ltr' id='par_1_6' title="bbox 247 3326 1658 4560">
     <span class='ocr_line' id='line_1_28' title="bbox 341 3326 1658 3416; baseline -0.003 -23"><span class='ocrx_word' id='word_1_253' title='bbox 341 3329 442 3416; x_wconf 88' lang='lat' dir='ltr'>Supp.</span> <span class='ocrx_word' id='word_1_254' title='bbox 466 3328 640 3407; x_wconf 80' lang='lat' dir='ltr'>lohannes</span> <span class='ocrx_word' id='word_1_255' title='bbox 666 3330 709 3396; x_wconf 90' lang='lat' dir='ltr'>de</span> <span class='ocrx_word' id='word_1_256' title='bbox 735 3329 869 3396; x_wconf 91' lang='lat' dir='ltr'>Casleto</span> <span class='ocrx_word' id='word_1_257' title='bbox 879 3342 900 3408; x_wconf 84' lang='lat'>³,</span> <span class='ocrx_word' id='word_1_258' title='bbox 929 3326 1109 3393; x_wconf 90' lang='lat' dir='ltr'>canonicus</span> <span class='ocrx_word' id='word_1_259' title='bbox 1135 3326 1295 3392; x_wconf 90' lang='lat' dir='ltr'>Leodien.</span> <span class='ocrx_word' id='word_1_260' title='bbox 1321 3347 1361 3392; x_wconf 91' lang='lat' dir='ltr'>ac</span> <span class='ocrx_word' id='word_1_261' title='bbox 1387 3326 1587 3410; x_wconf 77' lang='lat' dir='ltr'>Trajecten,</span> <span class='ocrx_word' id='word_1_262' title='bbox 1622 3333 1658 3390; x_wconf 88' lang='lat' dir='ltr'>et</span> 
     </span>
     <span class='ocr_line' id='line_1_29' title="bbox 297 3429 1657 3511; baseline -0.004 -13"><span class='ocrx_word' id='word_1_263' title='bbox 297 3435 400 3499; x_wconf 89' lang='lat' dir='ltr'>abbas</span> <span class='ocrx_word' id='word_1_264' title='bbox 423 3435 579 3500; x_wconf 92' lang='lat' dir='ltr'>secularis</span> <span class='ocrx_word' id='word_1_265' title='bbox 603 3435 743 3501; x_wconf 88' lang='lat' dir='ltr'>ecclesie</span> <span class='ocrx_word' id='word_1_266' title='bbox 775 3430 1012 3511; x_wconf 88' lang='lat' dir='ltr'>Cennacensis,</span> <span class='ocrx_word' id='word_1_267' title='bbox 1042 3429 1129 3496; x_wconf 90' lang='lat' dir='ltr'>dioc.</span> <span class='ocrx_word' id='word_1_268' title='bbox 1161 3429 1330 3510; x_wconf 75' lang='lat' dir='ltr'>Leodien,</span> <span class='ocrx_word' id='word_1_269' title='bbox 1362 3450 1403 3495; x_wconf 88' lang='lat' dir='ltr'>ac</span> <span class='ocrx_word' id='word_1_270' title='bbox 1432 3429 1592 3495; x_wconf 91' lang='lat' dir='ltr'>collector</span> <span class='ocrx_word' id='word_1_271' title='bbox 1621 3437 1657 3492; x_wconf 91' lang='lat' dir='ltr'>et</span> 
     </span>
     <span class='ocr_line' id='line_1_30' title="bbox 294 3533 1656 3625; baseline -0.003 -25"><span class='ocrx_word' id='word_1_272' title='bbox 294 3536 437 3604; x_wconf 91' lang='lat' dir='ltr'>nuncius</span> <span class='ocrx_word' id='word_1_273' title='bbox 452 3540 657 3625; x_wconf 87' lang='lat' dir='ltr'>apostolicus</span> <span class='ocrx_word' id='word_1_274' title='bbox 673 3539 706 3604; x_wconf 91' lang='lat' dir='ltr'>in</span> <span class='ocrx_word' id='word_1_275' title='bbox 722 3536 895 3624; x_wconf 87' lang='lat' dir='ltr'>provincia</span> <span class='ocrx_word' id='word_1_276' title='bbox 907 3534 1094 3614; x_wconf 79' lang='lat' dir='ltr'>Colonien,</span> <span class='ocrx_word' id='word_1_277' title='bbox 1111 3542 1201 3619; x_wconf 90' lang='lat' dir='ltr'>quat.</span> <span class='ocrx_word' id='word_1_278' title='bbox 1217 3533 1278 3599; x_wconf 89' lang='lat' dir='ltr'>sibi</span> <span class='ocrx_word' id='word_1_279' title='bbox 1294 3533 1336 3599; x_wconf 95' lang='lat' dir='ltr'>de</span> <span class='ocrx_word' id='word_1_280' title='bbox 1354 3533 1528 3619; x_wconf 86' lang='lat' dir='ltr'>dignitate,</span> <span class='ocrx_word' id='word_1_281' title='bbox 1543 3552 1656 3618; x_wconf 91' lang='lat' dir='ltr'>perso·</span> 
     </span>
     <span class='ocr_line' id='line_1_31' title="bbox 294 3637 1656 3722; baseline -0.001 -17"><span class='ocrx_word' id='word_1_282' title='bbox 294 3648 375 3705; x_wconf 91' lang='lat' dir='ltr'>natu</span> <span class='ocrx_word' id='word_1_283' title='bbox 398 3643 456 3706; x_wconf 73' lang='lat' dir='ltr'>nel</span> <span class='ocrx_word' id='word_1_284' title='bbox 481 3641 594 3710; x_wconf 91' lang='lat' dir='ltr'>officio</span> <span class='ocrx_word' id='word_1_285' title='bbox 609 3665 638 3710; x_wconf 90' lang='lat' dir='ltr'>c.</span> <span class='ocrx_word' id='word_1_286' title='bbox 655 3664 684 3709; x_wconf 93' lang='lat' dir='ltr'>c.</span> <span class='ocrx_word' id='word_1_287' title='bbox 700 3643 755 3708; x_wconf 87' lang='lat' dir='ltr'>vel</span> <span class='ocrx_word' id='word_1_288' title='bbox 771 3663 796 3707; x_wconf 90' lang='lat' dir='ltr'>s.</span> <span class='ocrx_word' id='word_1_289' title='bbox 812 3662 851 3722; x_wconf 91' lang='lat' dir='ltr'>c.,</span> <span class='ocrx_word' id='word_1_290' title='bbox 879 3640 1009 3706; x_wconf 92' lang='lat' dir='ltr'>etiamsi</span> <span class='ocrx_word' id='word_1_291' title='bbox 1026 3639 1069 3706; x_wconf 90' lang='lat' dir='ltr'>ad</span> <span class='ocrx_word' id='word_1_292' title='bbox 1084 3640 1185 3720; x_wconf 90' lang='lat' dir='ltr'>illam,</span> <span class='ocrx_word' id='word_1_293' title='bbox 1202 3639 1295 3704; x_wconf 92' lang='lat' dir='ltr'>illum</span> <span class='ocrx_word' id='word_1_294' title='bbox 1310 3640 1365 3704; x_wconf 89' lang='lat' dir='ltr'>vel</span> <span class='ocrx_word' id='word_1_295' title='bbox 1387 3638 1469 3704; x_wconf 89' lang='lat' dir='ltr'>illud</span> <span class='ocrx_word' id='word_1_296' title='bbox 1480 3637 1656 3704; x_wconf 80' lang='lat' dir='ltr'>consuem‘t</span> 
     </span>
     <span class='ocr_line' id='line_1_32' title="bbox 294 3742 1655 3832; baseline -0.001 -24"><span class='ocrx_word' id='word_1_297' title='bbox 294 3744 367 3829; x_wconf 91' lang='lat' dir='ltr'>quis</span> <span class='ocrx_word' id='word_1_298' title='bbox 382 3766 442 3832; x_wconf 91' lang='lat' dir='ltr'>per</span> <span class='ocrx_word' id='word_1_299' title='bbox 456 3747 657 3814; x_wconf 90' lang='lat' dir='ltr'>electionem</span> <span class='ocrx_word' id='word_1_300' title='bbox 673 3745 805 3825; x_wconf 88' lang='lat' dir='ltr'>assumi,</span> <span class='ocrx_word' id='word_1_301' title='bbox 818 3745 844 3811; x_wconf 90' lang='lat' dir='ltr'>si</span> <span class='ocrx_word' id='word_1_302' title='bbox 860 3763 951 3809; x_wconf 92' lang='lat' dir='ltr'>nunc</span> <span class='ocrx_word' id='word_1_303' title='bbox 966 3752 1076 3824; x_wconf 90' lang='lat' dir='ltr'>vacat,</span> <span class='ocrx_word' id='word_1_304' title='bbox 1085 3744 1140 3808; x_wconf 91' lang='lat' dir='ltr'>vel</span> <span class='ocrx_word' id='word_1_305' title='bbox 1156 3764 1233 3809; x_wconf 91' lang='lat' dir='ltr'>cum</span> <span class='ocrx_word' id='word_1_306' title='bbox 1248 3743 1282 3808; x_wconf 90' lang='lat' dir='ltr'>in</span> <span class='ocrx_word' id='word_1_307' title='bbox 1297 3742 1486 3826; x_wconf 90' lang='lat' dir='ltr'>hujusmodi</span> <span class='ocrx_word' id='word_1_308' title='bbox 1501 3743 1655 3823; x_wconf 87' lang='lat' dir='ltr'>ecclesia,</span> 
     </span>
     <span class='ocr_line' id='line_1_33' title="bbox 247 3846 1656 3936; baseline -0.003 -22"><span class='ocrx_word' id='word_1_309' title='bbox 247 3891 250 3899; x_wconf 88' lang='lat'>·</span> <span class='ocrx_word' id='word_1_310' title='bbox 294 3849 434 3916; x_wconf 89' lang='lat' dir='ltr'>civitate</span> <span class='ocrx_word' id='word_1_311' title='bbox 460 3853 515 3917; x_wconf 89' lang='lat' dir='ltr'>vel</span> <span class='ocrx_word' id='word_1_312' title='bbox 531 3852 654 3919; x_wconf 91' lang='lat' dir='ltr'>diocesi</span> <span class='ocrx_word' id='word_1_313' title='bbox 682 3851 870 3936; x_wconf 85' lang='lat' dir='ltr'>Trajecten.</span> <span class='ocrx_word' id='word_1_314' title='bbox 895 3848 1078 3928; x_wconf 86' lang='lat' dir='ltr'>vacaverit,</span> <span class='ocrx_word' id='word_1_315' title='bbox 1106 3846 1288 3933; x_wconf 89' lang='lat' dir='ltr'>dignemini</span> <span class='ocrx_word' id='word_1_316' title='bbox 1304 3846 1479 3932; x_wconf 89' lang='lat' dir='ltr'>providere</span> <span class='ocrx_word' id='word_1_317' title='bbox 1497 3869 1507 3927; x_wconf 90' lang='lat'>;</span> <span class='ocrx_word' id='word_1_318' title='bbox 1523 3846 1656 3932; x_wconf 91' lang='lat' dir='ltr'>dispen-</span> 
     </span>
     <span class='ocr_line' id='line_1_34' title="bbox 295 3949 1656 4040; baseline -0.004 -20"><span class='ocrx_word' id='word_1_319' title='bbox 295 3963 407 4022; x_wconf 89' lang='lat' dir='ltr'>santes</span> <span class='ocrx_word' id='word_1_320' title='bbox 422 3977 464 4020; x_wconf 87' lang='lat' dir='ltr'>ex</span> <span class='ocrx_word' id='word_1_321' title='bbox 480 3956 622 4023; x_wconf 90' lang='lat' dir='ltr'>uberiori</span> <span class='ocrx_word' id='word_1_322' title='bbox 648 3955 739 4022; x_wconf 94' lang='lat' dir='ltr'>dono</span> <span class='ocrx_word' id='word_1_323' title='bbox 765 3953 871 4040; x_wconf 85' lang='lat' dir='ltr'>gratie</span> <span class='ocrx_word' id='word_1_324' title='bbox 898 3973 977 4019; x_wconf 89' lang='lat' dir='ltr'>cum</span> <span class='ocrx_word' id='word_1_325' title='bbox 1003 3951 1086 4037; x_wconf 89' lang='lat' dir='ltr'>ipso,</span> <span class='ocrx_word' id='word_1_326' title='bbox 1114 3950 1204 4036; x_wconf 92' lang='lat' dir='ltr'>quod</span> <span class='ocrx_word' id='word_1_327' title='bbox 1229 3950 1417 4035; x_wconf 90' lang='lat' dir='ltr'>hujusmodi</span> <span class='ocrx_word' id='word_1_328' title='bbox 1444 3949 1656 4036; x_wconf 87' lang='lat' dir='ltr'>dignitatem,</span> 
     </span>
     <span class='ocr_line' id='line_1_35' title="bbox 295 4055 1656 4144; baseline 0 -22"><span class='ocrx_word' id='word_1_329' title='bbox 295 4067 513 4144; x_wconf 90' lang='lat' dir='ltr'>personatum</span> <span class='ocrx_word' id='word_1_330' title='bbox 529 4061 584 4124; x_wconf 90' lang='lat' dir='ltr'>vel</span> <span class='ocrx_word' id='word_1_331' title='bbox 600 4058 748 4126; x_wconf 90' lang='lat' dir='ltr'>officium</span> <span class='ocrx_word' id='word_1_332' title='bbox 765 4078 831 4122; x_wconf 94' lang='lat' dir='ltr'>una</span> <span class='ocrx_word' id='word_1_333' title='bbox 848 4076 925 4122; x_wconf 92' lang='lat' dir='ltr'>cum</span> <span class='ocrx_word' id='word_1_334' title='bbox 941 4057 1078 4122; x_wconf 86' lang='lat' dir='ltr'>abbatia</span> <span class='ocrx_word' id='word_1_335' title='bbox 1094 4055 1243 4142; x_wconf 89' lang='lat' dir='ltr'>predicte</span> <span class='ocrx_word' id='word_1_336' title='bbox 1266 4056 1407 4122; x_wconf 92' lang='lat' dir='ltr'>ecclesie</span> <span class='ocrx_word' id='word_1_337' title='bbox 1418 4055 1656 4137; x_wconf 89' lang='lat' dir='ltr'>Cennacensis,</span> 
     </span>
     <span class='ocr_line' id='line_1_36' title="bbox 296 4161 1656 4249; baseline 0 -24"><span class='ocrx_word' id='word_1_338' title='bbox 296 4181 360 4246; x_wconf 94' lang='lat' dir='ltr'>que</span> <span class='ocrx_word' id='word_1_339' title='bbox 376 4171 426 4228; x_wconf 88' lang='lat' dir='ltr'>est</span> <span class='ocrx_word' id='word_1_340' title='bbox 441 4162 585 4249; x_wconf 87' lang='lat' dir='ltr'>dignitas</span> <span class='ocrx_word' id='word_1_341' title='bbox 601 4185 627 4229; x_wconf 94' lang='lat' dir='ltr'>s.</span> <span class='ocrx_word' id='word_1_342' title='bbox 640 4185 669 4229; x_wconf 92' lang='lat' dir='ltr'>c.</span> <span class='ocrx_word' id='word_1_343' title='bbox 681 4163 828 4249; x_wconf 90' lang='lat' dir='ltr'>recipere</span> <span class='ocrx_word' id='word_1_344' title='bbox 845 4170 879 4227; x_wconf 89' lang='lat' dir='ltr'>et</span> <span class='ocrx_word' id='word_1_345' title='bbox 894 4161 1038 4227; x_wconf 89' lang='lat' dir='ltr'>retinere</span> <span class='ocrx_word' id='word_1_346' title='bbox 1053 4162 1176 4241; x_wconf 89' lang='lat' dir='ltr'>valeat,</span> <span class='ocrx_word' id='word_1_347' title='bbox 1187 4161 1427 4227; x_wconf 90' lang='lat' dir='ltr'>constitutione</span> <span class='ocrx_word' id='word_1_348' title='bbox 1443 4180 1656 4246; x_wconf 90' lang='lat' dir='ltr'>quacumque</span> 
     </span>
     <span class='ocr_line' id='line_1_37' title="bbox 295 4265 1656 4351; baseline -0.001 -19"><span class='ocrx_word' id='word_1_349' title='bbox 295 4267 463 4332; x_wconf 90' lang='lat' dir='ltr'>contraria</span> <span class='ocrx_word' id='word_1_350' title='bbox 478 4288 546 4333; x_wconf 95' lang='lat' dir='ltr'>non</span> <span class='ocrx_word' id='word_1_351' title='bbox 563 4270 659 4349; x_wconf 83' lang='lat' dir='ltr'>obst,</span> <span class='ocrx_word' id='word_1_352' title='bbox 677 4287 753 4333; x_wconf 91' lang='lat' dir='ltr'>cum</span> <span class='ocrx_word' id='word_1_353' title='bbox 780 4265 1015 4351; x_wconf 88' lang='lat' dir='ltr'>acceptatione</span> <span class='ocrx_word' id='word_1_354' title='bbox 1032 4274 1066 4331; x_wconf 92' lang='lat' dir='ltr'>et</span> <span class='ocrx_word' id='word_1_355' title='bbox 1082 4265 1236 4331; x_wconf 91' lang='lat' dir='ltr'>omnibus</span> <span class='ocrx_word' id='word_1_356' title='bbox 1259 4265 1332 4331; x_wconf 91' lang='lat' dir='ltr'>aliis</span> <span class='ocrx_word' id='word_1_357' title='bbox 1351 4285 1419 4331; x_wconf 94' lang='lat' dir='ltr'>non</span> <span class='ocrx_word' id='word_1_358' title='bbox 1435 4267 1521 4330; x_wconf 90' lang='lat' dir='ltr'>obst.</span> <span class='ocrx_word' id='word_1_359' title='bbox 1537 4273 1572 4330; x_wconf 89' lang='lat' dir='ltr'>et</span> <span class='ocrx_word' id='word_1_360' title='bbox 1587 4265 1656 4330; x_wconf 88' lang='lat' dir='ltr'>suis</span> 
     </span>
     <span class='ocr_line' id='line_1_38' title="bbox 294 4370 1657 4457; baseline 0.002 -23"><span class='ocrx_word' id='word_1_361' title='bbox 294 4370 465 4436; x_wconf 82' lang='lat' dir='ltr'>beneficiis</span> <span class='ocrx_word' id='word_1_362' title='bbox 490 4392 554 4456; x_wconf 92' lang='lat' dir='ltr'>que</span> <span class='ocrx_word' id='word_1_363' title='bbox 586 4371 726 4454; x_wconf 90' lang='lat' dir='ltr'>obtinet,</span> <span class='ocrx_word' id='word_1_364' title='bbox 743 4392 808 4457; x_wconf 94' lang='lat' dir='ltr'>que</span> <span class='ocrx_word' id='word_1_365' title='bbox 838 4370 1021 4456; x_wconf 90' lang='lat' dir='ltr'>dignemini</span> <span class='ocrx_word' id='word_1_366' title='bbox 1052 4392 1094 4434; x_wconf 86' lang='lat' dir='ltr'>ex</span> <span class='ocrx_word' id='word_1_367' title='bbox 1124 4378 1217 4436; x_wconf 79' lang='lat' dir='ltr'>certa</span> <span class='ocrx_word' id='word_1_368' title='bbox 1259 4370 1398 4435; x_wconf 88' lang='lat' dir='ltr'>scientia</span> <span class='ocrx_word' id='word_1_369' title='bbox 1427 4370 1552 4435; x_wconf 90' lang='lat' dir='ltr'>habere</span> <span class='ocrx_word' id='word_1_370' title='bbox 1593 4391 1657 4456; x_wconf 91' lang='lat' dir='ltr'>pro</span> 
     </span>
     <span class='ocr_line' id='line_1_39' title="bbox 294 4473 1566 4560; baseline 0 -22"><span class='ocrx_word' id='word_1_371' title='bbox 294 4474 456 4560; x_wconf 86' lang='lat' dir='ltr'>expressis</span> <span class='ocrx_word' id='word_1_372' title='bbox 472 4483 537 4541; x_wconf 89' lang='lat' dir='ltr'>etc.</span> <span class='ocrx_word' id='word_1_373' title='bbox 553 4483 591 4541; x_wconf 94' lang='lat' dir='ltr'>ut</span> <span class='ocrx_word' id='word_1_374' title='bbox 607 4475 639 4540; x_wconf 92' lang='lat' dir='ltr'>in</span> <span class='ocrx_word' id='word_1_375' title='bbox 657 4476 772 4542; x_wconf 85' lang='lat' dir='ltr'>sonna.</span> <span class='ocrx_word' id='word_1_376' title='bbox 788 4515 831 4524; x_wconf 88' lang='lat'><strong>—</strong></span> <span class='ocrx_word' id='word_1_377' title='bbox 848 4473 923 4539; x_wconf 86' lang='lat' dir='ltr'>Fiat</span> <span class='ocrx_word' id='word_1_378' title='bbox 936 4475 969 4539; x_wconf 94' lang='lat' dir='ltr'>in</span> <span class='ocrx_word' id='word_1_379' title='bbox 985 4475 1090 4540; x_wconf 85' lang='lat' dir='ltr'>forma</span> <span class='ocrx_word' id='word_1_380' title='bbox 1107 4473 1146 4538; x_wconf 93' lang='lat' dir='ltr'>R.</span> <span class='ocrx_word' id='word_1_381' title='bbox 1165 4513 1202 4523; x_wconf 90' lang='lat'>—</span> <span class='ocrx_word' id='word_1_382' title='bbox 1222 4473 1267 4539; x_wconf 88' lang='lat' dir='ltr'>Et</span> <span class='ocrx_word' id='word_1_383' title='bbox 1281 4473 1510 4559; x_wconf 89' lang='lat' dir='ltr'>dispensamus</span> <span class='ocrx_word' id='word_1_384' title='bbox 1526 4473 1566 4539; x_wconf 89' lang='lat' dir='ltr'>R.</span> 
     </span>
    </p>

    <p class='ocr_par' dir='ltr' id='par_1_7' title="bbox 339 4578 1076 4666">
     <span class='ocr_line' id='line_1_40' title="bbox 339 4578 1076 4666; baseline 0 -23"><span class='ocrx_word' id='word_1_385' title='bbox 339 4578 417 4644; x_wconf 91' lang='lat' dir='ltr'>Dat.</span> <span class='ocrx_word' id='word_1_386' title='bbox 435 4579 534 4644; x_wconf 83' lang='lat' dir='ltr'>Avin.</span> <span class='ocrx_word' id='word_1_387' title='bbox 552 4603 570 4664; x_wconf 93' lang='lat'>4</span> <span class='ocrx_word' id='word_1_388' title='bbox 587 4578 653 4645; x_wconf 85' lang='lat' dir='ltr'>kal.</span> <span class='ocrx_word' id='word_1_389' title='bbox 667 4579 739 4666; x_wconf 79' lang='lat' dir='ltr'>juli</span> <span class='ocrx_word' id='word_1_390' title='bbox 756 4587 790 4644; x_wconf 89' lang='lat' dir='ltr'>a⁰</span> <span class='ocrx_word' id='word_1_391' title='bbox 810 4587 861 4645; x_wconf 87' lang='lat'>10⁰</span> <span class='ocrx_word' id='word_1_392' title='bbox 872 4585 895 4643; x_wconf 75' lang='lat'>¹¹.</span> <span class='ocrx_word' id='word_1_393' title='bbox 913 4580 990 4662; x_wconf 85' lang='lat'>(22,</span> <span class='ocrx_word' id='word_1_394' title='bbox 1008 4581 1076 4663; x_wconf 83' lang='lat'>34).</span> 
     </span>
    </p>
   </div>
   <div class='ocr_carea' id='block_1_4' title="bbox 295 4689 1658 4833">
    <p class='ocr_par' dir='ltr' id='par_1_8' title="bbox 295 4689 1658 4833">
     <span class='ocr_line' id='line_1_41' title="bbox 327 4689 1658 4758; baseline 0.001 -18"><span class='ocrx_word' id='word_1_395' title='bbox 327 4696 351 4746; x_wconf 86' lang='lat' dir='ltr'>al</span> <span class='ocrx_word' id='word_1_396' title='bbox 366 4693 406 4741; x_wconf 85' lang='lat' dir='ltr'>En</span> <span class='ocrx_word' id='word_1_397' title='bbox 418 4707 505 4755; x_wconf 79' lang='lat' dir='ltr'>merge</span> <span class='ocrx_word' id='word_1_398' title='bbox 520 4708 525 4742; x_wconf 95' lang='lat'><strong>:</strong></span> <span class='ocrx_word' id='word_1_399' title='bbox 542 4693 660 4743; x_wconf 66' lang='lat' dir='ltr'>Garrecto</span> <span class='ocrx_word' id='word_1_400' title='bbox 676 4692 739 4743; x_wconf 73' lang='lat' dir='ltr'>data</span> <span class='ocrx_word' id='word_1_401' title='bbox 751 4694 779 4742; x_wconf 79' lang='lat' dir='ltr'>r&#39;n</span> <span class='ocrx_word' id='word_1_402' title='bbox 791 4692 913 4755; x_wconf 77' lang='lat' dir='ltr'>oriplrmli</span> <span class='ocrx_word' id='word_1_403' title='bbox 927 4692 1112 4758; x_wconf 67' lang='lat' dir='ltr'>perdominetur</span> <span class='ocrx_word' id='word_1_404' title='bbox 1134 4691 1171 4752; x_wconf 76' lang='lat'>0,</span> <span class='ocrx_word' id='word_1_405' title='bbox 1192 4691 1294 4740; x_wconf 78' lang='lat' dir='ltr'>electam</span> <span class='ocrx_word' id='word_1_406' title='bbox 1310 4689 1470 4742; x_wconf 73' lang='lat' dir='ltr'>Eli-erinnem</span> <span class='ocrx_word' id='word_1_407' title='bbox 1490 4691 1520 4740; x_wconf 79' lang='lat' dir='ltr'>de</span> <span class='ocrx_word' id='word_1_408' title='bbox 1535 4698 1658 4756; x_wconf 61' lang='lat' dir='ltr'>precepto</span> 
     </span>
     <span class='ocr_line' id='line_1_42' title="bbox 295 4765 860 4833; baseline 0.005 -20"><span class='ocrx_word' id='word_1_409' title='bbox 295 4765 389 4816; x_wconf 72' lang='lat' dir='ltr'>dorrtlni</span> <span class='ocrx_word' id='word_1_410' title='bbox 403 4768 480 4816; x_wconf 71' lang='lat' dir='ltr'>reonrl</span> <span class='ocrx_word' id='word_1_411' title='bbox 492 4771 515 4815; x_wconf 80' lang='lat' dir='ltr'>et</span> <span class='ocrx_word' id='word_1_412' title='bbox 528 4767 624 4833; x_wconf 82' lang='lat' dir='ltr'>lticper</span> <span class='ocrx_word' id='word_1_413' title='bbox 635 4785 670 4818; x_wconf 80' lang='lat' dir='ltr'>me</span> <span class='ocrx_word' id='word_1_414' title='bbox 682 4769 714 4819; x_wconf 91' lang='lat' dir='ltr'>P.</span> <span class='ocrx_word' id='word_1_415' title='bbox 730 4768 860 4818; x_wconf 73' lang='lat' dir='ltr'>Germani.</span> 
     </span>
    </p>
   </div>
   <div class='ocr_carea' id='block_1_5' title="bbox 330 4883 1094 4934">
    <p class='ocr_par' dir='ltr' id='par_1_9' title="bbox 330 4883 1094 4934">
     <span class='ocr_line' id='line_1_43' title="bbox 330 4883 1094 4934; baseline -0.004 -1"><span class='ocrx_word' id='word_1_416' title='bbox 330 4888 350 4934; x_wconf 95' lang='lat' dir='ltr'>l.</span> <span class='ocrx_word' id='word_1_417' title='bbox 364 4886 423 4934; x_wconf 86' lang='lat' dir='ltr'>l&#39;oir</span> <span class='ocrx_word' id='word_1_418' title='bbox 434 4900 460 4934; x_wconf 94' lang='lat' dir='ltr'>n.</span> <span class='ocrx_word' id='word_1_419' title='bbox 472 4887 544 4934; x_wconf 77' lang='lat'>2204.</span> <span class='ocrx_word' id='word_1_420' title='bbox 556 4911 588 4922; x_wconf 92' lang='lat'><em>-</em></span> <span class='ocrx_word' id='word_1_421' title='bbox 600 4888 623 4933; x_wconf 83' lang='lat'>2.</span> <span class='ocrx_word' id='word_1_422' title='bbox 633 4885 697 4932; x_wconf 80' lang='lat' dir='ltr'>l&#39;oir</span> <span class='ocrx_word' id='word_1_423' title='bbox 709 4897 734 4933; x_wconf 89' lang='lat' dir='ltr'>n.</span> <span class='ocrx_word' id='word_1_424' title='bbox 747 4885 817 4933; x_wconf 77' lang='lat'>2014.</span> <span class='ocrx_word' id='word_1_425' title='bbox 833 4910 864 4920; x_wconf 89' lang='lat'><em>-</em></span> <span class='ocrx_word' id='word_1_426' title='bbox 879 4885 901 4930; x_wconf 84' lang='grc'>3.</span> <span class='ocrx_word' id='word_1_427' title='bbox 915 4883 976 4931; x_wconf 83' lang='lat' dir='ltr'>l&#39;oir</span> <span class='ocrx_word' id='word_1_428' title='bbox 985 4897 1010 4932; x_wconf 89' lang='lat' dir='ltr'>n.</span> <span class='ocrx_word' id='word_1_429' title='bbox 1022 4883 1094 4930; x_wconf 77' lang='lat'>20³9.</span> 
     </span>
    </p>
   </div>
   <div class='ocr_carea' id='block_1_6' title="bbox 0 0 1843 5675">
    <p class='ocr_par' dir='ltr' id='par_1_10' title="bbox 0 0 1843 5675">
     <span class='ocr_line' id='line_1_44' title="bbox 0 0 1843 5675; baseline 0 0"><span class='ocrx_word' id='word_1_430' title='bbox 0 0 1843 5675; x_wconf 95' lang='lat' dir='ltr'> </span> 
     </span>
    </p>
   </div>
  </div>
 </body>
</html>
