3650 5675
683 576 769 651 1346,
794 577 868 642 8-27
886 578 1014 659 Janvier.
1461 579 1523 644 247

214 728 329 813 975.
1191 744 1286 827 1346,
1303 741 1477 825 djunuier.

207 848 307 933 Supp.
334 846 532 911 Guillelmus
557 844 698 926 Balbeti,
722 852 812 929 quat.
840 844 908 910 filio
935 865 996 910 suo
1011 844 1156 925 Johanni
1185 844 1432 929 Balbeti,c1er.,
1449 870 1522 913 can.

162 959 198 1017 et
224 953 315 1037 preb.
347 950 577 1015 Constantien.
620 949 701 1015 eccl.
733 948 963 1029 conferendos,
994 949 1021 1016 si
1051 948 1140 1034 ipsos
1170 948 1245 1035 [per
1271 952 1521 1017 matrimonium

163 1054 322 1121 Galbardi
338 1055 381 1120 de
396 1054 578 1134 Duroforti,
595 1053 704 1119 dictos
719 1062 837 1118 canet
851 1057 944 1139 preb.
959 1052 1170 1139 detinentis]
1199 1075 1318 1120 vacare
1334 1055 1521 1139 contigerit,

161 1158 343 1241 dignemini
367 1178 535 1223 reservare
551 1180 559 1238 ;
584 1177 652 1222 non
676 1158 762 1221 obst.
786 1156 875 1240 quod
891 1156 981 1221 idem
996 1154 1169 1232 Johannes
1184 1159 1218 1223 in
1234 1158 1266 1224 S.
1282 1158 1464 1225 Audemari
1478 1159 1522 1224 de

162 1260 195 1327 S.
211 1262 412 1342 Audemam,
430 1260 607 1340 Morinen.,
624 1260 798 1344 sanctique
814 1259 989 1343 Gaugerici
1006 1260 1233 1343 Cameracen,
1246 1270 1282 1327 et
1302 1262 1333 1328 S.
1345 1262 1521 1346 Gaugerici

161 1365 205 1431 de
219 1367 325 1445 Abra,
345 1364 560 1429 Cameracen.
583 1363 681 1444 dioc,
697 1364 892 1448 collegiatis
910 1384 982 1429 can.
999 1372 1033 1429 et
1049 1367 1152 1451 preb,
1168 1385 1208 1430 ac
1224 1367 1327 1431 etiam
1349 1367 1383 1431 in
1407 1366 1520 1431 Claro-

161 1478 312 1534 monten.
328 1489 403 1535 can.
419 1470 479 1534 sub
495 1488 570 1553 exp.
586 1470 679 1552 preb.
696 1488 771 1533 cum
787 1467 877 1551 dign.
889 1476 954 1533 etc.
967 1468 1126 1547 ecclesiis
1139 1470 1287 1535 noscitur
1302 1470 1462 1537 obtinere.
1478 1510 1522 1520 -

163 1570 238 1637 Fiat
255 1571 295 1637 R.

206 1674 286 1739 Dat.
301 1674 399 1740 Avin.
418 1678 435 1737 6
453 1673 496 1739 id.
508 1674 638 1757 januar.
655 1680 689 1737 a⁰
705 1680 748 1757 4⁰.
766 1674 816 1757 (8,
837 1674 924 1757 157).

214 1827 328 1910 976.
392 1914 394 1917 ,
1192 1845 1288 1927 1346,
1304 1866 1324 1929 9
1334 1842 1478 1926 saunier.

206 1944 298 2026 Can,
329 1948 420 2031 preb.
452 1952 486 2009 et
517 1945 760 2031 preposituram
792 1944 823 2010 S.
855 1944 944 2010 Petri
977 1944 1167 2028 Insulensis,
1198 1946 1386 2013 Tomacen.
1424 1948 1522 2028 dioc,

163 2047 311 2125 Johanni
329 2049 462 2133 Rogerii
482 2060 501 2127 ¹,
518 2069 591 2114 can.
615 2046 782 2125 Pan'sien,
806 2069 1024 2129 reservamus,
1049 2071 1125 2115 cum
1148 2053 1318 2119 vacabunt
1333 2071 1392 2137 per
1407 2072 1523 2117 conse-

163 2154 347 2219 crationem
364 2162 422 2219 aut
437 2156 569 2239 lapsum
585 2152 757 2238 temporis,
770 2162 982 2238 preterquam
998 2173 1058 2240 per
1072 2162 1217 2221 mortem
1233 2153 1407 2235 Ludovici,
1423 2156 1522 2220 electi

163 2255 395 2323 Constantieu.
411 2273 423 2299 ²
439 2298 482 2309 -
499 2254 599 2321 Motu
619 2256 754 2343 proprio
777 2264 812 2321 et
835 2257 1107 2342 dispensamus...,
1122 2277 1191 2325 nou
1208 2259 1293 2323 obst.
1310 2257 1400 2343 quod
1415 2258 1524 2324 dictus

162 2362 385 2447 prepositatus
409 2362 511 2426 etiam
539 2360 582 2425 sit
606 2361 713 2447 prima
739 2359 828 2444 dign.
856 2369 890 2425 et
917 2361 1109 2446 principalis
1135 2361 1211 2427 etsi
1235 2370 1350 2427 curata
1377 2362 1524 2427 indicta

162 2465 350 2548 collegiata.
366 2505 409 2513 -
425 2464 466 2530 R.

206 2566 284 2632 Dat.
299 2566 401 2636 Avin.
421 2588 436 2651 5
454 2567 498 2633 id.
511 2568 641 2652 januar.
657 2576 690 2632 a⁰
706 2575 749 2651 4⁰.
767 2568 816 2651 (8,
839 2568 940 2649 158').

213 2722 1197 2805 977.1
1245 2737 1265 2800 6
1289 2738 1332 2800 18
1354 2734 1480 2801 ’666166

207 2841 308 2927 Supp.
325 2840 453 2922 Petrus,
470 2849 570 2908 natus
587 2841 749 2906 Ghiselini
766 2842 808 2906 de
826 2841 975 2906 Rollario
990 2850 1010 2921 ³,
1027 2842 1104 2906 cler.
1121 2756 1309 2908 Torddcdn.
1321 2759 1419 2920 dioc,
1432 2849 1524 2923 quat.

161 2945 223 3010 sibi
247 2945 288 3010 de
312 2964 385 3009 can.
407 2945 489 3009 eccl.
506 2944 537 3010 S.
555 2945 644 3010 Petri
661 2941 900 3024 Thoraltensis,
917 2944 1007 3009 dicte
1022 2943 1051 3009 T
1053 2964 1210 3010 ornaceu.
1227 2943 1325 3025 dioc,
1341 2944 1524 3029 dignemini

161 3047 338 3134 providere
353 3056 388 3112 et
404 3050 496 3134 preb.
512 3069 682 3114 reservare
702 3048 789 3134 [rac.
805 3050 859 3112 vel
876 3047 1004 3134 vacat]
1022 3088 1065 3098 -
1082 3046 1159 3112 Fiat
1175 3046 1215 3112 R.

207 3151 285 3216 Dat.
300 3150 401 3215 Avin.
424 3171 459 3234 15
477 3150 542 3216 kal.
557 3152 637 3216 febr.
653 3161 685 3217 a⁰
701 3161 744 3236 4⁰.
762 3153 811 3236 (8,
834 3151 936 3235 169*·).

213 3307 326 3390 978.
1170 3322 1265 3405 1346,
1283 3339 1325 3404 27
1334 3319 1478 3402 janvier.

206 3423 261 3487 8⁰¹⁰
284 3433 390 3509 pater.
418 3420 504 3486 Cum
529 3441 615 3504 mag.
642 3420 803 3487 Geraldus
826 3422 868 3487 de
891 3423 1087 3504 Δ1111665666,
1111 3444 1183 3490 can.
1204 3422 1394 3490 Tomacen.
1410 3435 1430 3503 ⁴,
1448 3444 1521 3508 cap.

161 3535 281 3607 vester,
298 3549 372 3593 can.
389 3534 423 3590 et
440 3527 542 3611 preb,
554 3545 637 3608 quos
648 3525 681 3588 iu
693 3525 784 3592 dicta
795 3525 985 3592 Tomacen.
997 3528 1080 3592 eccl.
1093 3529 1279 3608 obtinebat,
1290 3537 1325 3593 et
1334 3529 1522 3612 Stephanus

161 3631 204 3697 de
219 3631 391 3716 AgrisoliO,
408 3649 482 3695 can.
498 3630 724 3711 Aurelianen,
741 3630 924 3715 prioratum
939 3631 1009 3695 sive
1033 3634 1187 3716 parrocb.
1210 3632 1292 3699 eccl.
1309 3632 1339 3697 S.
1361 3632 1520 3716 Stephani

161 3733 204 3798 de
231 3733 389 3813 Cuberiis,
416 3731 503 3798 dioc.
529 3729 717 3814 Mimaten,
734 3755 891 3798 excausa
911 3735 1169 3819 permutationis
1183 3737 1270 3802 inter
1286 3757 1344 3800 eos
1360 3734 1520 3816 faciende,

161 3837 196 3902 in
222 3838 374 3903 manibus
400 3835 501 3914 iterii,
527 3837 601 3900 abb.
629 3835 868 3917 Cluniacensis,
898 3858 939 3901 ex
965 3839 1199 3905 commissione
1226 3839 1257 3904 S.
1283 3837 1321 3903 V.
1345 3838 1406 3902 sibi
1430 3838 1520 3904 facta

162 3942 296 4008 oraculo
320 3942 395 4006 vive
419 3941 522 4020 vocis,
549 3940 790 4024 resignaverint
815 3963 874 4028 per
898 3963 1014 4007 eorum
1038 3949 1272 4027 procuratores
1299 3939 1460 4025 ydoneos,
1488 3939 1522 4004 id

162 4054 250 4111 auct.
274 4045 393 4111 eadem
416 4044 628 4130 recipientis;
653 4044 806 4128 dignetur
822 4045 853 4111 S.
870 4043 910 4110 V.
932 4046 1083 4130 predicto
1098 4065 1185 4128 mag.
1207 4043 1353 4108 Geraldo
1368 4043 1411 4107 de
1433 4043 1520 4128 prio

161 4157 236 4214 ratu
259 4169 318 4214 seu
339 4148 491 4235 parrocb.
514 4148 607 4226 eccl,
631 4156 665 4212 et
684 4148 855 4233 Stephano
877 4148 920 4212 de
944 4169 1016 4213 can.
1033 4158 1067 4212 et
1083 4151 1175 4234 preb.
1190 4148 1357 4233 predictis,
1374 4147 1421 4212 sic
1436 4167 1520 4226 vac,

161 4258 257 4317 motu
279 4252 414 4337 proprio
436 4250 621 4338 providere.
645 4291 687 4300 -
712 4249 788 4316 Fiat
811 4271 872 4337 pro
895 4259 1037 4334 utroque
1061 4259 1098 4315 ut
1124 4252 1259 4336 petitur.
1288 4252 1327 4316 R.
1351 4291 1394 4298 -
1421 4249 1521 4315 Motu

160 4357 306 4444 proprio.
324 4356 364 4422 R.

207 4461 284 4526 Dat.
300 4460 400 4525 Avin.
420 4465 436 4524 6
452 4458 518 4526 kal.
536 4459 616 4525 febr.
633 4471 665 4525 a⁰
681 4469 724 4544 4⁴¹.
743 4461 792 4546 (8,
812 4462 901 4542 982¹).

193 4650 223 4710 a)
235 4648 380 4696 indication
392 4646 456 4696 tirdu
467 4648 499 4696 dc
511 4647 536 4696 ln
547 4649 684 4710 suppliprc
698 4647 855 4710 4666666616.

195 4869 217 4916 1.
238 4869 385 4925 1166161666,
408 4871 420 4914 l
425 4869 514 4928 16161,
533 4871 588 4917 1211.
605 4897 618 4904 -
654 4873 677 4917 2.
696 4869 773 4916 16616
792 4868 945 4929 d'Erqucry,
967 4882 1067 4930 pourvu
1085 4866 1108 4914 16
1125 4868 1140 4914 9
1157 4864 1258 4927 janvicr
1276 4866 1337 4913 1316
1355 4864 1391 4911 du
1407 4862 1475 4922 siege
1491 4862 1523 4909 dc

163 4941 306 4989 (brutarrcor
318 4942 422 5004 (nuber,
437 4944 455 5000 1,
468 4943 546 5004 213);
563 4943 595 4990 ci.
610 4943 760 5002 Hautcoeur,
778 4941 882 5001 (arrad,
896 4943 952 5001 11811,
965 4944 1019 5001 1198,
1033 4944 1087 5001 buu,
1101 4941 1154 5000 701,
1169 4941 1223 4988 7111.
1235 4967 1257 4973 -
1280 4941 1301 4987 3.
1316 4937 1523 4986 16166911.-

162 5015 185 5062 4.
200 5013 261 5062 Voir
279 5015 336 5074 Vos,
353 5015 431 5078 (7614).
447 5015 477 5064 de
493 5016 608 5069 Tuurnui,
626 5015 645 5073 1,
663 5019 717 5064 2112.
