3650 5675
298 509 339 576 90
833 506 920 580 1343,
944 506 994 570 6-9
1012 504 1123 588 juillet.

296 659 422 724 tatibus
441 644 569 723 clericis
584 657 790 723 secularibus
804 657 859 720 vel
874 654 969 722 laicis
979 654 1149 740 assignari,
1167 655 1242 722 coll.
1258 655 1447 742 hujusmodi
1459 660 1658 728 confirmare

296 763 490 848 dignemini.
505 803 550 811 —
567 761 644 826 Fiat
661 760 702 826 R.

340 866 420 932 Dat.
436 885 491 951 ap.
508 865 756 932 villamnovam
774 886 792 950 3
809 886 888 932 non.
901 865 973 950 julii
990 871 1021 930 a⁶
1040 871 1082 930 2⁰.
1098 867 1146 948 (5,
1164 866 1226 949 81).

346 1002 461 1084 410.
1350 1035 1444 1100 1393,
1462 1017 1483 1082 ό
1491 1015 1614 1099 juillet.

339 1121 472 1206 Supp....
488 1120 555 1185 dux
568 1117 752 1184 Brabantie
765 1126 798 1184 et
812 1118 983 1185 comitissa
995 1117 1155 1183 Hanonie
1166 1126 1257 1202 quat.
1270 1139 1385 1184 eorum
1399 1120 1494 1206 [cler.
1504 1121 1657 1191 Theode-

295 1223 381 1310 rico]
396 1223 438 1288 de
454 1222 614 1304 Bubanis,
631 1221 793 1289 Leodien.
809 1223 906 1303 dioc,
924 1222 966 1287 de
982 1243 1057 1287 can.
1073 1231 1108 1286 et
1123 1224 1214 1308 preb.
1231 1225 1312 1288 eccl.
1330 1223 1457 1310 Spiren.
1473 1225 1655 1311 dignemini

295 1328 481 1414 providere,
507 1347 577 1391 non
599 1329 685 1393 obst.
702 1325 794 1412 quod
809 1326 898 1391 idem
923 1325 1150 1392 Theodericus
1167 1327 1412 1412 preposituram
1428 1330 1508 1396 eccl.
1525 1329 1657 1398 Wasse-

294 1431 475 1516 burgensis
491 1429 581 1495 dicte
596 1430 694 1511 dioc,
710 1431 860 1496 noscitur
875 1429 1038 1495 obtinere.

339 1534 418 1600 Dat.
435 1555 488 1622 ap.
504 1533 753 1600 Villamnovam
772 1555 788 1598 2
806 1554 884 1600 non.
897 1533 969 1618 julii
987 1540 1020 1598 a⁰
1037 1539 1079 1598 2⁰.
1096 1535 1144 1617 (5,
1163 1535 1225 1618 76).

345 1673 452 1754 411·
1354 1704 1449 1770 1945,
1462 1707 1482 1771 9
1491 1686 1615 1769 juillet.

338 1794 440 1878 Supp.
455 1788 665 1876 A(maldus),
686 1788 876 1852 vicecomes
902 1785 1117 1868 Caramanni‚
1141 1795 1233 1870 quat.
1267 1785 1386 1873 [Petro
1409 1787 1539 1873 Vitalis,
1564 1795 1656 1882 can]

295 1898 376 1964 eccl.
389 1897 421 1961 S.
431 1893 615 1960 Audomari
628 1891 671 1957 de
681 1891 713 1958 S.
729 1889 924 1957 Andomaro
935 1900 953 1972 ¹,
971 1887 1140 1956 Morinen.
1156 1890 1253 1972 dioc,
1267 1891 1453 1956 concedere
1464 1891 1658 1978 dignemini,

297 2010 335 2066 ut
357 2001 544 2065 litterarum
567 1996 689 2077 studio,
713 1995 768 2060 ubi
793 1994 874 2060 illud
898 1995 1012 2079 vigeat
1030 1994 1197 2078 generale,
1221 1993 1415 2078 insistendo,
1432 1995 1487 2060 vel
1503 1996 1537 2061 in
1553 1999 1658 2065 altero

297 2103 408 2179 benef.
430 2101 617 2182 residendo,
633 2100 799 2165 fructus...
817 2098 968 2183 recipiat.
984 2137 1027 2148 -
1044 2096 1121 2162 Fiat
1137 2097 1170 2161 in
1188 2097 1294 2163 forma
1311 2098 1354 2163 ad
1366 2099 1556 2168 triennium.
1574 2100 1613 2168 R.

343 2201 974 2290 natnvin.7ru.ju1rra⁰2⁰.(5,a7).
995 2245 998 2251 .

349 2343 460 2428 412.
730 2421 734 2428 ,
1226 2365 1229 2370 ’
1351 2372 1447 2438 1343,
1463 2373 1483 2439 9
1493 2351 1615 2435 juillet.

343 2462 433 2546 Sign.
457 2461 489 2526 S.
508 2458 548 2525 V.
573 2457 846 2538 lamentabiliter,
873 2456 1007 2522 humilis
1032 2465 1066 2520 et
1090 2456 1215 2523 devota
1238 2457 1363 2522 oratrix
1384 2467 1506 2541 vestra,
1524 2459 1660 2526 Beatrix
1727 2523 1730 2529 Α

299 2565 476 2652 Lapietine
492 2564 534 2629 de
549 2561 717 2642 Tomaco,
733 2582 862 2647 pauper
877 2561 996 2626 mulier
1008 2560 1108 2626 vidua
1121 2571 1141 2640 ²,
1154 2561 1196 2626 de
1208 2561 1309 2626 tertio
1321 2561 1438 2627 ordine
1448 2562 1666 2631 B.Francisci·

298 2668 574 2748 mendicantium,
606 2664 797 2731 Tomacen.
829 2664 926 2746 dioc,
966 2686 1034 2729 non
1073 2664 1223 2750 professa
1250 2665 1283 2728 in
1311 2663 1442 2746 eodem,
1470 2663 1568 2751 [que]
1595 2685 1659 2731 nec

298 2775 426 2840 babent
448 2771 701 2852 monasterium,
732 2791 796 2836 nec
819 2770 924 2834 etiam
947 2769 1135 2836 decantant
1164 2769 1265 2834 horas
1295 2769 1477 2835 canonicas
1506 2770 1539 2834 in
1566 2769 1659 2835 dicto

298 2879 425 2960 ordine,
441 2879 499 2944 sed
520 2880 627 2943 solum
658 2884 693 2941 et
719 2876 915 2962 simpliciter
940 2875 1100 2941 virtutum
1117 2875 1290 2941 Altissimo
1313 2874 1507 2941 deserviunt
1529 2874 1657 2939 mendi·

298 2983 432 3063 cando;
458 3002 523 3065 que
547 2982 683 3065 quidem
707 2978 855 3058 Beatrix,
883 2980 991 3063 prima
1017 2980 1071 3044 die
1096 2981 1176 3044 anni
1199 3000 1306 3065 nuper
1324 2978 1483 3063 preteriti,
1500 2967 1657 3043 unacum

298 3087 381 3166 aliis,
407 3083 578 3171 quandam
601 3084 883 3170 supplicationem
898 3082 989 3148 dicte
1012 3083 1191 3149 Sanctitati
1216 3084 1373 3169 porrexit,
1389 3082 1431 3147 de
1447 3102 1512 3165 qua
1527 3083 1657 3146 nullam

297 3189 550 3276 responsionem
576 3188 718 3267 habuit;
745 3194 780 3251 et
804 3207 911 3271 nuper
931 3186 1032 3252 aliam
1058 3186 1090 3250 in
1117 3186 1227 3252 Ponte
1250 3186 1362 3272 Sorgie
1385 3204 1482 3271 super
1498 3184 1656 3271 hospitali

199 3330 206 3345 ·
297 3315 482 3380 pauperum
498 3292 733 3372 Daudenarde,
746 3290 829 3357 Cist.
842 3290 923 3371 ord,
939 3291 1029 3357 dicte
1044 3291 1142 3371 dioc,
1159 3291 1338 3357 Sanctitati
1351 3288 1499 3376 predicte
1508 3289 1656 3371 tradidit,

298 3399 330 3462 in
347 3419 414 3482 qua
429 3405 541 3462 vestra
557 3397 738 3463 clementia
753 3395 927 3481 respondit
947 3416 954 3460 :
971 3396 1099 3479 Querat
1115 3397 1148 3461 in
1166 3398 1278 3481 aliquo
1290 3398 1366 3461 loco
1389 3393 1557 3479 religionis
1575 3412 1656 3459 sue:

297 3509 332 3567 et
354 3500 446 3566 dieta
471 3501 585 3585 religio
609 3502 653 3566 sit
676 3521 804 3586 pauper
827 3500 1036 3580 mendicans,
1058 3500 1108 3565 nil
1132 3499 1175 3565 de
1198 3501 1334 3586 proprio
1349 3500 1489 3580 habenS,
1505 3518 1569 3564 nec
1585 3499 1656 3584 ipsa

296 3603 433 3671 Beatrix
448 3604 574 3670 habeat
590 3605 632 3671 de
648 3626 715 3689 quo
731 3605 874 3690 amplius
889 3604 994 3685 vivat,
1011 3605 1120 3689 sitque
1133 3625 1235 3669 senex
1245 3613 1279 3669 et
1290 3604 1423 3688 fragilis,
1440 3623 1481 3669 ac
1496 3604 1656 3689 expendit

296 3710 410 3775 omnia
434 3730 499 3794 que
523 3711 671 3775 habebat
695 3708 958 3774 misericordiam
983 3716 1018 3773 et
1040 3709 1184 3793 gratiam
1200 3717 1348 3773 vestram
1363 3728 1423 3793 per
1439 3728 1457 3788 9
1473 3727 1605 3772 menses
1621 3707 1654 3771 in

296 3813 386 3878 curia
411 3812 442 3879 S.
460 3812 499 3877 V.
521 3813 683 3879 continue
706 3811 931 3898 expectando,
957 3820 992 3876 et
1016 3820 1154 3897 propter
1177 3832 1312 3897 guerras
1336 3811 1447 3897 patrie
1474 3830 1514 3876 ac
1530 3810 1655 3895 ignium

295 3916 450 3981 incendia
476 3916 607 3982 nesciat
631 3915 711 4001 quid
735 3923 860 4001 petere.
878 3914 980 3981 Unde
996 3936 1091 4003 supp.
1114 3914 1205 3981 dicta
1229 3914 1374 3995 Beatrix,
1398 3922 1490 4000 quat.
1507 3914 1540 3978 in
1563 3914 1655 3979 dicto

294 4019 452 4104 hospitali
468 4040 654 4105 pauperum
670 4018 906 4100 Daudenarde,
918 4018 1000 4083 Cist.
1012 4018 1092 4099 ord,
1103 4018 1193 4084 dicte
1203 4020 1299 4099 dioc,
1312 4039 1380 4084 una
1397 4039 1473 4084 cum
1489 4018 1655 4084 sororibus

295 4122 396 4208 ipsius
419 4124 603 4210 hospitalis,
629 4124 662 4188 in
691 4144 758 4207 quo
781 4144 850 4187 non
876 4122 1102 4188 decantantur
1117 4123 1198 4187 lrore
1214 4123 1387 4203 canonice,
1411 4122 1470 4187 sed
1493 4122 1601 4187 solum
1620 4129 1654 4185 et

294 4226 490 4313 simpliciter
510 4227 586 4292 Deo
606 4236 641 4291 et
665 4227 866 4312 pauperibus
884 4225 1008 4290 ibidem
1029 4225 1249 4291 existentibus
1272 4226 1467 4307 deservitur,
1492 4225 1654 4293 mandare

294 4330 477 4415 dignemini
502 4330 609 4416 ipsam
636 4329 826 4395 Beatricem
850 4349 910 4414 per
934 4336 1061 4401 vestras
1084 4329 1213 4395 litteras
1228 4350 1270 4394 ex
1286 4338 1379 4395 certa
1394 4330 1535 4395 scientia
1551 4329 1653 4414 recipi

295 4433 328 4497 in
354 4434 481 4499 sociam
505 4443 540 4498 et
564 4455 712 4499 sororem
736 4434 779 4499 de
804 4433 968 4499 mandato
993 4441 1106 4499 vestro
1130 4434 1275 4519 speciali,
1300 4434 1427 4519 sibique
1439 4435 1536 4521 juxta
1552 4434 1654 4520 ipsius

294 4537 469 4623 hospitalis
494 4539 781 4620 consuetudinem,
807 4560 847 4604 ac
871 4538 913 4603 de
941 4538 1042 4624 ipsius
1067 4538 1243 4624 hospitalis
1268 4540 1437 4623 fructibus,
1461 4537 1653 4618 redditibus,

291 4641 427 4725 juribus,
451 4642 679 4725 proventibus,
705 4651 739 4707 et
763 4642 1023 4707 obventionibus
1047 4642 1219 4725 universis,
1245 4644 1331 4709 sicut
1347 4643 1403 4708 uni
1420 4663 1461 4707 ex
1477 4642 1551 4707 aliis
1573 4640 1654 4707 dicti

294 4744 470 4829 hospitalis
494 4746 660 4810 sororibus
684 4754 734 4810 est
761 4746 830 4811 fieri
856 4755 1065 4829 consuetum,
1092 4746 1220 4833 integre
1242 4746 1419 4837 provideri,
1435 4746 1654 4831 habitumque

328 4954 350 5001 l.
367 4952 429 4999 Voir
446 4968 470 5001 u.
488 4956 526 5003 56.
544 4984 576 4989 -
592 4958 615 5004 2.
629 4955 715 5003 l'eurc
727 4955 759 5004 dc
771 4956 836 5005 Joun
848 4956 885 5006 Le
899 4958 1005 5007 Comblc
1017 4958 1095 5021 (itaq.
1109 4959 1193 5019 Acin,
1209 4960 1245 5019 74,
1259 4958 1276 5008 f.
1290 4956 1342 5021 83.)
