3650 5675
304 477 366 541 848
790 474 876 547 1347,
900 473 998 538 20-24
1019 473 1179 548 ddeembre.

305 630 477 698 Bemardo
497 628 655 716 predictis
683 627 722 692 B.
741 624 790 692 M.
807 627 849 692 de
874 625 1056 711 Busiginau
1072 627 1231 694 ecclesias
1257 628 1455 713 predictas...
1482 629 1663 716 dignemini

304 734 489 819 providere.
506 769 540 782 -
560 730 638 798 Fiat
654 731 695 798 R.

349 838 428 904 Dat.
443 836 544 903 Avin.
562 856 579 920 3
596 856 677 901 non.
693 835 766 901 dec.
782 841 816 900 a⁰
832 839 874 900 6⁰.
890 835 960 920 (13,
979 839 1043 920 74).

362 972 652 1060 1314-1315.
1277 1005 1371 1070 1347,
1388 1007 1429 1052 20
1446 989 1620 1054 decembre.

350 1093 473 1178 Supp...
490 1091 588 1176 Rogo
603 1089 646 1155 de
665 1089 851 1174 Hangesto,
867 1089 963 1154 miles
978 1089 1181 1154 Ambianen.
1197 1089 1294 1171 dioc,
1310 1097 1401 1174 quat.
1420 1090 1608 1178 [Stephano
1622 1092 1664 1158 de

305 1196 337 1262 S.
364 1196 553 1277 Salvoloco,
577 1193 671 1281 can]
699 1195 780 1260 eccl.
813 1193 846 1259 S.
869 1191 959 1258 Petri
993 1191 1183 1274 Iirsulensis,
1203 1193 1395 1260 'Tomacem
1428 1194 1558 1278 dioc.,...
1587 1200 1664 1264 ben.

304 1302 408 1367 eccl...
425 1300 469 1366 ad
484 1301 560 1366 coll.
576 1298 742 1385 episcopi,
758 1297 888 1381 decani,
906 1298 1044 1384 capituli
1061 1305 1095 1362 et
1111 1298 1315 1383 singulorum
1331 1299 1567 1366 canonicorum
1583 1304 1664 1368 eccl.

303 1403 526 1470 Ambianen...
539 1402 727 1488 dignemini
742 1422 929 1483 reservare;
987 1418 1057 1467 non
1073 1404 1159 1468 obst.
1175 1403 1265 1486 quod
1282 1401 1370 1468 idem
1387 1402 1575 1489 Stephanus
1590 1425 1664 1472 can.

305 1513 339 1572 et
355 1508 446 1592 preb.
463 1506 497 1571 in
512 1506 604 1573 dicta
619 1506 765 1573 ecclesia
781 1505 813 1572 S.
830 1504 920 1570 Petri
937 1504 1126 1587 Insulensis,
1142 1506 1293 1592 predicte
1308 1506 1405 1587 dioc,
1418 1507 1565 1573 noscitur
1580 1511 1665 1575 obti-

305 1632 396 1692 nere,
410 1632 469 1676 seu
484 1612 575 1697 quod
591 1632 666 1679 can.
681 1619 716 1676 et
731 1613 824 1697 preb.
835 1619 924 1676 auct.
936 1609 1123 1676 litterarum
1137 1619 1320 1676 vestrarum
1337 1609 1370 1674 in
1388 1611 1468 1677 cccl.
1479 1610 1664 1678 Tornacerr.

307 1714 457 1780 noscitur
471 1723 682 1802 expectare...
700 1752 732 1763 -
753 1713 829 1780 Fiat
845 1713 886 1780 R.

353 1860 449 1922 1315-
459 1853 547 1919 110111
557 1854 751 1940 suppidem
763 1854 860 1938 Rogo
869 1853 903 1918 in
913 1872 1092 1938 personam
1103 1850 1193 1917 Petri
1203 1850 1485 1936 Juvenis,mag.iu
1496 1853 1665 1921 artibuset

306 1962 380 2025 bac.
397 1959 432 2023 in
448 1956 773 2041 medicina,rectoris
783 1955 1084 2044 parroch.ecclesie
1096 1956 1138 2021 de
1152 1953 1333 2037 Putheolis,
1344 1954 1521 2022 Belvacen.
1531 1956 1665 2037 dioc.;...

308 2083 377 2128 non
394 2065 481 2128 obst.
497 2061 587 2146 quod
611 2062 724 2146 vigore
740 2068 775 2126 et
790 2069 878 2126 auct.
894 2061 1079 2125 litterarum
1102 2067 1287 2125 vestrarum
1311 2081 1384 2125 can.
1408 2069 1443 2126 et
1467 2064 1558 2147 preb.
1582 2064 1665 2128 eccl.

309 2164 485 2250 collegiate
501 2165 533 2232 S.
546 2161 684 2230 Martini
701 2164 861 2230 Leodien.
878 2163 1116 2250 acceptaverit,
1133 2183 1273 2248 quorum
1288 2164 1532 2248 possessionem
1548 2186 1664 2252 corpo-

307 2269 411 2333 ralem
431 2267 583 2334 nondum
598 2269 711 2334 extitit
733 2276 913 2349 assecutus,
938 2268 1016 2352 quia
1031 2287 1130 2354 super
1153 2267 1216 2332 hiis
1240 2267 1280 2332 lis
1303 2267 1429 2353 pendet
1450 2267 1484 2332 in
1508 2269 1606 2334 curia.
1622 2309 1666 2317 —

309 2371 385 2437 Fiat
402 2370 442 2438 R.
1308 2393 1310 2397 ·

354 2475 433 2541 Dat.
449 2475 550 2541 Avin.
571 2496 607 2558 13
624 2473 690 2540 kal.
703 2476 834 2560 januar.
850 2483 883 2541 a⁰
900 2481 941 2540 6⁰.
959 2475 1029 2560 (13,
1047 2475 1130 2560 77').

364 2611 496 2699 1316.
1276 2641 1370 2707 1347,
1387 2644 1428 2688 ao
1445 2626 1622 2690 decembre.

354 2729 473 2817 [Motu
484 2730 637 2817 proprio]
651 2730 865 2816 providemus
877 2728 1061 2794 Guillermo
1073 2728 1115 2793 de
1127 2726 1373 2808 Cantumerula,
1385 2747 1545 2812 germano
1556 2727 1667 2795 Theo·

306 2834 399 2902 baldi
414 2833 457 2901 de
484 2833 734 2916 Cautumerula,
751 2834 901 2920 magistri
916 2832 1132 2900 eschansonis
1147 2830 1242 2899 ducis
1259 2829 1311 2919 [N
1313 2831 1516 2919 onnannie],
1531 2831 1574 2899 de
1589 2852 1665 2899 can.

309 2947 344 3004 et
359 2940 451 3023 preb.
467 2938 550 3005 0001.
567 2935 758 3004 Μο1111011...
773 2958 902 3005 100.-
919 2936 997 3003 Fiat
1012 2945 1107 3003 motu
1122 2936 1266 3022 proprio.
1280 2935 1320 3001 R.

353 3043 432 3109 Dat.
447 3042 549 3110 Avin.
568 3063 605 3127 13
621 3041 689 3109 kal.
703 3044 832 3127 januar.
849 3050 883 3108 a⁰
900 3048 942 3109 6⁰.
959 3042 1029 3127 (13,
1047 3043 1131 3125 80⁰).

365 3180 496 3266 1317.
590 3248 605 3263 .
1074 3218 1076 3225 ’
1275 3208 1371 3275 1347,
1387 3212 1429 3255 20
1445 3192 1623 3257 decembre.

356 3294 457 3363 Motu
480 3296 615 3383 proprio
637 3297 852 3384 providemus
875 3296 994 3382 Egidio
1017 3296 1059 3361 de
1081 3292 1193 3359 Lorris
1210 3311 1230 3374 ¹,
1254 3294 1417 3361 canonico
1441 3294 1609 3377 Paridem,
1625 3294 1667 3361 de

311 3420 387 3467 can.
402 3408 438 3466 et
452 3403 544 3487 preb.
561 3404 643 3468 eccl.
667 3402 785 3487 colleg.
808 3401 840 3469 S.
856 3400 1030 3481 Odomari,
1051 3400 1138 3465 dioc.
1156 3396 1335 3479 Morinen„
1350 3420 1424 3465 vac.
1450 3421 1510 3486 per
1524 3408 1667 3466 mortem

310 3505 457 3571 Alberici
482 3504 525 3571 de
552 3504 701 3588 Nizellis,
725 3506 780 3591 qui
804 3513 897 3571 extra
913 3504 1037 3570 curiam
1054 3502 1153 3568 Rom.
1169 3502 1259 3567 diem
1285 3502 1404 3569 clausit
1424 3511 1610 3569 extremum
1633 3513 1668 3570 et

309 3629 369 3696 per
383 3629 446 3675 nos
460 3615 540 3676 ante
565 3610 635 3695 ejus
651 3612 705 3676 ob.
722 3608 911 3696 specialiter
925 3607 1111 3675 reservatis.
1133 3644 1164 3655 -
1185 3604 1262 3671 Fiat
1279 3604 1318 3671 R.

354 3713 433 3779 Dat.
448 3713 549 3779 Avin.
570 3734 607 3798 13
623 3713 690 3780 kal.
703 3715 831 3799 januar.
849 3720 883 3778 a⁰
900 3717 942 3779 6⁰.
960 3712 1030 3797 (13,
1047 3712 1131 3795 82⁰).

363 3851 497 3937 1318.
1276 3880 1367 3949 1347,
1385 3885 1425 3947 14
1445 3864 1622 3929 decembre.

353 3967 453 4035 Motu
463 3968 599 4056 proprio
610 3968 825 4053 providemus
837 3968 939 4033 Petro
950 3967 992 4033 de
1002 3967 1261 4055 Champaigues,
1272 3970 1353 4037 alias
1366 3966 1566 4048 Marescalli,
1578 3966 1667 4035 dioc.

310 4072 480 4154 Parisien„
495 4071 538 4137 de
554 4091 626 4137 can.
644 4078 679 4136 et
689 4073 781 4159 preb.
798 4071 939 4138 ecclesie
955 4072 1133 4157 collegiate
1145 4072 1177 4139 S.
1193 4072 1364 4153 Odomari,
1380 4071 1466 4138 dioc.
1486 4068 1666 4153 Morinen„

308 4196 382 4243 vac.
393 4196 453 4262 per
466 4183 611 4242 mortem
626 4175 774 4241 Alberici
790 4174 834 4241 de
846 4174 880 4241 N
882 4175 1005 4240 izellis²
1019 4174 1076 4259 qui
1092 4182 1185 4241 extra
1197 4176 1322 4242 curiam
1333 4174 1430 4241 Rom.
1447 4174 1536 4239 diem
1548 4174 1667 4241 clausit

309 4286 506 4345 extremum.
528 4316 559 4327 —
582 4278 661 4344 Fiat
675 4288 772 4345 motu
786 4280 932 4366 proprio.
950 4278 990 4345 R.

352 4383 428 4448 Dat.
444 4384 544 4447 Avin.
561 4404 580 4465 9
599 4383 664 4451 kal.
678 4384 806 4468 januar.
821 4392 854 4451 a⁰
871 4388 912 4450 6⁰.
931 4384 1000 4469 (13,
1018 4386 1101 4471 74⁰).

362 4519 497 4604 1319.
1276 4552 1428 4621 1347,14
1446 4534 1621 4599 decembre.

351 4637 475 4724 Supp...
503 4659 591 4723 mag.
619 4638 794 4717 Johannes
820 4637 869 4704 Le
885 4638 949 4706 Fol
975 4638 1065 4705 dom.
1092 4639 1178 4725 regis
1202 4638 1374 4707 Francie...
1390 4636 1424 4703 in
1450 4656 1537 4723 pers.
1553 4635 1666 4701 dilecti

343 4897 364 4943 1.
376 4894 431 4944 Fils
442 4895 475 4943 de
488 4895 591 4957 Robert,
607 4862 741 4946 secretuire
752 4898 788 4945 du
799 4899 837 4947 roi
847 4897 881 4948 de
892 4899 996 4959 Freuce,
1009 4899 1065 4948 voir
1076 4912 1101 4948 n.
1113 4900 1170 4949 791.
1180 4926 1211 4935 —
1223 4898 1246 4947 1.
1258 4899 1320 4947 Voir
1330 4912 1356 4948 u.
1368 4900 1439 4948 11117.
1525 4864 1526 4867 ¹
