3650 5675
702 493 788 565 1345,
812 493 904 557 26-28
926 497 1005 559 aoirt.
1475 501 1537 565 223
1666 540 1668 544 ·

229 637 339 721 897.
1234 678 1329 742 1345,
1347 662 1388 723 26
1404 667 1491 729 aorlt.

219 756 320 843 Supp.
337 755 356 834 J
359 760 483 823 acobus
492 758 657 825 Auriiabri
669 770 687 841 ¹,
703 778 809 845 nepos
824 759 860 824 fr.
873 758 892 837 J
896 761 1004 841 acobi,
1019 760 1142 826 ordinis
1155 759 1420 846 Carmelitarum,
1431 787 1536 851 quon·

173 860 253 927 dam
284 862 447 947 capellani
476 864 588 945 vestri,
620 863 836 929 Cameracen.
867 862 965 943 dioc.,
996 863 1134 950 cupiens
1163 867 1223 929 sub
1253 866 1392 949 regulari
1419 868 1537 936 habitu

175 966 324 1031 Domino
336 965 497 1049 famulari,
514 968 693 1053 quat.dare
703 966 885 1053 dignemini
900 968 935 1031 in
949 967 1120 1033 mandatis
1131 975 1168 1032 ut
1180 967 1289 1054 ipsum
1298 970 1401 1056 recipi
1413 971 1537 1042 faciant

174 1070 210 1134 in
227 1089 299 1135 can.
315 1070 399 1136 etin
416 1071 551 1137 fratrem
578 1073 612 1138 in
636 1080 778 1139 monast.
803 1072 834 1137 S.
851 1069 1013 1137 Odeberti
1036 1070 1262 1153 Cameracen,
1279 1072 1320 1139 Ο.
1337 1074 1368 1141 S.
1392 1077 1477 1161 Aug.
1499 1115 1531 1126 -

180 1172 257 1240 Fiat
272 1174 305 1239 in
321 1174 427 1241 forma
437 1175 477 1242 R.

222 1280 299 1345 Dat.
315 1280 415 1346 Avin.
434 1298 452 1365 7
469 1280 534 1347 kal.
551 1292 636 1369 sept.
652 1290 685 1349 a⁰
700 1290 744 1369 4⁰.
762 1283 811 1366 (9,
833 1281 920 1365 159).

229 1431 340 1515 898.
1235 1470 1329 1536 1345,
1347 1453 1390 1517 28
1405 1458 1493 1519 uorat.

221 1552 320 1641 Supp.
345 1554 381 1619 fr.
407 1552 604 1620 Lambertus
619 1564 638 1636 ²,
663 1556 738 1621 abb.
754 1553 947 1621 monasterii
963 1553 1005 1619 de
1021 1553 1128 1620 Dunis
1142 1560 1165 1637 ⁸,
1182 1553 1319 1621 Cisterc.
1335 1556 1416 1639 ord.,
1434 1556 1537 1624 Mori·

175 1678 252 1721 nen.
276 1657 373 1739 dioc.,
397 1666 488 1742 quat.
504 1658 625 1741 eidem,
641 1658 697 1743 qui
720 1658 876 1744 gravibus
897 1677 1015 1722 renum
1034 1657 1282 1726 infirmitatibus
1305 1668 1356 1726 est
1370 1660 1537 1745 detentus

175 1759 262 1827 adeo
273 1761 364 1846 quod
374 1762 436 1848 ipsi
449 1762 651 1849 supplicanti
663 1763 739 1828 loca
751 1762 880 1828 diversa
893 1782 954 1848 pro
966 1763 1032 1828 suis
1044 1771 1078 1828 et
1091 1764 1214 1829 ordinis
1224 1765 1368 1850 negotiis
1378 1767 1537 1849 visitanti,

176 1865 344 1932 lacticinia
360 1874 395 1931 et
411 1866 534 1933 ordinis
550 1868 614 1933 alia
630 1868 761 1948 cibaria,
775 1867 871 1952 juxta
891 1867 1097 1934 medicorum
1110 1868 1282 1954 judicium,
1295 1877 1373 1936 sunt
1395 1872 1537 1952 nociva;

178 1977 215 2035 ut
230 1970 310 2055 ipse,
326 1971 516 2057 ubicunque
532 1972 592 2037 sibi
620 1972 827 2059 prospexerit
854 1972 1022 2058 expedire,
1039 1973 1192 2039 carnibus
1216 1974 1322 2061 possit
1347 1975 1406 2056 uti,
1422 1976 1539 2042 diebus

177 2082 294 2139 tamen
304 2074 384 2140 alias
399 2074 411 2111 *³
427 2075 550 2143 adhoc
566 2077 674 2159 licitis,
691 2076 873 2161 dignemini
900 2077 1081 2164 indulgere,
1097 2079 1232 2144 statutis
1258 2079 1339 2145 dicti
1364 2080 1488 2147 ordinis
1503 2089 1538 2146 et

178 2178 428 2264 quibuscunque
443 2180 515 2245 aliis
530 2202 598 2247 non
615 2180 834 2248 obstantibus.
851 2218 883 2229 -
904 2181 982 2249 Fiat
999 2182 1039 2249 R.
1447 2188 1450 2193 ’

222 2281 302 2349 Dat.
318 2284 417 2350 Avin.
436 2302 452 2369 5
470 2283 535 2351 kal.
552 2293 636 2373 sept.
653 2292 686 2351 a⁰
702 2292 745 2370 4⁰.
762 2286 809 2366 (9,
830 2288 930 2371 160l).

230 2435 342 2520 899.
1240 2468 1259 2512 1
1349 2450 1493 2514 28110111.

221 2555 322 2641 Supp.
339 2554 527 2621 Bernardus
541 2555 584 2622 de
597 2555 626 2619 V
628 2556 803 2637 entodoro,
815 2553 1033 2638 Burdegalen.
1044 2559 1079 2616 et
1089 2467 1536 2618 Cameracessseeclesiarum

176 2680 263 2741 can,
279 2668 370 2745 quat.
386 2660 448 2727 sibi
463 2659 633 2747 indulgere
650 2659 831 2745 dignemini
849 2657 940 2744 quod
955 2658 1026 2743 ipse
1042 2655 1226 2721 insistendo
1242 2656 1425 2722 scolasticis
1439 2656 1537 2722 disci-

176 2763 277 2853 plinis
292 2762 327 2829 iu
342 2765 420 2831 loco
435 2765 490 2829 ubi
506 2765 652 2831 studium
667 2764 779 2851 vigeat
794 2763 949 2851 generale
964 2761 1018 2827 vel
1034 2760 1068 2825 in
1078 2760 1167 2825 curia
1182 2758 1367 2842 residend0,
1380 2760 1537 2825 fructus...

178 2869 351 2957 percipere
366 2870 489 2936 valeat.
506 2911 549 2921 -
566 2869 642 2937 Fiat
657 2870 701 2936 ad
716 2867 980 2956 quinquennium
997 2864 1037 2931 R.

224 2974 302 3040 Dat.
317 2975 418 3040 Avin.
437 2995 452 3059 5
470 2973 536 3041 kal.
552 2985 636 3062 sept.
653 2983 686 3040 a.»
702 2984 745 3061 4⁰.
763 2976 811 3059 (9,
833 2974 920 3058 161).

231 3124 349 3210 900.
1002 3088 1004 3091 ¹
1236 3153 1331 3217 1345,
1348 3136 1391 3198 28
1405 3140 1493 3202 coiit.

222 3245 322 3332 Supp.
341 3243 487 3331 H(ugo),
501 3241 551 3307 tit.
569 3241 600 3306 S.
617 3240 787 3307 Laurentii
803 3241 836 3305 in
854 3239 1015 3319 Damaso,
1033 3240 1141 3325 presb.
1160 3236 1248 3303 card.
1264 3247 1284 3320 ³,
1306 3247 1398 3322 quat.
1419 3238 1537 3326 [famil.

176 3359 212 3415 et
228 3350 388 3416 continuo
404 3346 621 3414 commensali
638 3367 678 3412 ac
695 3343 845 3412 servitori
861 3364 922 3410 suo
934 3343 1106 3430 Stephano
1122 3341 1244 3429 Ruphi,
1262 3342 1356 3430 cler]
1371 3342 1537 3411 Morinen.

175 3452 274 3532 dioc.,
304 3451 347 3517 de
377 3459 473 3518 sexta
498 3451 654 3535 portione
685 3449 754 3515 sive
785 3458 879 3534 parte
910 3449 1062 3537 parroch.
1086 3449 1168 3514 eccl.
1195 3448 1227 3514 S.
1245 3447 1423 3515 Michaelis
1448 3451 1538 3516 Gan-

175 3555 296 3636 deusis,
313 3555 341 3620 Τ
343 3575 501 3622 ornacen.
517 3554 615 3636 dioc.,
632 3574 692 3641 per
707 3553 852 3638 quinque
877 3563 1033 3636 rectores,
1061 3574 1201 3638 quorum
1217 3574 1301 3618 unus
1323 3553 1406 3620 duas
1425 3563 1539 3641 partes

175 3661 246 3725 sive
261 3660 432 3746 portiones
447 3659 549 3747 ipsius
562 3660 644 3725 eccl.
658 3659 798 3739 obtinet,
809 3659 906 3724 solite
916 3658 1099 3744 gubernari,
1111 3679 1183 3724 vac.
1197 3659 1287 3744 apud
1302 3657 1417 3723 sedem
1430 3667 1538 3745 apost.

176 3785 238 3850 pro
253 3785 295 3830 eo
307 3764 398 3849 quod
413 3762 432 3841 J
436 3763 586 3830 ohannes
613 3761 805 3847 Bourgeois,
828 3763 908 3828 olim
935 3762 1036 3848 ipsius
1061 3763 1142 3826 eccl.
1158 3769 1277 3840 rector,
1294 3761 1539 3846 possessionem

176 3867 351 3955 pacificam
367 3868 521 3954 parroch.
538 3867 678 3934 ecclesie
695 3867 726 3933 S.
743 3865 905 3953 Stephani
928 3864 1116 3946 Insulensis,
1132 3863 1318 3930 Tomacen.
1333 3864 1432 3946 dioc.,
1449 3872 1538 3931 auct.

179 3972 365 4038 litterarum
380 3980 563 4037 vestrarum
589 3980 640 4039 est
662 3970 802 4057 pacifice
828 3976 1021 4051 assecutus;
1047 3969 1140 4054 cujus
1163 3977 1258 4034 sexte
1282 3967 1444 4054 portionis
1470 3970 1539 4034 sive

178 4076 282 4163 partis
297 4076 388 4142 dicte
404 4076 485 4142 eccl.
503 4076 534 4142 S.
553 4073 729 4141 Michaelis
740 4075 908 4142 fructus...
924 4084 959 4140 et
974 4082 1156 4161 proventus
1185 4090 1225 4157 50
1251 4072 1307 4138 lib.
1331 4093 1424 4160 parv.
1449 4070 1538 4155 Tur,

179 4201 246 4247 sec.
261 4189 331 4248 tax.
348 4181 488 4262 decime,
509 4181 658 4247 valorem
675 4200 823 4246 annuum
845 4199 912 4245 non
929 4177 1105 4259 excedunt,
1119 4175 1228 4242 eidem
1242 4176 1414 4263 Stephano
1425 4176 1539 4262 digne-

178 4284 261 4350 mini
276 4285 451 4372 providere
466 4309 474 4365 ;
498 4305 568 4351 non
585 4284 777 4369 obst.'quod
792 4305 864 4351 can.
881 4291 917 4348 et
935 4286 1026 4368 preb.
1053 4282 1087 4346 in
1114 4281 1195 4347 eccl.
1212 4280 1243 4346 S.
1261 4279 1310 4346 M.
1327 4279 1538 4362 Casletensis,

178 4389 269 4455 dicte
286 4391 452 4456 Morinen.
468 4390 566 4472 dioc.,
584 4390 734 4456 obtinere
750 4397 917 4454 noscatur.
934 4425 976 4437 -
994 4384 1069 4452 Fiat
1086 4384 1126 4450 R.
1530 4391 1537 4400 ’

224 4493 301 4560 Dat.
317 4495 416 4560 Avin.
436 4515 451 4578 5
469 4493 534 4560 kal.
551 4503 635 4581 sept.
651 4502 684 4559 a⁰
700 4502 742 4578 4⁰.
760 4495 808 4578 (9,
830 4493 917 4577 163).

213 4683 241 4745 a)
258 4683 314 4732 (hd.
329 4683 407 4732 Dinis.
422 4711 451 4717 -
463 4683 492 4743 u)
509 4683 566 4732 rur.
578 4684 649 4732 nitri.

215 4887 236 4934 l.
249 4887 323 4935 Cette
335 4886 470 4948 supplique
481 4891 518 4934 eet
532 4887 554 4935 le
566 4884 685 4934 correctis
701 4884 733 4932 de
751 4885 855 4934 l'erreur
871 4881 983 4945 signorm
1001 4882 1058 4945 plus
1068 4883 1132 4930 haut.
1145 4898 1151 4939 ;
1163 4882 1217 4931 voir
1229 4896 1254 4932 n.
1266 4884 1320 4931 827.
1332 4911 1364 4919 -
1376 4885 1398 4932 2.
1408 4883 1536 4945 Lambert,

178 4959 246 5009 abur
257 4960 302 5010 dte
317 4961 408 5012 Duncu.
423 4962 558 5016 131u-1354
572 4960 657 5023 ((r'ull.
670 4959 764 5018 clerici,
777 4959 806 5018 V,
819 4961 858 5007 291
862 4959 887 5020 t).
900 4957 1184 5018 —3.11ugucslloger.
