3650 5675
705 533 792 605 1349,
816 532 851 596 15
870 531 998 613 janvier.
1469 541 1532 606 899

171 685 272 743 antea
288 678 488 764 recipientes
502 689 538 746 et
552 682 707 748 levantes
722 681 917 747 firmitatem
934 683 968 747 in
984 682 1122 749 civitate
1139 684 1291 769 predicta
1302 690 1533 755 excommuni-

169 781 313 847 cationis
327 784 532 849 sententiam
548 785 714 851 incurrere
728 784 835 851 voluit
851 785 925 871 ipso
948 785 1048 868 facto,
1064 793 1165 873 prout
1178 788 1244 854 hec
1267 796 1338 854 tam
1365 790 1399 856 in
1415 793 1534 860 litteris

170 885 364 970 apostolicis
379 907 478 973 super
500 888 567 954 hoc
593 889 767 969 confectis,
794 909 896 974 quam
922 889 957 954 in
982 910 1066 975 pace
1088 889 1178 957 facta
1204 912 1304 977 super
1327 893 1533 962 dissentione

168 987 319 1073 predicta
333 989 464 1075 plenius
479 993 680 1059 continetur.
696 992 831 1074 Verum,
854 1000 951 1079 pater
973 993 1191 1074 sanctissime,
1207 996 1300 1079 gravi
1325 1018 1431 1083 nuper
1445 999 1539 1076 inter¹

168 1091 296 1157 dictum
321 1092 562 1179 Engelbertum
577 1097 774 1184 episcopum
789 1104 825 1162 et
847 1097 1017 1181 adjutores
1037 1096 1185 1181 ejusdem
1210 1118 1252 1163 ex
1276 1107 1372 1185 parte
1396 1121 1473 1183 una,
1497 1111 1532 1168 et

169 1194 316 1282 prefatos
338 1198 431 1264 cives
454 1207 490 1265 et
514 1201 562 1266 eis
588 1201 622 1266 in
647 1202 711 1267 hac
737 1209 833 1288 parte
857 1200 1067 1282 adherentes
1092 1200 1299 1268 dissensione
1325 1207 1471 1286 suborta,
1497 1215 1532 1272 et

169 1320 285 1384 guerra
301 1299 377 1366 forti
405 1322 446 1369 ac
469 1303 658 1387 miserabili,
683 1305 776 1392 pacis
803 1305 916 1370 emulo
942 1313 1154 1390 procurante,
1179 1306 1303 1372 diutius
1326 1317 1422 1374 mota
1446 1309 1533 1374 inter

170 1403 269 1488 ipsos,
285 1402 506 1490 dampnisque
521 1407 672 1494 plurimis
687 1409 766 1474 hinc
782 1408 860 1474 inde
883 1408 995 1489 illatis,
1020 1408 1156 1474 tandem
1171 1407 1233 1474 fuit
1256 1429 1322 1496 pax
1338 1419 1373 1476 et
1394 1432 1532 1479 coneor-

168 1505 224 1571 dia
240 1506 409 1588 intereos,
425 1517 563 1576 auctore
577 1511 672 1597 pacis
687 1520 820 1597 agente,
843 1511 1023 1577 reformata
1037 1533 1047 1592 ς
1063 1511 1097 1576 in
1113 1531 1189 1596 qua,
1216 1512 1304 1578 inter
1329 1514 1404 1592 alia,
1431 1515 1532 1580 iidem

168 1617 269 1698 cives,
285 1637 345 1704 pro
361 1615 496 1702 aliquali
512 1615 724 1682 restitutione
740 1623 775 1682 et
797 1615 1041 1682 restauratione
1062 1614 1287 1701 dampnorum
1310 1617 1419 1684 eidem
1448 1620 1533 1706 epis-

169 1740 258 1806 copo
274 1721 407 1806 suisque
422 1719 630 1806 adjutoribus
653 1727 779 1786 certam
804 1740 972 1784 summam
987 1718 1130 1806 pecunie
1155 1719 1249 1785 dicto
1275 1720 1435 1808 episeopo
1459 1743 1532 1808 per·

167 1824 364 1890 solvendam
387 1824 621 1912 promiserunt,
650 1823 843 1908 quamdicti
871 1823 972 1905 cives,
989 1844 1030 1888 ex
1052 1843 1171 1908 guerra
1186 1822 1337 1910 predicta
1351 1825 1531 1911 plurimum

167 1928 396 2015 depauperati,
423 1928 613 2015 persolvere
635 1935 818 2013 nequeunt,
843 1927 906 1993 nisi
933 1926 977 1993 ad
1003 1925 1129 1993 dictam
1154 1927 1348 1993 firmitatem
1378 1929 1411 1993 in
1438 1929 1530 1996 dicta

168 2032 307 2098 civitate
331 2031 512 2098 levandam
539 2041 735 2098 recurratur.
773 2031 818 2096 Et
844 2031 923 2116 quia
959 2051 1021 2121 pro
1053 2030 1248 2097 defensione
1282 2031 1407 2117 jurium
1440 2032 1530 2098 dicte

168 2135 311 2203 ecclesie
335 2136 425 2203 idem
455 2135 632 2223 episcopus
661 2135 695 2200 in
721 2135 911 2220 hujusmodi
941 2155 1059 2219 guerra
1082 2134 1278 2220 gravissima
1305 2136 1405 2202 subiit
1428 2157 1531 2202 onera

168 2260 401 2326 expensarum,
418 2240 551 2324 suisque
572 2237 755 2305 redditibus
778 2238 951 2324 spoliatus,
967 2238 1081 2304 debita
1097 2237 1159 2304 sibi
1183 2238 1418 2305 intollerabilia
1441 2241 1530 2326 apud

167 2343 319 2409 diversos
334 2343 502 2410 contraxit
517 2342 710 2425 creditores,
733 2342 845 2429 plures
867 2363 1001 2427 quoque
1024 2341 1153 2407 nobiles
1176 2348 1211 2407 et
1237 2341 1304 2423 alii,
1329 2341 1385 2426 qui
1410 2343 1471 2408 sibi
1496 2351 1530 2408 et

167 2446 311 2512 ecclesie
326 2445 359 2511 in
376 2446 566 2531 hujusmodi
589 2432 707 2532 guerra
729 2447 924 2527 servierunt,
948 2454 1087 2532 propter
1109 2445 1257 2532 dampna
1279 2447 1393 2530 gravia
1416 2467 1482 2531 que
1496 2447 1529 2510 in

167 2549 236 2614 suis
261 2549 387 2631 castris
403 2549 571 2617 fortalitiis
593 2558 628 2615 et
654 2550 751 2615 bonis
767 2549 841 2615 aliis
864 2556 1074 2635 receperunt,
1101 2548 1266 2615 invadunt
1293 2549 1470 2615 ecclesiam
1496 2557 1531 2614 et

167 2652 313 2740 patriam
329 2651 489 2719 Leodien.
505 2654 639 2735 cotidie,
656 2662 691 2719 et
707 2653 869 2720 invadere
894 2653 1047 2719 nituntur
1073 2651 1187 2738 spoliis
1213 2659 1248 2718 et
1274 2652 1407 2738 rapinis,
1435 2661 1471 2718 et
1495 2675 1530 2718 se

168 2757 368 2823 subtrahunt
384 2779 404 2822 a
420 2759 557 2824 servitio
571 2767 607 2824 et
621 2758 787 2845 adjutorio
797 2757 945 2845 episcopi
959 2763 994 2822 et
1003 2756 1144 2822 ecclesie
1159 2753 1395 2843 predictorum,
1411 2755 1531 2841 quibus

168 2862 318 2948 prefatus
333 2862 510 2949 episcopus
523 2863 804 2929 restaurationem
829 2862 873 2927 de
898 2862 998 2928 dietis
1024 2860 1181 2947 dampnis
1207 2858 1317 2925 facere
1340 2860 1467 2945 nequit,
1492 2870 1530 2927 ut

169 2972 315 3048 tenetur,
329 2966 392 3032 nisi
408 2965 519 3032 eidem
541 2966 703 3054 episcopo
729 2966 771 3032 de
795 2964 985 3053 hujusmodi
1011 2964 1155 3053 pecunia
1179 2966 1222 3031 ab
1249 2963 1376 3031 eisdem
1403 2964 1531 3030 civibus

169 3069 336 3150 satisfiat;
355 3077 573 3156 propterque
595 3070 726 3155 prefata
748 3069 890 3135 ecclesia
912 3075 949 3134 et
963 3076 1037 3135 tota
1064 3067 1173 3155 patria
1198 3065 1359 3135 Leodien.
1383 3067 1530 3153 pluribus

168 3172 344 3259 subjacent
367 3172 534 3258 periculis,
555 3181 590 3239 et
614 3173 741 3258 maiora
768 3171 990 3239 verisimiliter
1013 3171 1215 3253 discrimina,
1240 3171 1302 3236 nisi
1330 3179 1530 3251 occurratur,

168 3275 325 3360 subsequi
341 3275 571 3343 formidantur.
594 3276 707 3360 Quare
723 3276 889 3362 supplicat
914 3275 1101 3341 humillime
1121 3274 1231 3341 dictus
1257 3274 1434 3362 episcopus
1449 3295 1530 3359 qua·

168 3387 278 3460 tenus,
293 3378 358 3445 hec
380 3388 416 3445 et
441 3380 508 3445 alia
532 3388 675 3467 patema
698 3378 968 3445 consideratione
994 3386 1184 3464 pensantes,
1211 3380 1302 3463 quod
1322 3378 1530 3463 juramentis,

169 3482 276 3570 penis,
291 3484 436 3564 statutis,
447 3483 731 3566 submissionibus,
741 3483 927 3564 sententiis,
943 3482 1216 3567 promissionibus
1225 3491 1260 3548 et
1272 3481 1531 3566 obligationibus

167 3585 376 3673 supradictis,
392 3607 525 3653 necnon
541 3586 791 3674 impedimentis
805 3586 879 3652 aliis
893 3587 1157 3671 quibuscumque
1169 3606 1381 3670 nequaquam
1397 3587 1531 3650 obstan·

168 3688 270 3771 tibus,
285 3690 392 3776 possit
407 3688 499 3757 dicta
514 3690 656 3756 firmitas
666 3711 771 3775 usque
787 3690 831 3755 ad
845 3710 1013 3756 summam
1028 3688 1113 3753 ΧΗ·
1125 3689 1217 3754 milia
1230 3687 1445 3753 scudatorum
1462 3688 1530 3751 auri

170 3792 206 3857 in
222 3791 359 3859 civitate
374 3793 526 3879 predicta
542 3793 658 3861 tandiu
672 3794 777 3860 levari
793 3814 966 3879 quousque
988 3792 1153 3859 duntaxat
1176 3791 1289 3856 haberi
1313 3789 1426 3855 valeat
1440 3788 1532 3853 dicta

169 3916 301 3962 summa
315 3896 523 3963 restituenda
550 3905 585 3963 et
607 3896 831 3984 persolvenda
855 3896 965 3962 eidem
980 3897 1141 3982 episcopo
1167 3894 1299 3979 suisque
1326 3892 1533 3977 adjutoribus

170 3998 378 4085 supradictis,
400 4000 605 4086 computatis
629 4000 782 4087 expensis
803 4021 886 4085 quas
911 4020 973 4087 pro
999 4000 1070 4086 ipsa
1096 3998 1255 4063 firmitate
1282 3995 1470 4080 colligenda
1497 4004 1532 4061 et

170 4104 329 4169 lrabenda
344 4104 414 4169 fieri
431 4105 602 4191 oportebit
616 4127 625 4185 ς
642 4106 691 4171 ita
713 4104 920 4190 quodquam
937 4104 1006 4170 cito
1029 4104 1140 4168 levata
1155 4101 1253 4166 fuerit
1275 4101 1366 4166 dicta
1389 4120 1530 4180 summa,

170 4205 219 4270 nil
241 4226 284 4270 ex
306 4213 388 4272 tunc
413 4216 578 4295 perpetuo
602 4208 705 4295 recipi
730 4208 852 4275 debeat
878 4210 966 4273 ultra
997 4228 1083 4287 eam,
1108 4204 1301 4290 dignemini,
1329 4203 1531 4269 auctoritate

170 4308 372 4396 apostolica,
391 4331 468 4376 cum
491 4311 646 4377 omnibus
668 4332 809 4396 quorum
832 4312 970 4377 interest
990 4309 1247 4376 misericorditer
1272 4308 1473 4392 dispensare.
1488 4346 1531 4357 -

171 4410 251 4478 Fiat
266 4432 370 4498 usque
386 4413 430 4479 ad
444 4414 571 4481 dictam
586 4436 755 4481 summam
769 4414 813 4480 ad
828 4414 933 4480 instar
948 4413 1028 4479 dicti
1045 4410 1287 4500 predecessoris
1303 4410 1420 4475 nostri.
1438 4409 1476 4475 lt

216 4514 295 4581 Dat.
312 4516 411 4582 Avin.
431 4519 468 4583 18
485 4517 550 4583 kal.
566 4517 647 4586 febr.
664 4526 697 4584 a⁰
713 4526 754 4603 7⁰.
770 4520 838 4603 (16,
859 4538 918 4601 104
934 4538 943 4596 ;
963 4522 1014 4600 17,
1035 4520 1135 4601 1981).

227 4652 538 4741 1483-1484.
1180 4682 1276 4748 1349,
1293 4680 1334 4744 15
1343 4660 1489 4743 janvrer.

217 4771 319 4862 Supp.
334 4772 456 4855 Guido,
479 4774 532 4841 tit.
548 4774 580 4841 S.
597 4773 721 4840 Ceeilie
748 4775 857 4861 presb.
882 4770 982 4852 card,
1011 4778 1103 4871 quat.
1125 4766 1299 4834 Dalmatio
1324 4765 1496 4832 lamberti
1513 4774 1534 4847 ¹,

208 4980 230 5028 l.
241 4978 303 5028 Voir
314 4994 340 5029 n.
353 4981 406 5041 153,
420 4982 489 5042 1197,
503 4982 573 5031 1260.
