3650 5675
290 435 350 499 812
806 430 901 503 11317,
925 427 1128 494 12161111.

347 586 480 669 1191.
1342 611 1439 678 1347,
1456 617 1497 660 22
1514 601 1610 664 avril.

339 704 440 790 Supp.
458 703 612 781 Karolus,
629 700 859 767 Romanorum
874 706 910 764 et
926 697 1064 764 Boemie
1080 718 1139 761 rex
1155 707 1173 777 ¹,
1190 705 1281 781 quat.
1297 699 1358 764 sibi
1375 701 1410 764 in
1426 722 1511 786 pers.
1528 701 1547 780 J
1550 705 1655 769 obau-

293 808 348 872 nis
359 807 439 872 dicti
457 803 664 885 Buckclken,
680 805 789 889 presb.
806 801 967 868 Leodien.
983 801 1080 879 dioc,
1097 821 1186 885 spec.
1211 821 1258 885 gr.
1284 800 1455 884 facientes,
1480 809 1556 872 ben.
1573 807 1654 873 eccl.

295 932 324 976 c.
340 932 369 976 c.
386 910 440 974 vel
456 931 480 974 s.
497 930 537 990 c.,
554 915 712 994 spectans
728 908 772 972 ad
784 906 1045 972 collationem...
1061 903 1134 969 (111.
1151 913 1185 969 11
1201 925 1276 989 cap.
1292 906 1374 972 eccl.
1391 907 1610 992 Coloniensis,
1627 911 1654 976 si

294 1013 385 1098 quod
399 1014 433 1077 111
449 1013 569 1079 eadem
594 1014 688 1092 eccl,
716 1009 847 1075 etiamsi
873 1028 947 1077 can.
964 1014 999 1071 et
1022 1010 1114 1092 preb.
1131 1006 1346 1073 sacerdotalis
1368 1013 1500 1094 existat,
1516 1033 1556 1079 ac
1583 1013 1650 1101 [in]

248 1159 252 1164 -
294 1116 358 1182 civ.
373 1118 428 1182 vel
444 1117 531 1181 dioc.
547 1114 721 1180 Colonien.
737 1121 838 1181 vacat
857 1112 902 1179 ad
916 1131 1053 1198 presens
1065 1111 1118 1174 vel
1132 1131 1208 1176 cum
1221 1113 1402 1194 vacaverit,
1416 1114 1653 1181 conferendum

286 1221 404 1287 eidem
419 1224 538 1306 presb,
555 1220 731 1287 donationi
743 1226 856 1303 apost.
881 1215 1064 1301 dignemini
1091 1236 1269 1282 reservare.
1285 1257 1328 1266 —
1356 1216 1431 1283 Fiat
1447 1239 1551 1303 usque
1578 1229 1653 1300 etc,

292 1325 440 1390 etiamsi
457 1345 531 1390 can.
548 1333 582 1389 et
597 1325 690 1410 preb.
707 1321 935 1389 sacerdotalis
950 1319 993 1386 R.

337 1428 415 1493 Dat.
431 1430 532 1493 Avin.
554 1449 591 1493 10
607 1427 674 1492 kal.
690 1427 769 1494 maii
785 1433 818 1492 a⁰
835 1433 877 1510 5⁰.
895 1425 967 1508 (10,
989 1426 1075 1509 146).

347 1565 480 1649 1192.
1338 1595 1433 1659 1347,
1451 1598 1491 1640 22
1511 1579 1607 1642 avril.

335 1683 436 1769 Supp.
453 1682 629 1761 Johauues
645 1680 753 1746 dictus
768 1681 810 1746 de
827 1679 1088 1764 Brandemborg,
1102 1681 1179 1746 cler.
1191 1679 1351 1746 Leodien.
1367 1680 1465 1760 dioc,
1482 1681 1652 1765 quondam

289 1787 432 1851 servitor
446 1789 526 1851 bon.
541 1807 642 1851 mem.
658 1785 743 1870 regis
759 1784 898 1852 Boemie
914 1803 935 1866 ²,
955 1785 1046 1869 quod
1069 1785 1149 1850 olim
1165 1805 1279 1850 secum
1295 1805 1392 1870 super
1407 1784 1472 1850 def.
1487 1786 1651 1850 natalium

290 1911 391 1972 quem
407 1891 534 1975 patitur
549 1889 591 1954 de
607 1889 718 1954 soluto
732 1891 864 1973 genitus
879 1898 915 1954 11
931 1892 1050 1969 soluta,
1069 1889 1168 1973 qnod,
1185 1887 1374 1971 hujusmodi
1390 1907 1458 1954 non
1475 1891 1560 1954 obst.
1576 1890 1651 1970 def,

289 1993 396 2078 possit
411 1994 453 2059 ad
469 2014 587 2058 omnes
603 1993 735 2058 ordines
747 1993 935 2078 promoveri
953 2000 988 2056 et
1003 1993 1084 2057 eccl.
1100 1995 1176 2057 ben.
1193 1993 1354 2073 obtinere,
1371 1992 1473 2057 etiam
1494 1993 1520 2060 si
1537 2014 1651 2059 curam

290 2097 477 2162 animarum
503 2097 652 2176 haberet,
670 2095 730 2162 fuit
758 2104 846 2161 auct.
870 2105 978 2181 apost.
1002 2097 1252 2181 dispeusatnm3
1279 2097 1370 2181 cujus
1396 2095 1653 2182 dispensationis

288 2200 403 2284 vigore
419 2221 492 2266 can.
509 2208 544 2264 et
560 2201 651 2284 preb.
668 2199 750 2264 eccl.
767 2199 798 2264 S.
817 2197 866 2264 M.
882 2189 1059 2283 Aquensis,
1076 2200 1166 2265 dicte
1182 2199 1279 2281 dioc,
1296 2199 1357 2266 fuit
1384 2201 1548 2266 canonice
1564 2222 1652 2266 assc-

290 2312 386 2369 cutus
398 2327 408 2384 ;
437 2317 528 2388 quat.
556 2324 633 2368 cum
659 2303 789 2382 eodem,
818 2302 917 2385 quod.
944 2302 1079 2368 defectu
1106 2303 1268 2388 predicto,
1296 2322 1428 2368 necnon
1455 2324 1652 2388 quacunque

289 2407 531 2472 constitutione
559 2405 728 2472 contraria
754 2426 968 2489 nequaquam
996 2408 1092 2485 obst,
1117 2407 1222 2490 possit
1248 2406 1315 2472 duo
1332 2407 1397 2472 alia
1420 2411 1496 2473 ben.
1513 2429 1571 2473 seu
1595 2409 1651 2474 off.

288 2510 370 2576 eccl.
386 2511 431 2576 ad
455 2510 601 2575 invicem
616 2531 652 2574 se
669 2509 919 2595 compatientia,
937 2510 1040 2588 etiam
1057 2509 1083 2574 si
1100 2530 1214 2575 eorum
1241 2510 1376 2593 aliquod
1391 2510 1480 2596 dign.
1496 2513 1550 2576 vel
1566 2533 1652 2598 pers.

287 2622 346 2680 aut
362 2614 418 2678 off.
434 2614 557 2678 existat
573 2621 608 2678 et
632 2634 746 2679 curam
763 2612 888 2678 habeat
911 2613 1110 2693 animarum,
1127 2613 1153 2677 si
1176 2614 1236 2679 sibi
1258 2613 1342 2679 alias
1358 2617 1530 2696 canonice,
1547 2616 1651 2682 etiam

287 2738 348 2803 per
363 2718 565 2783 electionem
583 2718 806 2796 conferantur,
831 2717 933 2781 libere
961 2717 1108 2801 recipere
1139 2725 1174 2781 et
1203 2717 1295 2783 licite
1319 2717 1486 2797 retinere;
1514 2719 1651 2804 ipsaque

287 2822 452 2888 beneficia
469 2821 523 2885 vel
539 2842 655 2886 eorum
671 2821 792 2904 aliqua,
810 2820 966 2903 quotiens
982 2842 1065 2906 opus
1083 2821 1179 2885 fuerit
1206 2829 1239 2885 11
1256 2822 1317 2887 sibi
1333 2822 1500 2889 videbitur
1516 2832 1651 2909 oportu-

287 2947 379 3006 num,
406 2933 606 3009 permutare,
634 2932 669 2989 et
693 2924 783 3008 quod
807 2924 849 2989 de
875 2924 940 2991 def.
957 2925 1145 3009 hujusmodi
1164 2925 1196 2989 in
1213 2926 1376 3010 aliquibus
1391 2947 1452 3011 pro
1467 2948 1509 2992 eo
1524 2929 1577 2991 vel
1593 2948 1652 3012 per

288 3050 366 3093 eum
381 3028 424 3092 de
440 3035 553 3092 cetero
568 3028 681 3111 gratiis
697 3026 914 3112 impetrandis
929 3048 998 3092 non
1015 3036 1169 3093 teneatur
1192 3028 1300 3094 facere
1323 3030 1542 3111 mentionem,
1563 3038 1651 3095 auct.

288 3139 396 3216 apost.
412 3130 595 3215 dignemini
612 3130 814 3216 dispensare.
827 3172 871 3180 —
887 3129 964 3195 Fiat
982 3131 1021 3195 R.

335 3234 414 3299 Dat.
430 3235 530 3300 Avin.
551 3256 589 3300 10
604 3233 672 3300 kal.
688 3235 765 3301 maii
786 3242 820 3300 a⁰
840 3244 882 3319 5⁰.
900 3236 971 3319 (10,
993 3238 1068 3319 146)

342 3374 479 3459 1193.
1340 3403 1435 3469 1347,
1452 3386 1494 3449 26
1510 3387 1607 3450 avril.

333 3492 421 3577 Sign.
446 3491 573 3571 Petrus,
589 3498 687 3555 natus
708 3489 870 3555 Ghiselini
887 3492 929 3556 de
947 3488 1104 3569 Rollari0,
1121 3490 1198 3555 cler.
1215 3488 1401 3554 Tomacen.
1420 3488 1507 3553 dioc.
1524 3498 1544 3569 ³,
1560 3488 1651 3572 quod

289 3594 370 3659 olim
386 3616 463 3661 cum
480 3596 552 3681 ipso
569 3594 670 3659 Petro
685 3615 783 3679 super
798 3593 863 3658 def.
879 3593 1051 3673 natalium,
1076 3614 1176 3676 quem
1191 3592 1318 3678 patitur
1333 3591 1375 3658 de
1391 3592 1503 3656 soluto
1518 3592 1651 3676 genitus

288 3707 323 3762 et
353 3699 474 3780 soluta,
505 3697 596 3782 quod
625 3698 813 3783 hujusmodi
845 3719 914 3763 non
947 3700 1031 3762 obst.
1063 3697 1128 3763 (111.
1153 3705 1267 3781 posset
1293 3696 1336 3761 ad
1365 3716 1483 3761 omnes
1519 3696 1650 3761 ordines

288 3803 478 3886 promoveri
494 3810 529 3866 et
544 3802 626 3867 eccl.
648 3804 723 3867 ben.
743 3801 907 3882 obtinere,
925 3801 1028 3865 etiam
1045 3802 1069 3865 si
1088 3821 1203 3865 curam
1218 3800 1357 3865 haberet
1373 3800 1571 3880 animarum,
1588 3799 1650 3864 fuit

288 3915 376 3971 auct.
392 3914 500 3992 apost.
516 3905 765 3990 dispensatum
790 3906 883 3989 crqus
897 3904 1154 3989 dispensationis
1170 3904 1283 3987 vigore
1300 3923 1373 3968 can.
1389 3906 1449 3967 sub
1466 3924 1540 3989 exp.
1556 3904 1648 3987 preb.

287 4011 369 4076 eccl.
385 4008 626 4091 Thoralteusis,
642 4009 732 4074 dicte
755 4010 852 4090 dioc,
876 4010 1039 4075 canonice
1058 4008 1183 4095 [eidem
1201 4006 1318 4093 Petro]
1338 4007 1399 4071 fuit
1414 4008 1593 4093 provisum,
1606 4006 1650 4071 de

287 4115 407 4197 quibus
436 4116 564 4178 nullum
589 4112 700 4179 adhuc
725 4114 941 4179 commodum
968 4113 1081 4177 extitit
1107 4120 1300 4190 assecutus;
1332 4131 1426 4197 supp.
1454 4117 1554 4193 quat,
1582 4110 1649 4176 (111.

286 4217 439 4303 predicto
453 4239 494 4284 ac
520 4218 685 4299 omnibns,
700 4239 835 4285 necnon
851 4238 1051 4302 quacunque
1073 4216 1314 4282 constitutione
1337 4214 1502 4280 contraria
1522 4234 1648 4298 nequa-

286 4342 389 4406 qnam
411 4325 509 4403 obst,
524 4331 562 4387 ut
576 4323 683 4408 possit
697 4343 896 4407 quecunque
911 4332 947 4387 et
963 4322 1185 4406 quodcunque
1202 4320 1283 4385 eccl.
1298 4321 1375 4384 ben.
1392 4317 1436 4383 ad
1452 4317 1595 4383 invicem
1612 4338 1648 4382 se

286 4427 538 4512 compatientia,
563 4427 666 4492 etiam
690 4428 718 4491 si
742 4448 856 4494 curam
882 4428 1030 4492 habeant
1054 4426 1250 4505 animarum,
1267 4423 1294 4489 si
1311 4423 1372 4488 sibi
1388 4423 1469 4487 alias
1484 4422 1647 4489 canonice

286 4530 509 4610 conferantur,
522 4530 624 4594 libere
636 4531 829 4616 recipereet
840 4532 973 4597 insimul
989 4530 1080 4596 licite
1096 4530 1249 4609 retinere,
1266 4528 1403 4613 ipsaque
1417 4527 1582 4592 beneficia
1593 4527 1647 4591 vel

285 4654 402 4699 eorum
418 4635 538 4719 aliqua,
551 4636 706 4720 quotiens
718 4657 802 4722 opus
815 4637 912 4702 fuerit
925 4648 959 4701 et
971 4636 1032 4701 sibi
1045 4635 1211 4700 videbitur
1223 4640 1437 4719 oportunum,
1448 4639 1646 4717 permutare,

317 4864 339 4913 1.
352 4864 419 4913 Mon.
427 4865 481 4913 ltu.
491 4864 563 4925 Bul,
575 4868 595 4925 l,
606 4868 938 4928 n.870-871.—2.It.,1,n.
951 4870 1057 4917 sta-873
1067 4884 1072 4917 :
1083 4866 1230 4937 Sancrlanrl,
1241 4880 1266 4913 n.
1277 4867 1382 4913 2022.-
1394 4866 1484 4915 itl'oir
1495 4866 1647 4919 11911911.
