3650 5675
692 492 780 569 1849,
803 493 887 560 17-18
908 493 992 559 avril.
1466 498 1523 563 417

213 644 357 727 1548.
1209 678 1304 743 1349,
1324 677 1363 743 r7
1380 661 1478 726 avril.

203 763 304 848 Supp.
333 761 461 841 Petrus,
486 759 554 825 dux
580 758 759 840 Borbonie,
792 769 883 845 quat.
911 759 1034 826 clerico
1060 781 1121 826 suo
1143 760 1296 827 familiari
1327 761 1459 829 Thome
1481 765 1522 840 le

160 866 307 947 Grawul,
320 863 489 932 Morinen.
500 862 647 944 dioc.,de
663 884 737 930 can.
749 870 784 929 et
793 866 885 950 preb.
896 883 937 930 ac
952 863 1226 932 archidiaconatu
1239 863 1408 933 Morinen.
1419 887 1521 932 reser-

160 972 247 1037 vatis
261 980 297 1036 et
312 990 387 1037 vac.
402 988 462 1055 per
484 970 539 1035 ob.
555 967 728 1052 quondam
741 967 817 1034 Ade
844 968 951 1054 Peny,
967 969 1023 1053 qui
1050 977 1144 1035 extra
1171 968 1268 1036 Rom.
1288 970 1414 1036 curiam
1430 970 1521 1036 diem

160 1075 279 1141 clausit
294 1082 491 1154 extremum,
507 1072 691 1157 dignemini
706 1072 898 1159 providere.
921 1110 953 1121 -
975 1071 1051 1140 Fiat
1062 1072 1102 1138 R.

203 1180 283 1247 Dat.
299 1179 399 1244 Avin.
416 1198 453 1263 15
470 1177 538 1243 kal.
551 1176 629 1242 maii
646 1185 679 1243 a⁰
696 1185 738 1262 7⁰.
754 1180 823 1262 (17,
840 1181 944 1264 ²34')·

213 1318 356 1403 1549
1210 1353 1303 1417 1349,
1322 1351 1363 1416 17
1378 1335 1475 1399 avril.

202 1437 303 1523 Supp.
315 1434 494 1515 Arnoldus‚
510 1434 598 1500 filius
612 1433 772 1500 Willelmi
791 1434 834 1500 de
860 1434 1020 1518 Bustelle,
1036 1436 1161 1518 militis,
1183 1435 1346 1504 diaconus
1358 1436 1519 1504 Leodien.

158 1541 256 1623 dioc,
267 1560 344 1607 cum
353 1560 421 1624 quo
436 1538 520 1605 alias
529 1559 627 1625 super
642 1538 776 1605 defectu
785 1540 1063 1624 natalium‚quem
1079 1542 1204 1627 patitur
1216 1541 1258 1606 de
1268 1543 1379 1608 soluto
1388 1541 1520 1626 genitus

158 1653 195 1711 et
209 1645 328 1726 soluta,
344 1643 435 1729 quod
450 1642 640 1728 hujusmodi
655 1663 724 1707 non
740 1643 828 1709 obst.
842 1642 979 1711 defectu
993 1645 1099 1730 possit
1115 1646 1158 1711 ad
1170 1665 1287 1712 omnes
1296 1645 1429 1712 ordines
1444 1666 1519 1732 pro·

158 1748 287 1814 moveri
302 1757 337 1813 et
352 1748 434 1813 eccl.
449 1748 526 1814 ben.
543 1747 647 1812 etiam
663 1767 692 1812 c.
709 1766 738 1812 c.
759 1745 922 1828 obtinere,
939 1747 1000 1814 luit
1015 1747 1215 1815 auctoritate
1230 1755 1338 1835 apost.
1351 1749 1519 1836 dispensa-

159 1861 241 1933 tum,
256 1860 412 1938 pretextu
428 1851 522 1936 cujus
536 1849 796 1936 dispensationis
811 1848 901 1915 idem
926 1851 1096 1918 Arnoldus
1111 1863 1162 1917 est
1177 1853 1211 1918 in
1223 1853 1417 1939 dyacouum
1433 1853 1518 1919 ordi-

158 1965 257 2024 natus
271 1965 307 2023 et
322 1956 493 2042 quoddam
508 1957 614 2021 altare
630 1976 723 2041 perp.
740 1976 766 2021 s.
781 1975 811 2021 c.
835 1954 869 2020 in
885 1957 968 2022 eccl.
984 1955 1028 2022 de
1055 1955 1234 2037 Bucstelle,
1250 1956 1341 2022 dicte
1356 1955 1454 2037 dioc,
1468 1964 1518 2022 est

158 2069 339 2142 assecutus,
355 2068 446 2146 quat.
463 2059 553 2144 quod
568 2058 677 2125 adhuc
693 2059 758 2124 alia
774 2060 841 2125 duo
865 2061 947 2125 eccl.
962 2061 1050 2141 ben,
1067 2060 1128 2126 etsi
1146 2061 1277 2126 illorum
1292 2060 1348 2125 uni
1366 2059 1519 2125 imminet

158 2185 238 2231 cura
262 2164 496 2244 animarum...
508 2163 656 2248 recipere
672 2170 707 2227 et
722 2163 898 2231 retinere...
915 2163 1098 2248 dignemini
1115 2185 1192 2230 cum
1208 2183 1249 2229 eo
1264 2161 1465 2249 dispensare.
1483 2199 1515 2212 -

162 2266 240 2333 Fiat
256 2265 297 2334 R.

205 2369 294 2436 ltem
308 2391 404 2458 supp.
421 2369 598 2452 Gerardus‚
614 2371 703 2436 filius
718 2369 889 2452 Willelmi,
905 2370 1033 2437 domini
1049 2371 1091 2436 de
1117 2369 1295 2452 Bucstelle,
1312 2371 1429 2437 militis
1444 2392 1517 2456 pre·

160 2473 253 2556 dicti,
268 2474 406 2541 scolaris
435 2474 585 2561 predicte
615 2473 776 2541 Leodien.
806 2474 904 2555 dioc„
936 2482 1027 2559 quat.
1058 2495 1157 2560 super
1186 2475 1320 2540 defectu
1349 2475 1520 2554 natalium,

161 2598 263 2662 quem
277 2579 405 2664 patitur
419 2578 462 2644 de
479 2579 661 2664 conjugato
675 2578 808 2663 genitus
823 2585 859 2644 et
884 2579 1004 2658 soluta,
1021 2577 1111 2663 quod
1135 2576 1326 2661 hujusmodi
1350 2595 1418 2642 non
1435 2579 1521 2641 obst.

160 2681 295 2747 defectu
317 2681 424 2768 possit
438 2681 482 2748 ad
496 2703 615 2749 omnes
630 2683 763 2748 ordines
778 2681 968 2768 promoveri
988 2689 1023 2747 et
1037 2683 1114 2747 ben.
1132 2680 1366 2761 ecclesiastica,
1383 2680 1446 2745 etsi
1465 2681 1520 2744 uni

160 2786 294 2852 illorum
314 2806 393 2854 cura
415 2787 570 2855 imminet
592 2787 789 2869 animarum,
806 2785 1084 2873 compassibiliter
1098 2786 1212 2852 valeat
1229 2785 1423 2867 obtinere...,
1439 2785 1522 2851 reci-

159 2910 240 2976 pere
255 2899 290 2956 et
305 2899 496 2978 permutare
511 2891 694 2978 dignemini
709 2892 912 2978 dispensare.
929 2931 972 2942 —
995 2888 1072 2958 Fiat
1092 2891 1134 2957 de
1150 2910 1218 2957 uno
1233 2889 1295 2956 etsi
1313 2898 1464 2957 curatum
1481 2888 1521 2954 R.

205 2994 284 3060 Dat.
299 2995 401 3061 Avin.
421 3015 457 3080 15
470 2994 537 3062 kal.
552 2996 620 3062 mai
635 3004 669 3062 a⁰
686 3004 728 3082 7⁰.
753 2998 823 3081 (17,
841 2995 931 3082 238).

215 3130 359 3215 1550.
1208 3165 1303 3229 1349,
1326 3162 1367 3228 17
1383 3147 1479 3211 avril.

206 3246 293 3313 Cum
308 3247 328 3326 J
331 3250 481 3315 ohannes
496 3249 660 3332 Cordelle‚
677 3250 898 3317 canonicatus
913 3256 949 3314 et
964 3248 1152 3335 prebendas
1176 3249 1209 3313 in
1234 3248 1396 3314 Omnium
1423 3249 1523 3314 Sauc-

159 3361 274 3418 torum
297 3351 340 3417 de
367 3349 583 3437 Mauritania,
600 3355 731 3440 Sagien.
754 3355 853 3437 dioc,
869 3363 904 3421 et
929 3355 961 3422 S.
977 3352 1143 3432 Jolrannis
1158 3353 1200 3419 de
1224 3351 1523 3439 Nogentorotrodi‚

159 3455 344 3522 Camoten.
367 3456 465 3540 dioc,
481 3458 630 3524 ecclesiis
656 3466 691 3524 et
717 3457 819 3543 Hugo
842 3458 884 3525 de
901 3458 1084 3524 Pomeriis¹
1102 3458 1347 3545 cappellaniam
1375 3457 1417 3523 de
1444 3457 1523 3543 Lys,

159 3558 349 3625 Tornaceu.
365 3558 463 3642 dioc„
488 3582 549 3647 per
575 3581 652 3628 suos
674 3570 905 3649 procuratores
928 3563 961 3627 in
983 3561 1136 3627 manibus
1152 3562 1300 3647 episcopi
1316 3560 1521 3641 Tricastrini,

162 3664 284 3751 [causa
298 3664 574 3752 permutationis]
599 3665 807 3752 resignarint,
823 3666 1014 3753 supplicant
1041 3673 1132 3749 quat.
1148 3663 1168 3742 J
1172 3663 1329 3747 (ohanni)
1346 3664 1388 3728 de
1412 3665 1523 3749 capel-

158 3766 251 3833 lania
267 3774 302 3833 et
318 3766 489 3853 H(ugoni)
504 3769 662 3855 predictis
677 3769 719 3835 de
744 3770 1000 3837 canonicatibus
1025 3777 1060 3833 et
1075 3770 1167 3854 preb.
1190 3765 1326 3853 prefatis
1340 3765 1522 3851 dignemini

159 3869 348 3958 providere.
363 3910 407 3921 -
422 3870 499 3937 Fiat
523 3871 563 3939 R.

167 4007 171 4012 ·
207 3975 285 4042 Dat.
301 3976 401 4042 Avin.
422 3998 459 4058 15
474 3977 542 4045 kal.
555 3978 633 4043 maii
650 3984 685 4043 a⁰
702 3985 744 4061 7⁰.
762 3978 831 4062 (17,
850 3978 957 4064 2491).

217 4115 352 4200 1551.
1215 4144 1309 4209 1349,
1326 4126 1370 4189 18
1384 4125 1480 4191 avril.

209 4233 309 4323 Supp.
335 4235 487 4305 medicus
508 4240 621 4298 vester
644 4232 754 4319 Guigo
785 4232 828 4298 de
852 4230 1035 4313 Caulhaco,
1052 4238 1141 4315 quat.
1170 4228 1438 4315 [consanguineo
1464 4247 1524 4292 suo

30 4332 33 4336 ’
158 4359 323 4425 germano
337 4339 526 4407 Bertrando
537 4338 580 4403 de
596 4335 854 4421 Chaulhagueto
865 4346 885 4418 θ,
901 4332 1032 4423 presb]
1051 4335 1081 4399 S.
1100 4332 1189 4399 Flori
1200 4332 1298 4412 dioc„
1308 4332 1351 4398 de
1371 4331 1523 4417 parroch.

159 4443 245 4510 eccl.
261 4443 304 4509 de
319 4443 432 4530 Burgo
443 4444 477 4508 in
493 4438 918 4526 Bricia,Lugdunen.dioc.,
935 4437 1118 4525 dignemini
1135 4435 1311 4522 prouidere
1327 4458 1335 4518 ;
1351 4456 1421 4502 non
1438 4438 1524 4501 obst.

161 4546 254 4631 quod
278 4551 360 4615 eccl.
385 4546 537 4635 parroch.
564 4544 606 4610 de
632 4542 798 4628 Onnaing,
823 4541 1038 4611 Cameracen.
1064 4538 1161 4623 dioc,
1187 4539 1335 4606 noscitur
1362 4539 1524 4620 obtinere,

159 4670 267 4736 quarn
281 4660 416 4738 paratus
428 4660 479 4717 est
493 4649 673 4717 dimittere.
689 4646 823 4714 -Fiat
839 4647 880 4715 R.

161 4787 196 4836 ,ς
208 4754 288 4821 Dat.
304 4756 406 4821 Avin.
426 4776 464 4840 14
479 4754 547 4820 kal.
563 4754 641 4819 maii
658 4762 691 4819 a⁰
708 4761 750 4839 7⁰.
767 4754 837 4839 (17,
855 4756 961 4839 2421).

199 4936 888 4998 l.voirn.³2,souare,1294.-2.v0irn.1530.
930 4976 933 4982 .
999 4986 1002 4993 ,
1065 4976 1068 4984 .

218 5028 274 5069 Auel
295 5028 346 5070 Vnt.
362 5027 422 5078 nult.
