3650 5675
298 505 360 570 346
784 505 870 579 1347,
893 503 986 568 22-26
1008 505 1172 570 novembre.

350 653 495 741 1308.
1260 686 1355 752 1347,
1373 691 1414 733 22
1433 671 1613 734 novembre.

341 768 430 858 Sign.
445 770 645 838 Conrandus
660 769 704 835 de
720 769 976 851 Rennenberch,
993 790 1068 835 can.
1085 777 1119 835 et
1129 771 1337 838 subdecanus
1353 773 1434 838 eccl.
1451 771 1624 838 Colonien.
1638 783 1656 853 ¹,

297 876 388 961 quod
403 877 484 941 olim
499 873 571 960 ipse
586 873 854 939 subdecanatum
870 874 953 940 eccl.
980 873 1171 959 predicte...
1189 882 1225 940 et
1244 876 1396 961 parroch.
1412 877 1494 942 eccl.
1511 877 1544 940 in
1562 875 1657 962 Hey·

298 978 488 1059 mersheim,
506 977 692 1058 Colonien.,
708 997 770 1063 per
795 976 1060 1062 quatuordecim,
1077 985 1112 1043 et
1127 997 1202 1043 can.
1219 985 1254 1042 et
1280 981 1372 1063 preb.
1388 979 1470 1044 eccl.
1486 977 1657 1060 Leodien.,

296 1103 356 1170 per
371 1104 430 1149 sex
445 1102 552 1148 annos
567 1082 621 1146 vel
637 1080 735 1162 circa,
752 1081 1037 1166 dispensatione...
1064 1101 1134 1148 non
1160 1084 1309 1163 obtenta,
1340 1082 1479 1168 pacifice
1504 1083 1654 1148 tenuit...

298 1194 333 1253 et
348 1187 392 1252 ad
407 1185 631 1252 sacerdotium
647 1204 717 1250 non
732 1191 917 1269 promotus,
931 1185 975 1250 ad
987 1184 1078 1268 quod
1087 1206 1123 1251 se
1135 1184 1214 1251 fecit
1225 1185 1441 1271 postmodum
1456 1187 1657 1271 promoveri.

297 1289 441 1374 Quare...
457 1309 552 1375 supp.
568 1295 681 1373 quat...
698 1287 807 1373 ipsum
818 1287 1031 1353 habilitare...
1048 1295 1083 1354 et
1098 1288 1141 1353 de
1152 1308 1243 1354 novo
1257 1288 1433 1374 providere
1448 1289 1631 1374 dignemini
1647 1313 1655 1370 ;

297 1413 366 1460 non
382 1395 468 1458 obst.
485 1392 575 1477 quod
591 1412 663 1458 can.
677 1400 712 1457 et
727 1395 819 1478 preb.
832 1393 914 1458 eccl.
932 1392 1106 1459 Colonien.
1129 1393 1277 1458 noscitur
1302 1394 1497 1460 obtinere...
1521 1395 1657 1480 ipseque

296 1497 533 1564 nichilominus
547 1505 685 1582 paratus
700 1504 752 1562 est
768 1498 848 1563 dare
863 1496 907 1561 de
918 1497 1079 1563 fructibus
1094 1518 1154 1583 per
1170 1518 1246 1563 eum
1262 1518 1304 1563 ex
1319 1497 1487 1583 premissis
1510 1497 1657 1563 indebite

298 1602 465 1687 perceptis
480 1600 562 1666 illud
577 1600 668 1684 quod
683 1601 715 1666 S.
733 1599 784 1680 V.,
800 1600 984 1666 secundum
1011 1601 1210 1666 immensam
1226 1600 1441 1666 clementiam
1457 1621 1562 1682 suam,
1579 1622 1658 1667 cou-

298 1704 450 1770 sideratis
477 1703 725 1769 inevitabilibus
752 1711 788 1768 et
813 1704 994 1770 excessivis
1020 1705 1174 1790 expensis
1199 1724 1283 1788 quas
1306 1704 1414 1790 ipsum
1431 1705 1660 1769 subdecanum

299 1815 437 1893 propter
451 1807 541 1874 dicte
564 1805 774 1873 Coloniensis
789 1809 931 1874 ecclesie
959 1829 1000 1875 ac
1023 1829 1119 1874 suum
1135 1816 1170 1873 et
1186 1829 1319 1875 suorum
1336 1809 1658 1892 consanguineorum

301 1919 425 1977 statum
450 1911 492 1975 de
515 1931 610 1977 more
638 1912 801 1977 nobilium
832 1912 962 1978 illarum
986 1913 1133 1999 partium
1163 1913 1272 1979 subire
1297 1933 1427 1998 semper
1454 1913 1602 1999 oportuit
1625 1920 1660 1977 et

302 2022 446 2100 oportet,
457 2014 504 2080 sic
518 2015 732 2081 mandaverit
753 2015 786 2081 in
808 2016 990 2082 subsidium
1007 2023 1125 2082 contra
1140 2014 1301 2081 Turchos
1315 2055 1358 2064 —
1375 2015 1449 2080 Fiat
1467 2024 1505 2081 ut
1524 2016 1659 2102 petitur,

302 2120 360 2185 sed
376 2119 418 2185 de
433 2119 593 2185 fiuctibus
608 2119 775 2206 perceptis
790 2123 974 2188 concordet
986 2142 1062 2187 cum
1079 2141 1222 2187 camera.
1240 2119 1280 2186 R.

347 2223 424 2288 Dat.
440 2223 539 2287 Avin.
561 2243 598 2288 10
613 2221 681 2291 kal.
697 2224 770 2290 dec.
787 2231 821 2289 a⁰
838 2229 879 2291 6⁰.
896 2225 956 2310 (13
985 2225 1050 2309 64).

359 2361 501 2448 1309.
1264 2392 1360 2460 1347,
1377 2375 1418 2439 26
1435 2376 1616 2440 reovembre.

347 2479 436 2565 Sign.
453 2478 526 2546 S.V.
536 2480 679 2546 devotus
694 2489 805 2546 vester
820 2480 1018 2546 Conrandus
1034 2483 1076 2548 de
1089 2480 1345 2560 Renneuberch,
1362 2499 1435 2544 can.
1451 2486 1487 2543 et
1502 2479 1660 2544 subdeca-

305 2604 367 2648 nus
383 2584 465 2650 eccl.
492 2583 679 2665 Colonien.,
701 2584 792 2670 quod
815 2583 998 2664 lohannes,
1026 2605 1139 2650 comes
1166 2583 1347 2664 Clevensis,
1372 2581 1546 2647 Colonien.
1562 2580 1660 2662 dioc,

303 2696 385 2752 tunc
401 2686 488 2752 sedis
503 2696 610 2773 apost.
627 2689 829 2774 capellanus,
851 2688 1052 2754 decanatum
1079 2689 1161 2755 eccl.
1177 2687 1365 2768 Colonien.,
1393 2684 1555 2751 canonice
1579 2686 1661 2750 alias

303 2791 364 2858 sibi
391 2792 561 2875 collatum,
586 2813 652 2858 una
676 2813 752 2859 cum
780 2792 953 2859 scolastria
985 2794 1068 2859 eccl.
1101 2792 1291 2879 Maguntin.
1304 2802 1323 2873 ²,
1351 2810 1492 2875 quorum
1522 2797 1661 2874 uterque

303 2895 449 2980 dignitas
465 2897 588 2977 existit,
605 2897 702 2962 simul
718 2917 777 2981 per
802 2898 913 2981 plures
937 2917 1054 2979 annos,
1080 2905 1158 2984 post
1182 2904 1217 2961 et
1241 2903 1358 2962 contra
1386 2893 1661 2959 constitutionem

303 3017 368 3080 que
384 2997 501 3082 incipit
518 3018 536 3062 r
553 2997 757 3063 Execmbilis
774 3020 791 3061 b
810 3001 935 3083 absque
960 2997 1209 3085 dispensatione
1233 2999 1383 3085 legitima
1398 2998 1537 3085 pacifice
1551 2998 1660 3062 tenuit

303 3107 338 3164 et
352 3100 511 3185 possedit,
528 3100 652 3167 fructus
666 3102 854 3188 percipiens
881 3123 922 3166 ex
947 3102 1083 3184 eisdem,
1108 3103 1211 3168 etiam
1238 3103 1282 3169 ad
1308 3123 1420 3169 sacros
1446 3102 1578 3169 ordines
1593 3123 1660 3169 non

302 3212 486 3289 promotus,
502 3206 558 3290 qui
571 3206 787 3291 postmodum
805 3206 837 3271 in
855 3207 1018 3272 comitatu
1034 3206 1190 3273 Clevensi
1214 3207 1397 3274 succedens
1411 3207 1454 3272 ad
1469 3206 1600 3271 laicalia
1626 3226 1661 3271 se

304 3309 483 3374 transtulit.
500 3308 612 3392 Quare
627 3309 737 3376 dictus
753 3310 960 3393 Conrandus,
977 3312 1033 3395 qui
1050 3311 1092 3376 de
1115 3310 1217 3375 nobili
1233 3330 1356 3394 genere
1371 3308 1474 3374 traxit
1490 3308 1660 3393 originem,

302 3417 338 3474 et
349 3411 519 3495 antiquior
527 3413 708 3479 canonicus
718 3414 819 3499 ipsius
828 3414 970 3480 ecclesie
983 3413 1157 3480 Colonien.
1169 3414 1291 3493 existit,
1302 3420 1337 3477 et
1352 3432 1414 3498 pro
1424 3412 1495 3498 ipsa
1510 3412 1661 3491 ecclesia,

303 3533 368 3597 que
383 3514 486 3579 etiam
503 3518 545 3580 ab
561 3516 706 3601 antiquis
731 3517 940 3603 temporibus
966 3538 1026 3603 per
1049 3538 1125 3584 suos
1149 3517 1332 3582 avunculos
1348 3524 1383 3581 et
1395 3515 1662 3601 consanguineos

303 3617 514 3684 laudabiliter
540 3619 652 3685 extitit
675 3623 869 3705 gubernata,
897 3620 1040 3686 fideliter
1063 3620 1230 3685 laboravit
1260 3628 1294 3684 et
1324 3626 1488 3705 perpetuo
1512 3620 1663 3685 laborare

303 3729 439 3807 paratus
454 3731 515 3803 est,
531 3743 626 3809 supp.
644 3722 683 3789 E.
701 3723 731 3789 S.
748 3731 839 3807 quat.
865 3724 927 3789 sibi
955 3723 997 3788 de
1022 3723 1114 3790 dicto
1137 3722 1315 3794 decanatu,
1331 3722 1401 3786 sive
1423 3722 1590 3807 premissis
1605 3742 1662 3786 seu

303 3846 419 3891 eorum
435 3826 558 3911 aliquo,
585 3827 638 3890 vel
666 3828 733 3892 alio
760 3828 879 3911 quovis
905 3827 1015 3893 modis
1038 3835 1147 3908 vacet,
1164 3827 1269 3891 etiam
1296 3826 1322 3891 si
1349 3845 1409 3911 per
1424 3825 1538 3890 sedem
1555 3834 1661 3911 apost.

304 3927 387 3993 alias
401 3926 487 3993 foret
501 3928 701 4013 generaliter
715 3931 770 3993 vel
785 3929 974 4015 specialiter
989 3938 1187 4010 reservatus,
1213 3928 1394 4015 dignemini
1410 3927 1452 3993 de
1467 3930 1574 4014 gratia
1590 3948 1663 4014 spe-

304 4031 380 4097 ciali
396 4032 580 4117 providere.
591 4033 711 4097 Secum
727 4032 861 4117 insuper
876 4033 968 4116 quod
983 4034 1111 4099 dictum
1120 4033 1322 4098 decanatum
1337 4053 1404 4097 una
1420 4052 1496 4098 cum
1508 4032 1661 4118 parroch.

305 4135 436 4203 ecelin
453 4134 738 4221 Heymersheym,
755 4136 845 4202 dicte
860 4136 958 4217 dioc,
975 4137 1017 4203 de
1038 4158 1104 4221 qua
1121 4136 1152 4201 S.
1169 4136 1208 4203 V.
1224 4157 1331 4222 nuper
1347 4136 1407 4201 sibi
1424 4135 1466 4201 de
1481 4154 1571 4200 novo
1586 4154 1663 4221 pro·

306 4237 410 4304 videri
426 4237 609 4320 mandavit,
624 4239 789 4323 generalis
805 4239 938 4305 concilii
955 4248 989 4305 et
1005 4241 1206 4325 quibuslibet
1233 4241 1306 4305 aliis
1331 4248 1438 4326 apost.
1455 4238 1665 4305 constitutio·

309 4340 406 4407 nibus
421 4362 636 4427 nequaquam
653 4344 750 4424 obst,
775 4343 873 4408 simul
897 4343 990 4411 licite
1014 4344 1158 4409 retinere
1181 4344 1306 4423 valeat,
1332 4343 1374 4409 de
1398 4343 1559 4409 uberioris
1573 4342 1665 4407 dono

306 4444 411 4528 gratie
426 4444 657 4531 dispensantes
671 4468 680 4526 ;
693 4465 762 4510 non
778 4448 864 4512 obst.
880 4446 971 4530 quod
988 4466 1062 4512 can.
1079 4455 1113 4515 et
1128 4449 1220 4533 preb.
1233 4447 1314 4511 eccl.
1328 4445 1502 4512 Colonien.
1517 4446 1666 4511 noscitur

307 4547 470 4629 obtinere,
485 4557 521 4613 et
536 4548 626 4632 quod
638 4549 670 4615 S.
686 4548 727 4617 V.
741 4570 848 4635 nuper
862 4549 924 4615 sibi
940 4548 983 4615 de
999 4570 1073 4615 can.
1097 4558 1132 4615 et
1156 4552 1247 4635 preb.
1273 4549 1414 4615 ecclesie
1438 4548 1597 4615 Leodien.
1623 4547 1665 4613 de

307 4671 399 4717 novo
413 4652 589 4719 mandavit
604 4653 756 4719 similiter
769 4653 969 4739 provideri...
984 4692 1028 4703 -
1045 4653 1121 4718 Fiat
1137 4661 1174 4718 ut
1189 4653 1323 4739 petitur.
1341 4652 1381 4719 R.

351 4754 429 4821 Dat.
446 4756 545 4822 Avin.
564 4760 581 4821 6
596 4755 665 4822 kal.
681 4757 754 4823 dec.
771 4764 805 4821 a⁰
822 4762 864 4822 6⁰.
881 4758 951 4839 (13,
970 4760 1032 4842 64).

343 4940 363 4985 l.
375 4937 438 4985 Voir
449 4936 597 4997 Seueriand,
610 4937 703 4989 Rbein.
719 4936 789 4999 Urit,
803 4941 939 4987 16692.-
957 4942 979 4988 2.
992 4939 1054 4987 Voir
1065 4953 1091 4989 n.
1103 4938 1157 4999 816,
1170 4940 1225 4987 666.
