3650 5675
308 449 369 512 852
840 489 848 503 -
874 447 962 520 1848,
985 446 1019 509 21
1043 445 1110 510 mai.

304 609 459 683 ventura,
475 600 612 667 eosdem
626 599 820 678 Johannem
847 608 882 665 et
908 597 1021 664 Odam
1045 603 1087 665 ab
1112 600 1470 667 excommunicationis
1486 605 1664 686 sententia,

307 726 408 789 quam
423 704 567 771 scienter
582 703 814 769 contrahendo
841 702 969 769 dictum
991 702 1243 768 matrimonium
1258 702 1476 786 incurrerunt,
1493 708 1665 772 absolvere

307 807 499 894 dignemini,
510 815 545 873 et
560 829 637 874 cum
653 809 710 888 eis,
720 815 758 873 ut
770 805 1020 893 impedimentis
1028 827 1070 870 ex
1081 805 1250 893 premissis
1258 809 1531 894 provenientibus
1543 831 1666 895 nequa-

307 933 407 996 quam
423 913 645 993 obstantibus,
661 911 791 998 possint
806 912 841 976 in
865 910 958 976 dicto
981 909 1198 976 matrimonio
1212 911 1315 976 libere
1327 921 1361 977 et
1377 912 1468 979 licite
1482 934 1663 997 remanere,

307 1017 361 1081 vel
377 1015 459 1081 illud
473 1015 515 1081 de
530 1035 621 1080 novo
636 1015 844 1095 contrahere,
856 1013 1112 1080 misericorditer
1123 1012 1324 1099 dispensare,
1336 1018 1465 1102 prolem
1478 1028 1665 1106 susceptam

307 1128 342 1184 et
357 1119 604 1204 suscipiendam
630 1118 814 1204 legitimam
840 1115 1063 1184 decernendo.
1083 1157 1127 1168 -
1152 1116 1228 1185 Fiat
1252 1139 1312 1206 per
1338 1119 1565 1206 dyocesanum
1581 1124 1607 1188 si
1624 1123 1666 1189 sit

307 1224 365 1304 ita,
391 1223 471 1309 ipsis
495 1222 539 1288 ad
563 1230 697 1307 tempus
721 1221 892 1307 separatis,
924 1230 959 1286 et
985 1221 1076 1306 quod
1105 1222 1229 1288 faciant
1255 1245 1356 1290 unam
1376 1226 1599 1312 capellaniam
1623 1229 1665 1294 de

307 1327 425 1412 viginti
442 1325 532 1391 libris
546 1326 649 1391 annui
661 1324 820 1405 reddituS,
834 1333 899 1394 etc.
917 1325 949 1389 in
966 1325 1084 1390 forma.
1102 1325 1142 1392 R.

354 1480 455 1540 1326.
474 1471 562 1537 Item
578 1493 673 1558 supp.
689 1470 810 1536 eadem
826 1469 949 1552 Maria,
976 1479 1066 1556 quat.
1083 1471 1214 1538 dilectis
1237 1473 1303 1538 suis
1318 1472 1500 1542 Guillelmo
1514 1475 1556 1542 de
1573 1477 1666 1542 Dun-

307 1577 464 1642 neworde
481 1586 500 1657 ¹,
516 1575 655 1642 domino
669 1574 711 1640 de
727 1574 943 1654 Oesterhout,
960 1573 1120 1640 Leodien.
1136 1574 1234 1658 dioc,
1250 1585 1286 1642 et
1309 1579 1403 1643 uxori
1430 1599 1498 1660 sue,
1521 1580 1664 1664 eligendi

309 1680 532 1748 confessorem
555 1679 726 1766 ydoneum
749 1679 905 1763 quotiens
931 1679 1094 1764 placuerit
1117 1679 1253 1746 cuilibet
1268 1683 1460 1765 eorundem,
1484 1682 1540 1768 qui
1564 1704 1622 1750 eos
1646 1705 1666 1750 a

309 1785 458 1871 peccatis
473 1804 589 1850 eorum
604 1784 709 1869 possit
725 1783 908 1864 absolvere,
925 1791 959 1848 et
984 1783 1121 1849 cuilibet
1145 1803 1260 1849 eorum
1286 1787 1390 1850 semel
1406 1786 1439 1850 in
1455 1787 1573 1853 mortis
1587 1788 1665 1853 arti-

309 1889 386 1954 culo
400 1887 629 1953 remissionem
645 1887 830 1972 plenariam
845 1888 959 1952 valeat
975 1887 1144 1973 impertiri,
1165 1907 1225 1972 per
1251 1896 1379 1954 vestras
1402 1890 1530 1956 litteras
1545 1911 1665 1957 conce·

303 1990 388 2057 -dere
402 1990 595 2076 dignemini,
611 1991 817 2056 facultatem.
833 2031 877 2040 —-
893 1989 1053 2056 Habeant
1069 1990 1312 2074 indulgentiam
1329 1992 1361 2056 in
1384 1994 1500 2059 mortis
1514 1993 1664 2060 articulo.

353 2198 431 2264 Dat.
446 2197 547 2264 Avin.
568 2218 604 2262 12
621 2196 686 2262 kal.
699 2197 783 2282 junii
800 2205 834 2262 a⁰
850 2205 890 2281 7⁰.
907 2199 980 2280 (30,
1005 2196 1042 2264 P.
1060 2196 1105 2278 Il,
1127 2199 1201 2282 10').

347 2353 659 2438 ram-1328.
1374 2370 1526 2452 1348,2r
1544 2369 1620 2433 mai.

351 2471 452 2556 Supp.
479 2470 511 2534 S.
537 2468 576 2536 V.
603 2469 838 2536 devotissimus
864 2471 907 2534 ab
943 2468 1023 2535 olim
1054 2477 1167 2534 orator
1187 2478 1299 2536 vester
1327 2471 1593 2537 Aldebrandinus
1623 2473 1665 2538 de

308 2574 434 2642 Baskio
448 2585 469 2657 ²,
493 2596 568 2642 can.
593 2576 801 2654 Atrebatem,
828 2580 921 2657 quat.
945 2571 1006 2637 sibi
1036 2571 1071 2638 in
1100 2593 1280 2658 personam
1307 2573 1476 2641 Lamberti
1501 2574 1626 2640 Viseric
1642 2587 1661 2653 ³,

224 2675 229 2683 ’
306 2680 414 2765 presb.
431 2676 598 2744 Morinen.
614 2677 711 2759 dioc,
736 2676 792 2761 qui
815 2677 887 2761 jam
911 2694 972 2762 per
998 2695 1056 2740 sex
1082 2696 1188 2741 annos
1214 2684 1249 2742 et
1274 2678 1416 2763 amplius
1441 2677 1502 2744 sibi
1527 2677 1663 2744 servivit

307 2783 449 2851 fideliter
463 2791 498 2849 et
509 2783 643 2863 devote,
656 2803 746 2869 spec.
761 2801 808 2867 gr.
825 2779 995 2861 facientes,
1012 2779 1121 2847 eidem
1137 2780 1180 2846 de
1195 2801 1287 2868 perp.
1304 2783 1514 2868 cappellania
1527 2782 1562 2847 in
1578 2783 1661 2849 eccl.

306 2888 338 2953 S.
354 2888 467 2953 Amati
485 2887 679 2967 Duacensis,
689 2889 874 2951 Atrebaten
899 2885 998 2966 dioc,
1009 2886 1225 2968 consistente,
1238 2907 1340 2970 quam
1351 2887 1522 2972 quondam
1537 2886 1663 2966 Johan-

305 3012 366 3056 nes
392 2990 537 3076 Philippi
561 2990 603 3056 de
630 2988 803 3070 Carenchi,
829 2989 979 3075 ejusdem
1003 2989 1242 3055 Aldebrandini
1267 2989 1436 3057 familiaris
1458 2990 1661 3057 domesticus

305 3096 549 3176 commensalis
575 3095 656 3160 dum
680 3095 818 3175 viveret,
843 3094 1028 3175 obtinebat,
1044 3114 1104 3180 per
1129 3094 1231 3180 ipsius
1256 3091 1421 3171 Johannis
1444 3094 1584 3175 obitum,
1607 3093 1661 3177 qui

305 3218 411 3284 nuper
426 3197 517 3284 apud
531 3197 646 3264 sedem
662 3206 769 3284 apost.
790 3198 944 3278 decessit,
961 3218 1045 3279 vac,
1061 3217 1266 3282 quamquam
1281 3196 1512 3283 capellaniam,
1527 3204 1663 3283 propter

305 3301 408 3387 ipsius
422 3302 622 3367 tenuitatem
637 3301 838 3383 reddituum,
854 3308 1075 3388 expectantes
1085 3300 1209 3367 ibidem
1226 3321 1285 3387 per
1300 3301 1332 3366 S.
1348 3300 1388 3366 V.
1403 3301 1533 3366 litteras
1544 3318 1661 3383 accep·

304 3413 379 3471 tare
394 3405 532 3471 minime
558 3415 768 3488 curaverunt,
795 3405 978 3491 dignemini
1004 3406 1204 3491 providere;
1229 3426 1298 3470 non
1326 3408 1412 3471 obst.
1439 3404 1529 3489 quod
1554 3403 1663 3469 dictus

306 3508 505 3576 Lambertus
529 3511 606 3575 ben.
622 3511 704 3576 eccl.
721 3532 746 3576 s.
762 3529 790 3576 c.
819 3510 863 3575 ad
877 3510 954 3575 coll.
964 3560 984 3573 ..
1003 3508 1121 3574 decani
1138 3517 1172 3575 et
1195 3508 1332 3593 capituli
1348 3510 1430 3575 eccl.
1447 3506 1660 3587 Casletensis,

308 3610 475 3679 Morinen.
490 3612 589 3694 dioc,
601 3613 635 3677 in
648 3613 818 3679 communi
835 3613 952 3693 forma,
969 3619 1003 3676 et
1029 3613 1105 3676 ben.
1131 3612 1212 3677 eccl.
1238 3632 1266 3677 c.
1294 3633 1323 3677 c.
1340 3613 1394 3677 vel
1410 3632 1435 3679 s.
1451 3632 1490 3694 c.,
1506 3619 1663 3697 spectans

305 3717 529 3782 communiter
558 3718 613 3781 vel
639 3716 771 3782 divisim
786 3716 830 3782 ad
845 3718 931 3797 coll,
948 3725 1023 3797 etc,
1040 3717 1169 3783 abbatis
1196 3725 1231 3782 et
1257 3724 1445 3784 conventus
1470 3715 1662 3783 monasterii

305 3819 337 3884 S.
362 3820 510 3887 Bavonis
535 3821 734 3903 Gandensis,
761 3821 949 3887 Tomacen.
975 3819 1073 3902 dioc,
1101 3820 1134 3884 in
1161 3840 1250 3906 spec.
1276 3840 1325 3905 gr.
1351 3842 1411 3907 per
1433 3822 1559 3886 litteras
1574 3817 1613 3883 V.
1630 3818 1663 3883 S.

305 3930 473 4009 expectat,
500 3946 582 4009 quas
597 3925 733 4011 quidem
760 3926 889 3990 litteras
904 3925 938 3989 in
962 3924 1069 3990 forma
1085 3924 1254 3989 communi
1282 3932 1317 3989 et
1343 3943 1516 4012 processus
1529 3943 1590 4008 per
1603 3940 1663 3986 eos

305 4026 448 4109 habitos,
463 4028 525 4093 sibi
551 4028 678 4095 dudum
693 4028 727 4092 in
754 4027 942 4113 hujusmodi
968 4028 1115 4093 secunda
1138 4028 1246 4112 gratia
1272 4035 1467 4107 reservatos,
1483 4027 1662 4093 decernere

305 4129 488 4215 dignemini
514 4131 625 4216 quoad
640 4151 776 4217 presens
791 4131 825 4196 in
841 4132 943 4217 pleno
953 4134 1071 4197 robore
1081 4150 1277 4217 permanere
1291 4154 1300 4213 ;
1317 4152 1394 4197 cum
1407 4130 1480 4196 aliis
1494 4149 1562 4195 non
1574 4129 1661 4194 obst.

305 4276 348 4284 —
366 4233 443 4300 Fiat
459 4234 500 4300 R.

353 4388 454 4447 1328.
473 4380 561 4446 Item
576 4403 671 4469 supp.
688 4381 777 4448 idem
791 4380 1060 4449 Aldebrandinus
1087 4388 1177 4465 quat.
1205 4380 1266 4446 sibi
1293 4380 1325 4445 in
1353 4401 1533 4467 personam
1546 4378 1663 4445 dilecti

305 4484 439 4571 nepotis
454 4483 504 4551 sui
519 4482 629 4568 Bindi,
645 4485 727 4553 dicti
751 4485 890 4551 Oliverii
916 4484 959 4551 de
986 4483 1120 4565 Baskio,
1137 4484 1246 4551 clerici
1271 4484 1444 4551 Tudertin.
1459 4483 1556 4566 dioc,
1572 4502 1664 4569 spec.

304 4608 352 4673 gr.
369 4589 529 4658 facientes
544 4589 653 4656 eidem
668 4588 710 4654 de
727 4598 890 4676 perpetua
901 4586 1089 4677 capellania
1105 4588 1233 4674 capelle
1249 4587 1280 4655 S.
1293 4590 1392 4655 Anne
1408 4588 1471 4654 site
1485 4588 1519 4653 in
1535 4587 1616 4653 eccl.
1629 4584 1663 4651 S.

307 4730 351 4741 -ο

340 4809 362 4858 l.
375 4808 437 4855 Voir
448 4820 473 4856 n.
485 4807 577 4856 62511
594 4808 675 4869 figure
691 4822 754 4855 avec
770 4821 816 4854 son
835 4806 929 4870 tpouse
946 4807 969 4855 le
986 4807 1001 4854 8
1018 4806 1118 4867 jarrvier
1135 4804 1198 4852 1336
1215 4802 1361 4866 (Devillers,
1378 4801 1474 4852 θανιιιὶ.
1486 4798 1522 4849 du
1534 4798 1663 4859 Haimut,
1690 4861 1692 4865 .

306 4895 349 4947 ap.
361 4880 534 4942 Reiftenberg,
546 4878 665 4939 Emesa„
675 4878 727 4940 -lll,
740 4878 809 4941 805).
821 4908 854 4916 -
864 4882 887 4929 2.
899 4878 962 4926 Volr
973 4894 998 4927 n.
1012 4880 1081 4938 11³7,
1095 4878 1165 4926 1296.
1177 4904 1208 4915 -
1220 4878 1243 4926 b.
1254 4874 1316 4925 Volr
1328 4890 1353 4924 u.
1366 4878 1435 4935 1212,
1448 4876 1518 4934 lass,
1534 4872 1602 4921 1³00.
