3650 5675
700 540 790 615 1845,
813 539 897 605 10-12
920 556 1009 603 mars.
1475 539 1538 603 208

172 694 253 759 data
269 714 363 759 suurn
379 694 536 760 sortiatur
552 692 719 773 effectum,
735 699 901 771 tenentes,
919 690 1019 756 Pater
1033 690 1237 772 beatissime,
1261 690 1352 775 quod
1370 711 1412 756 ex
1427 691 1539 776 hujus-

173 796 267 862 modi
288 797 394 881 gratia
408 818 477 863 non
493 796 605 861 minus
618 794 850 881 provideretur
865 794 1007 859 ecclesie
1022 815 1123 878 quam
1135 815 1277 880 persone
1290 818 1299 876 ;
1315 795 1444 861 dictam
1455 795 1487 861 S.
1497 794 1538 860 V.

174 909 352 967 conservet
374 900 553 967 altissimus
576 898 717 967 ecclesie
732 919 790 964 sue
805 906 921 963 sancte
937 897 1087 963 felicibus
1101 899 1310 985 temporibus
1325 907 1360 964 ct
1375 900 1538 984 longevis.

173 1045 217 1055 —
235 1003 311 1071 Fiat
325 1025 394 1071 non
411 1007 496 1070 obst.
511 1006 604 1071 dicta
621 1006 778 1084 clausula,
795 1003 853 1069 sed
869 1002 911 1068 de
926 1003 1006 1069 data
1021 1004 1168 1089 presenti
1185 1003 1226 1069 R.

219 1108 298 1174 Dat.
315 1128 369 1195 ap.
385 1108 635 1175 Villamnovam
652 1127 670 1192 7
687 1107 730 1173 id.
746 1115 845 1172 mart.
863 1113 896 1171 a⁰
913 1114 956 1192 3⁰.
972 1107 1023 1191 (6,
1040 1108 1124 1193 77¹).

229 1260 338 1343 822.
1213 1296 1232 1339 r
1234 1293 1308 1358 345,
1325 1295 1367 1340 ro
1390 1296 1495 1341 mart.

220 1380 321 1466 Supp.
339 1378 505 1465 Hugonus
520 1379 670 1459 Gautier,
686 1388 779 1465 quat.
798 1378 1065 1465 [consanguineo
1076 1400 1147 1459 suo,
1160 1377 1180 1456 J
1183 1379 1306 1443 ohanni
1320 1378 1362 1444 de
1375 1378 1538 1459 Pelissier,

176 1484 273 1571 cleu]
291 1483 458 1550 Tutellen.
474 1484 573 1565 dioc,
588 1484 741 1570 parroch.
757 1485 840 1549 eccl.
857 1482 888 1549 S.
907 1482 956 1547 M.
973 1482 1015 1548 dc
1037 1482 1202 1548 Fontanis
1218 1481 1367 1563 Goberti,
1383 1481 1540 1548 Camera-

176 1606 250 1652 cen.
266 1586 364 1667 dioc,
381 1587 473 1671 cujus
488 1588 645 1654 fructus...
664 1606 702 1672 25
719 1587 776 1653 lib.
793 1586 907 1667 Paris,
919 1606 984 1651 sec.
1000 1593 1069 1652 tax.
1086 1586 1223 1669 antique
1238 1585 1378 1668 decime,
1391 1588 1540 1651 valorem

177 1709 328 1755 annuum
343 1710 413 1755 non
437 1690 617 1771 excedunt,
644 1691 687 1757 de
713 1711 780 1775 qua
795 1710 902 1776 nuper
917 1710 1002 1771 vac,
1019 1710 1080 1776 pro
1106 1710 1147 1754 eo
1171 1689 1262 1774 quod
1277 1689 1416 1774 Symon,
1432 1688 1541 1755 dictus
1638 1770 1641 1773 ῃ

177 1791 360 1858 Levoiseus
372 1793 414 1858 de
430 1792 597 1880 Pertaing,
615 1795 695 1860 olim
710 1794 801 1861 dicte
817 1796 899 1860 eccl.
916 1802 1035 1874 rector,
1042 1793 1195 1879 parroch.
1212 1794 1294 1859 eccl.
1310 1792 1483 1858 SMartini
1499 1793 1541 1858 de

177 1895 284 1977 Loen,
302 1885 469 1963 Morinen.
485 1897 583 1978 dioc,
611 1907 700 1965 auct.
716 1898 904 1963 litterarum
920 1904 1105 1963 vestrarum
1121 1896 1278 1963 extiterat
1293 1898 1436 1983 pacifice
1452 1918 1540 1963 assc-

177 2008 284 2082 cutuS,
301 2000 374 2067 SV.
390 2001 536 2079 Jolranni
553 2002 667 2083 Vituli,
685 2002 762 2068 cler.
780 2000 948 2067 Morinen.
958 2000 1056 2081 dioc,
1072 2001 1216 2084 gratiose
1231 2000 1388 2087 providit,
1398 2011 1433 2065 et
1449 2009 1541 2086 post·

176 2104 326 2185 modum,
343 2114 524 2189 antequam
540 2106 652 2171 littere
667 2106 773 2190 gratie
789 2105 990 2190 provisionis
1014 2104 1204 2189 hujusmodi
1219 2106 1347 2169 bullate
1371 2113 1493 2185 essent,
1510 2104 1539 2169 ei

178 2208 330 2273 similiter
353 2210 395 2273 de
418 2209 571 2295 parroch.
599 2211 681 2275 eccl.
711 2210 752 2275 de
769 2209 1020 2288 Vulvrinchem,
1044 2208 1136 2274 dicte
1153 2206 1320 2273 Morinen.
1341 2208 1439 2289 dioc,
1456 2229 1540 2289 vac,

178 2312 282 2377 etiam
297 2313 499 2398 providistis,
515 2322 551 2379 et
566 2335 630 2398 que
643 2313 778 2397 quidem
795 2314 877 2379 eccl.
894 2312 936 2378 de
953 2311 1116 2377 Fontanis
1131 2310 1270 2377 Goberti
1285 2332 1346 2398 per
1360 2313 1542 2379 assecutio·

176 2436 257 2479 nem
272 2416 446 2501 pacificam
462 2417 552 2483 dicte
568 2418 650 2482 eccl.
665 2417 708 2482 de
724 2416 965 2482 Vulvrinchern
990 2415 1024 2480 in
1050 2415 1204 2501 proximo
1227 2433 1349 2479 vacare
1380 2422 1540 2499 speratur,

176 2518 417 2585 conferendam
431 2520 524 2585 dicto
550 2520 709 2601 Johanni,
732 2520 826 2613 dum·
836 2540 896 2605 per
917 2518 1106 2603 hujusmodi
1130 2517 1375 2585 assecutionem
1396 2518 1541 2598 vacabit,

176 2623 352 2690 donationi
369 2633 477 2709 apost.
493 2624 676 2708 dignemini
691 2643 870 2689 reservare.
892 2660 925 2670 -
946 2622 1024 2688 Fiat
1041 2621 1081 2687 R.

221 2726 300 2793 Dat.
316 2747 370 2813 ap.
387 2726 638 2793 Villamnovam
656 2732 673 2791 6
690 2726 733 2793 id.
749 2734 847 2791 mart.
865 2733 899 2792 a⁰
916 2733 958 2810 3-0.
975 2727 1024 2811 (6,
1042 2726 1123 2810 Sal).

230 2881 342 2969 823.
1224 2913 1318 2979 1345,
1335 2915 1376 2960 rr
1393 2917 1498 2961 mare.

221 3001 323 3086 Supp.
340 3009 451 3066 vester
466 3020 538 3085 cap.
555 2999 772 3084 J(ohannes),
790 2999 931 3066 Remen.
954 2999 1159 3084 archiepisc,
1175 3008 1265 3083 quat.
1290 2999 1485 3086 [secretario
1507 3007 1543 3064 et

179 3123 256 3188 cap.
272 3123 343 3182 suc,
369 3101 549 3169 Guillelmo
565 3103 744 3184 Piffondet,
760 3103 899 3189 presb.,]
918 3103 1049 3169 decan.
1072 3111 1108 3168 et
1132 3105 1226 3188 preb.
1251 3103 1445 3184 Sicliniensi,
1461 3102 1544 3168 Tor-

177 3227 299 3272 nacen.
313 3206 412 3286 dioc,
428 3227 502 3273 vac.
519 3208 552 3271 in
569 3227 636 3272 cur.
653 3227 712 3292 per
726 3207 977 3292 promotionem
993 3206 1083 3271 dom.
1107 3205 1267 3272 Hominis
1283 3214 1292 3240 ¹
1312 3207 1354 3273 ad
1370 3208 1544 3293 episcopa-

177 3318 250 3374 tum
266 3307 433 3375 Taranen.
443 3310 627 3395 dignemini
643 3312 819 3396 providere
835 3335 844 3391 ;
872 3332 941 3377 non
957 3313 1043 3376 obst.
1059 3311 1150 3395 quod
1170 3332 1273 3376 unam
1296 3312 1487 3397 portionem
1511 3313 1544 3376 in

177 3413 209 3477 S.
226 3411 410 3478 Laurentio
424 3413 467 3478 de
484 3413 516 3480 S.
533 3414 706 3481 Salvatore
723 3413 897 3496 Lendelin,
914 3414 1147 3481 Constantien.
1168 3415 1266 3496 dioc,
1287 3416 1436 3481 noscitur
1459 3415 1544 3480 o'bti-

177 3537 268 3582 nere.
289 3557 333 3566 -
354 3515 432 3581 Fiat
456 3516 496 3583 R.

223 3620 304 3686 Dat.
321 3642 375 3708 ap.
392 3621 642 3688 Villamnovam
660 3643 676 3707 5
695 3623 739 3688 id.
755 3630 852 3687 mart.
870 3629 902 3686 a⁰
920 3629 962 3706 3⁰.
979 3621 1029 3706 (6,
1046 3622 1115 3707 84).
1139 3657 1142 3664 ·

231 3773 473 3858 824·825.
1226 3806 1321 3871 1345>
1339 3807 1378 3851 12
1396 3808 1500 3852 mars.

224 3893 327 3979 Supp.
353 3892 583 3978 RaymunduS,
612 3889 778 3957 Morinen.
803 3891 916 3978 episc,
936 3900 1028 3975 quat.
1047 3891 1180 3977 [nepoti
1207 3912 1278 3971 suo,
1305 3889 1476 3956 Benrardo
1502 3891 1544 3956 de

180 3996 395 4062 Castanhaco
404 4007 424 4077 ²,
435 3996 530 4083 cleu]
545 3995 709 4060 Rivorum
717 3996 817 4076 dioc,
827 3995 869 4060 de
880 3995 937 4060 off.
947 3997 1002 4059 vel
1010 3998 1087 4061 ben.
1098 4015 1311 4079 quocumque
1320 3994 1457 4059 nomine
1468 4015 1544 4059 cen-

178 4108 300 4180 seatur,
310 4099 413 4165 etiam
429 4101 455 4165 si
471 4099 549 4184 dign
555 4149 573 4180 .,
586 4099 931 4184 archipresbyteratus
939 4099 995 4162 vel
1003 4119 1090 4183 pers.
1102 4098 1226 4162 existat
1241 4106 1276 4162 et
1292 4117 1405 4163 curam
1421 4097 1544 4164 habeat

179 4203 367 4267 animarum
383 4212 418 4268 et
432 4204 467 4267 in
484 4204 566 4268 eccl.
580 4202 669 4268 cath.
685 4204 739 4267 vel
764 4202 881 4285 colleg.
907 4202 1038 4281 existat,
1055 4201 1082 4266 si
1112 4201 1195 4287 quis,
1212 4201 1238 4266 si
1262 4221 1328 4285 qua
1341 4202 1396 4265 vcl
1412 4202 1438 4265 si
1455 4202 1545 4285 quod

179 4313 282 4370 vacat
298 4305 342 4370 ad
367 4326 512 4392 presens,
538 4305 581 4371 ad
596 4307 705 4372 coll...
721 4305 833 4390 episc,
850 4304 923 4370 dec.
940 4312 973 4369 et
998 4325 1071 4390 cap.
1087 4305 1298 4385 Ambianen,
1322 4305 1546 4370 communiter

179 4412 235 4474 vel
250 4409 582 4494 divisim,dignemini
599 4408 774 4495 providere
790 4408 844 4472 vel
857 4427 1025 4472 reservare
1037 4407 1147 4473 eidem
1164 4407 1337 4474 Bernardo
1353 4429 1430 4474 cum
1445 4430 1544 4474 vacu-

181 4513 268 4579 verit
283 4513 521 4579 conferendum
534 4513 588 4578 vel
605 4511 842 4579 conferendam
857 4534 866 4591 ;
882 4532 953 4577 non
968 4514 1054 4577 obst.
1067 4511 1158 4596 quod
1168 4511 1257 4578 idem
1268 4511 1455 4578 Bernardus
1470 4533 1544 4578 can.

181 4627 217 4684 et
232 4619 325 4703 preb.
350 4617 384 4682 in
411 4617 492 4683 eccl.
510 4618 628 4701 colleg.
653 4616 684 4681 S.
711 4615 851 4681 Martini
879 4613 1094 4680 Hisdinensis
1118 4623 1153 4679 et
1177 4613 1216 4683 B.
1234 4614 1283 4681 M.
1307 4616 1350 4681 de
1378 4615 1544 4698 Messinis,

183 4721 352 4787 Morinen.
368 4721 465 4802 dioc,
482 4721 634 4786 obtineat
650 4728 684 4785 et
700 4718 791 4803 quod
807 4717 841 4782 in
864 4719 1007 4783 ccclesia
1030 4716 1194 4783 Rivorum
1210 4739 1252 4782 ex
1267 4720 1372 4804 gratia
1387 4721 1419 4786 S.
1436 4719 1486 4801 V.,
1503 4720 1546 4785 ad

218 4974 240 5020 l.
253 4972 404 5030 Homodeus,
414 4985 513 5034 pourvu
522 4971 557 5019 du
566 4969 633 5030 slepe
641 4969 673 5018 de
681 4971 764 5018 Teano
773 4970 875 5031 (ltnlio)
884 4969 907 5016 le
916 4968 1037 5030 lssjuillet
1048 4969 1219 5029 rarafflubol,
1228 4969 1247 5029 l,
1257 4971 1383 5027 ,ἤθη-2.
1391 4967 1453 5014 l'oir
1462 4969 1536 5014 1159?
