3650 5675
707 537 795 620 1348,
818 540 854 604 21
876 540 1004 606 nubre.
1474 542 1536 610 385

172 689 279 754 credit
306 689 348 754 de
371 689 444 773 jure
471 696 625 769 vacante,
652 687 695 753 de
720 687 840 772 quibus
864 697 1001 775 propter
1020 689 1326 775 occupationem...
1355 692 1449 756 litem
1472 691 1537 758 for-

172 793 279 859 midat
295 801 330 859 et
345 793 388 858 de
403 814 477 860 can.
493 796 553 858 sub
575 814 651 879 exp.
667 795 759 880 preb.
775 792 809 857 in
837 795 919 860 eccl.
945 793 978 859 S.
994 793 1083 858 Petri
1109 793 1289 860 insulensis
1303 802 1339 860 et
1363 793 1400 860 Β.
1419 793 1468 860 M.
1492 795 1535 862 de

171 897 358 977 Anthonio‚
375 896 564 963 Tomacen.
589 905 624 962 et
645 897 859 963 Cameracen.
881 897 980 979 dioc,
996 915 1055 964 seu
1070 897 1161 982 quod
1181 901 1322 966 alteram
1338 900 1534 984 porcionem

171 1002 308 1086 paroch.
334 1000 473 1066 ecclesie
488 1002 531 1067 de
547 1001 696 1082 Gistella,
713 1002 803 1067 dicte
818 1000 1006 1068 Tomacen.
1029 1002 1127 1083 dioc,
1145 1004 1298 1068 obtineat
1314 1003 1347 1067 in
1364 1001 1533 1085 Flandriu,

171 1107 227 1171 ubi
254 1113 391 1191 propter
419 1124 609 1190 guerrarum
634 1112 669 1168 et
696 1103 864 1169 interdicti
894 1103 1052 1170 timorem
1078 1103 1222 1170 residere
1251 1122 1320 1170 non
1351 1104 1463 1171 audet.
1489 1146 1533 1155 —

173 1207 249 1274 Fiat
266 1208 307 1273 R.

214 1312 292 1378 Dat.
308 1311 409 1377 Avin.
430 1332 465 1396 15
483 1311 549 1377 kal.
565 1332 644 1376 nor.
657 1318 689 1375 a⁰
707 1319 749 1396 7⁰.
766 1312 940 1401 (15,281>,

223 1458 367 1540 1442.
861 1465 864 1472 ’
1184 1461 1331 1555 134331
1349 1463 1487 1537 octobre.

213 1576 303 1660 Sign.
319 1575 351 1641 S.
367 1573 407 1641 V.
424 1574 650 1660 Engilbertus,
666 1575 768 1660 episc.
785 1572 957 1656 Leodien.,
974 1571 1065 1660 quod
1088 1573 1214 1641 dudum
1234 1583 1379 1640 vacante
1395 1568 1530 1642 abbatia

169 1679 328 1744 secularis
354 1679 495 1744 ecclesie
518 1678 742 1758 Amaniensis,
760 1675 921 1744 Leodien.
946 1677 1044 1761 dioc,
1070 1699 1099 1744 c.
1124 1695 1164 1759 c,
1180 1693 1239 1765 per
1254 1686 1399 1744 mortem
1423 1679 1531 1744 ultimi

171 1783 302 1848 abbatis
316 1782 475 1866 ejusdem,
491 1782 534 1847 de
545 1781 617 1867 ipsa
629 1782 766 1848 abbatia
780 1782 844 1846 fuit
859 1781 1023 1848 canonice
1035 1776 1205 1868 provisum
1220 1783 1324 1849 nobili
1340 1783 1412 1849 viro
1427 1783 1531 1850 Adul—

170 1887 240 1971 pho
254 1885 297 1953 de
312 1879 497 1951 Waldecke
514 1896 533 1965 ¹,
548 1887 661 1950 abbati
677 1886 805 1972 prefate
821 1885 963 1952 ecclesie
977 1879 1200 1966 Amaniensis,
1216 1878 1353 1973 ipseque
1376 1886 1531 1953 inductus

172 1989 234 2054 fuit
249 1989 413 2055 canonice
428 1989 462 2054 in
478 1989 687 2074 corporalem
713 1989 959 2075 possessionem
980 1989 1069 2056 dicte
1086 1991 1220 2057 abbatie
1236 1998 1272 2056 et
1286 1991 1345 2056 lite
1360 1991 1530 2076 pendente

169 2111 269 2178 super
284 2092 355 2178 ipsa
370 2092 507 2157 abbatia
522 2091 609 2156 inter
624 2091 769 2158 eundern
784 2091 984 2178 lidulphum
1006 2110 1047 2158 ex
1063 2102 1159 2179 parre
1175 2111 1241 2159 urta
1250 2101 1286 2160 et
1303 2091 1472 2160 Ferricum
1488 2093 1530 2160 de

170 2195 310 2262 Piconio
326 2209 337 2234 ²
353 2215 395 2260 ex
411 2196 518 2260 altera
533 2195 624 2281 apud
650 2197 766 2262 sedem
793 2204 907 2284 apost..
928 2217 968 2263 sc
992 2197 1080 2264 datis
1106 2189 1253 2264 articulis
1272 2216 1332 2285 per
1355 2187 1530 2284 utramque

167 2309 299 2386 partem
313 2299 544 2385 predictorum
559 2300 672 2385 eisque
688 2301 731 2367 ad
745 2301 958 2387 probandum
969 2303 1071 2367 etiam
1087 2295 1181 2368 extra
1197 2299 1389 2368 Romanam
1405 2303 1530 2368 curiam

170 2404 323 2470 admissis
344 2423 479 2469 necnon
503 2404 701 2488 quibusdam
731 2406 1020 2490 appellacionibus
1045 2405 1250 2491 interpositis
1270 2407 1312 2471 ab
1329 2397 1530 2473 admissione

171 2507 325 2592 predicta
339 2524 399 2593 per
413 2515 527 2593 partes
542 2507 677 2573 easdem
694 2517 775 2574 ante
799 2526 937 2574 omnem
961 2510 1168 2574 sentenciam
1192 2499 1406 2574 diffinitivam
1422 2511 1531 2576 dictus

171 2609 347 2696 Adulphus
362 2611 396 2676 in
411 2612 621 2696 possessione
636 2612 766 2698 prefate
776 2611 911 2678 abbatie
923 2611 1069 2678 existens
1079 2598 1173 2678 extra
1189 2603 1288 2678 Rom.
1304 2613 1428 2677 curiam
1440 2613 1530 2678 diem

171 2734 267 2778 suum
283 2715 403 2780 clausit
417 2724 616 2781 extremum.
631 2716 745 2800 Quare
767 2733 863 2802 supp.
890 2713 1040 2802 prelatus
1054 2715 1240 2801 episcopus,
1257 2709 1301 2780 ad
1324 2731 1424 2799 quem
1447 2701 1531 2800 eius-

170 2815 249 2883 dem
265 2817 399 2884 abbatie
425 2818 577 2901 collacio,
594 2819 741 2906 provisio
768 2839 826 2885 seu
850 2820 967 2904 queris
989 2819 1056 2886 alia
1079 2819 1262 2906 disposicio
1285 2829 1417 2908 spectat
1443 2827 1531 2889 auct.

170 2921 345 3003 ordinaria,
352 2931 443 3006 quat.
459 2922 665 3010 [consiliario
680 2932 715 2989 et
730 2924 909 2991 secretario
925 2940 995 3005 suc,
1011 2923 1172 3009 magistro
1189 2920 1327 2991 Elberto
1343 2918 1385 2991 de
1401 2923 1531 2991 Bettin-

169 3034 275 3107 court,
288 3027 454 3093 canonico
467 3026 646 3093 Leodiensi
657 3029 695 3115 ³,]
710 3029 858 3112 graciam
874 3028 1037 3095 iacientes
1052 3029 1243 3114 specialem,
1259 3028 1403 3095 eundem
1417 3028 1531 3095 Elber·

168 3138 243 3195 tum
258 3129 303 3196 ad
318 3152 418 3197 omne
430 3133 484 3217 jus
500 3140 534 3197 et
550 3132 584 3197 in
608 3134 699 3199 omni
712 3135 795 3219 jure,
812 3132 903 3219 quod
928 3132 1194 3219 dicto-adulpho
1218 3132 1253 3197 in
1281 3134 1416 3199 abbatia
1431 3142 1466 3199 et
1488 3133 1531 3200 ad

169 3257 246 3301 eam
263 3237 481 3321 competebat
496 3242 531 3301 et
546 3230 649 3301 hodie
664 3243 873 3323 competeret
885 3236 912 3301 si
922 3234 1052 3301 viveret
1063 3242 1098 3299 et
1109 3234 1144 3299 in
1155 3232 1213 3299 lite
1229 3242 1264 3299 et
1279 3254 1380 3301 causa
1393 3244 1428 3301 et
1443 3244 1531 3301 statu

168 3359 281 3418 cause,
297 3338 383 3404 sicut
398 3345 472 3403 erat
486 3346 641 3424 tempore
656 3340 774 3405 mortis
789 3336 869 3405 dicti
894 3338 1044 3424 Adulpbi
1068 3345 1104 3404 et
1128 3346 1179 3403 est
1201 3335 1243 3403 de
1265 3338 1423 3425 presenti,
1439 3346 1474 3403 ct
1489 3340 1532 3405 ad

169 3442 416 3527 possessionem
439 3442 627 3528 predictam
645 3442 829 3529 dignemini
856 3442 1057 3509 substituere
1084 3448 1120 3507 et
1142 3444 1319 3527 subrogare
1347 3443 1531 3508 cumomni

168 3566 272 3610 onere
287 3554 322 3612 et
337 3547 475 3627 honore,
503 3568 715 3632 quacumque
740 3544 987 3613 constitucione
1013 3546 1178 3614 contraria
1203 3566 1273 3611 non
1300 3550 1455 3612 obstante
1470 3570 1479 3626 ;
1496 3555 1532 3612 et

169 3669 238 3714 non
255 3652 340 3715 obst.
357 3650 449 3734 quod
471 3650 561 3717 idem
589 3647 746 3715 Elbertus
761 3649 958 3717 Leodiensis
984 3658 1020 3715 et
1035 3647 1238 3736 Dyonensis,
1255 3646 1416 3716 Leodien.
1432 3648 1529 3730 dioc,

167 3754 387 3819 canonicatus
402 3762 437 3819 et
448 3754 635 3839 prebendas
653 3772 787 3820 necnon
799 3752 1052 3821 Cameracensis
1064 3774 1138 3819 can.
1149 3754 1220 3818 sub.
1233 3772 1308 3839 exp.
1318 3755 1410 3839 preb.
1423 3751 1530 3817 eccle-

166 3857 292 3922 siarum
308 3878 348 3923 ac
363 3879 457 3943 perp.
473 3858 652 3924 rectoriam
669 3860 782 3925 altaris
798 3857 837 3925 B.
852 3854 873 3936 J
875 3858 1017 3924 ohannis
1035 3856 1098 3923 Eu.
1115 3856 1168 3923 siti
1186 3856 1220 3921 in
1237 3856 1318 3922 eccl.
1335 3856 1471 3942 paroch.
1487 3857 1529 3922 de

203 4096 225 4141 l.
242 4094 362 4157 Anaphe
371 4094 405 4144 de
414 4095 539 4144 Walrlock
551 4104 588 4143 est
600 4092 651 4143 cite
662 4108 761 4144 comme
773 4096 864 4158 pressit
875 4096 908 4144 de
919 4092 995 4145 N.-D.
1007 4096 1022 4144 d
1034 4092 1133 4143 Numnr
1145 4094 1169 4142 le
1180 4094 1209 4142 12
1221 4092 1355 4144 decembr-c
1365 4096 1428 4143 13211
1441 4092 1529 4159 (Ball.

169 4167 234 4217 last.
245 4168 317 4216 arel.
330 4168 395 4230 liip,
408 4170 456 4228 IX,
469 4170 536 4231 337),
549 4175 576 4217 et
587 4182 685 4217 comme
696 4168 763 4218 ebbe
774 4170 799 4217 le
810 4172 841 4219 28
858 4168 915 4231 juin
930 4168 990 4218 1335
1011 4168 1072 4230 (Ila,
1086 4168 1154 4230 338).
1167 4166 1191 4217 Il
1202 4172 1242 4216 est
1252 4166 1349 4230 signnld
1360 4182 1459 4219 comme
1470 4170 1528 4219 chn-

170 4242 246 4289 noine
257 4240 291 4289 de
302 4240 379 4302 Libge
390 4240 436 4290 des
448 4244 509 4292 1335
522 4242 567 4304 (de
580 4243 675 4301 Tlreux,
685 4243 720 4303 ll,
733 4244 785 4304 55),
795 4251 822 4291 et
831 4257 931 4293 comme
941 4241 1008 4291 abbe
1019 4242 1130 4304 d’rlrnay
1141 4256 1173 4291 en
1187 4244 1249 4291 1333
1266 4248 1293 4291 et
1307 4244 1368 4291 1343
1384 4243 1468 4305 (lla).
1481 4247 1529 4294 Sur

169 4326 215 4360 son
224 4310 314 4375 proebe
323 4328 387 4363 erec
404 4316 485 4377 Ferry
496 4314 529 4363 dc
541 4315 689 4377 Picquigny,
711 4312 813 4365 nomme
827 4317 954 4365 cbsnoine
973 4316 1005 4363 rle
1017 4312 1095 4378 Lnga
1105 4330 1167 4364 arec
1184 4317 1345 4379 expectatire
1356 4316 1388 4365 dc
1401 4316 1530 4379 prebende

169 4387 192 4434 le
203 4386 234 4435 31
252 4400 320 4436 mars
333 4388 395 4436 1335
406 4388 504 4451 (Vidul,
516 4403 542 4437 n.
555 4388 622 4451 703),
632 4404 666 4438 au
678 4390 746 4449 suist
763 4388 796 4437 de
806 4386 943 4438 l'abbatiat
959 4384 1070 4450 d'Amny
1091 4390 1158 4452 (noir
1171 4386 1270 4445 idimon
1280 4386 1355 4447 Koll,
1369 4392 1483 4451 235263,
1496 4394 1529 4439 (111

169 4460 187 4507 il
199 4460 259 4508 faut
269 4460 316 4510 lire
327 4462 451 4510 Piaconio
464 4478 498 4511 su
509 4463 561 4511 lieu
572 4463 605 4511 ‹le
617 4462 798 4524 Pincer·ao).-
807 4466 829 4511 2.
840 4464 888 4510 Sur
900 4462 980 4523 Ferry
992 4460 1023 4509 dc
1036 4462 1185 4523 Picquigny,
1198 4463 1253 4509 voir
1264 4462 1297 4509 ‹le
1306 4462 1401 4521 Theux,
1412 4460 1447 4523 11,
1459 4468 1530 4513 tn·-

168 4535 192 4581 3.
201 4532 293 4582 Elbert
304 4534 337 4582 de
346 4534 516 4594 Bettincourt,
529 4534 580 4583 cite
591 4550 690 4584 comme
701 4534 762 4583 cure
784 4535 816 4585 ‹le
836 4535 986 4584 Bindcrrelt
997 4535 1021 4583 le
1032 4536 1061 4583 14
1072 4535 1138 4583 avril
1151 4536 1210 4583 1331
1225 4534 1312 4597 (Bull.
1324 4534 1355 4583 de
1367 4536 1529 4587 Phratemis.

168 4604 234 4669 lie'q,
250 4606 284 4666 X,
302 4608 367 4669 491),
380 4620 479 4657 comme
489 4608 616 4658 ebanoine
625 4608 660 4656 de
671 4609 695 4658 Β.
713 4608 809 4658 Paula
823 4600 894 4659 cette
911 4606 973 4657 date
985 4605 1039 4670 (11.
1042 4610 1065 4670 ),
1083 4608 1167 4670 doyen
1179 4604 1226 4656 dbs
1242 4608 1267 4656 le
1286 4609 1317 4655 21
1328 4605 1414 4669 juillet
1426 4604 1527 4659 sitirent

167 4678 323 4741 (analecta,
336 4680 438 4743 XVIII,
448 4684 486 4742 35,
495 4696 558 4731 arec
566 4683 683 4731 laisusse
693 4683 755 4731 dato
762 4682 796 4731 dc
807 4684 866 4731 lsai
879 4698 886 4739 ;
898 4683 932 4732 cf.
945 4681 1084 4739 diluluum,
1093 4679 1140 4740 sl,
1151 4682 1215 4740 489),
1226 4696 1258 4729 cn
1269 4680 1332 4731 1332
1343 4682 1420 4743 (Piot,
1427 4684 1531 4733 currunt

167 4751 212 4801 ries
227 4750 319 4802 dmm
335 4752 367 4802 rie
378 4752 485 4813 Ναηηιν,
499 4769 524 4804 n.
542 4755 606 4813 543),
619 4754 745 4804 chanoine
757 4754 789 4804 de
802 4758 826 4806 S.
840 4754 963 4804 [ambert
974 4752 1019 4804 des
1032 4754 1093 4810 1338
1107 4752 1153 4817 (dc
1172 4751 1267 4814 tneux,
1281 4752 1315 4813 ll,
1329 4757 1377 4819 65),
1389 4756 1413 4806 lc
1430 4758 1461 4805 23
1472 4756 1529 4818 juin

170 4827 234 4874 1358
246 4827 451 4886 (Schooubroodt
470 4828 554 4878 Vel-S.
567 4828 694 4888 Lern-bert,
708 4831 727 4888 Ι,
741 4830 808 4891 222),
833 4830 924 4893 prerbt
941 4829 973 4878 de
986 4830 1010 4880 S.
1023 4830 1121 4878 Martia
1132 4831 1148 4877 1
1160 4828 1238 4890 Liege
1249 4828 1294 4877 dbs
1305 4828 1330 4877 le
1341 4832 1372 4877 27
1384 4832 1446 4880 sobt
1459 4833 1529 4890 1312,
1612 4861 1615 4867 -

165 4896 542 4966 (amianarum
553 4903 624 4963 aaut,
637 4898 1004 4965 naussonnumdninsy,
1026 4899 1140 4965 (1111551,
1158 4899 1283 4962 naama,
1304 4902 1323 4958 1,
1346 4890 1412 4966 sio),
1433 4906 1532 4968 signatr-

168 4987 269 5021 commc
280 4972 375 5024 (1611634
386 4976 411 5025 le
429 4978 459 5025 13
469 4976 534 5026 sont
546 4974 771 5039 13533103111113,
785 4975 822 5038 11,
835 4978 886 5035 oa,
901 4970 1043 5026 &mdo
1052 4970 1218 5035 namanes,
1233 4971 1278 5037 isli,
1288 4975 1358 5039 333).

221 5064 285 5107 Anni.
299 5064 348 5107 Vnt.
365 5064 428 5115 Belg,
1459 5084 1482 5120 ²5
