3650 5675
708 513 794 587 1844,
819 512 869 577 2-7
891 530 980 579 mars.
1469 518 1527 583 157

159 662 354 748 pertinebat
369 668 404 726 et
418 660 565 746 pertinet
580 660 623 727 ad
637 682 749 747 regern
771 663 891 747 Anglie
912 664 992 729 etsi
1017 664 1100 729 alias
1122 664 1244 730 viderit
1266 667 1423 752 expedire
1441 678 1459 732 ¹.
1485 667 1527 733 R.

206 768 286 832 Dat.
303 786 358 851 ap.
375 763 626 831 Villamnovam
644 768 662 831 8
678 766 745 831 kal.
761 773 860 831 mart.
877 773 910 831 a‘’
928 774 971 832 2⁰.
989 768 1040 851 (4,
1058 770 1148 853 219).

214 903 322 987 672.
1224 937 1354 1001 1344st
1380 942 1482 985 arture.

206 1023 262 1088 8⁰¹⁰
274 1022 384 1088 Pater.
396 1021 448 1085 Ex
461 1020 671 1086 ordinatione
683 1040 789 1105 nuper
800 1019 888 1086 facta
900 1040 960 1106 per
971 1019 1044 1085 dec.
1060 1030 1095 1085 et
1108 1021 1291 1107 capitulum
1306 1021 1528 1088 Tornacensis

161 1127 255 1207 eccl,
272 1126 388 1210 inqua
411 1124 536 1191 dudum
561 1124 668 1189 fuistis
694 1124 874 1189 canonicus
901 1126 992 1209 preb.
1020 1134 1055 1189 et
1081 1124 1335 1190 archidiaconus
1350 1136 1370 1205 ²,
1398 1134 1433 1191 et
1463 1148 1528 1211 que

161 1232 204 1298 de
228 1252 373 1317 persona
396 1237 508 1295 vestra
531 1229 709 1315 plurimum
732 1230 854 1294 meruit
877 1230 1045 1311 honorari,
1067 1229 1110 1295 ad
1133 1230 1266 1304 laudem
1290 1228 1370 1307 Jesu
1393 1231 1528 1313 Christi,

162 1334 383 1421 redemptoris
398 1333 513 1413 nostri,
527 1342 561 1397 et
577 1332 811 1417 gloriosissime
827 1332 971 1417 Virginis
982 1332 1152 1417 genitricis
1164 1354 1233 1413 sue,
1246 1334 1279 1397 in
1290 1335 1383 1420 cujus
1391 1336 1528 1401 nomine

163 1448 198 1504 et
224 1439 353 1504 honore
376 1435 505 1523 prefata
532 1436 672 1501 fundata
699 1444 749 1501 est
773 1436 925 1516 ecclesia,
953 1436 1090 1520 singulis
1115 1437 1271 1517 sabbatis,
1291 1437 1457 1505 inchoatis
1483 1440 1528 1504 ibi

162 1542 310 1628 vesperis
325 1541 427 1627 ipsius
449 1538 488 1605 B.
506 1539 555 1621 V.,
572 1541 722 1626 pulsatur
747 1560 871 1625 magna
897 1561 1064 1626 campana
1080 1550 1204 1607 vocata
1229 1541 1349 1622 Maria,
1367 1550 1402 1607 et
1429 1564 1528 1609 cano·

164 1644 240 1727 nici,
268 1642 435 1731 capellani
463 1643 632 1727 ceterique
659 1644 798 1709 chorum
826 1644 928 1731 ipsius
954 1645 1095 1710 ecclesie
1122 1645 1373 1730 frequentantes
1396 1667 1529 1732 proces·

163 1749 337 1815 sionaliter
359 1746 527 1813 accedunt
557 1756 637 1813 ante
668 1748 860 1831 ymaginem
887 1748 989 1834 ipsius
1015 1750 1237 1815 sacratissime
1270 1749 1405 1834 virginis
1434 1760 1529 1815 extra

164 1854 304 1918 chorum
321 1851 533 1932 existentem,
549 1858 584 1915 et
607 1850 765 1918 inchoata
781 1851 825 1916 ibi
842 1851 936 1916 flexis
951 1853 1089 1935 genibus
1104 1862 1139 1918 et
1162 1854 1391 1939 sollempniter
1405 1856 1529 1920 decan·

161 1964 236 2021 tata
259 1955 445 2041 antiphona
470 1953 569 2019 Salve
584 1954 716 2040 Regina
731 1954 890 2039 dictaque
905 1976 973 2021 una
996 1958 1138 2023 collecta
1153 1964 1176 2038 ⁸,
1192 1958 1353 2043 incipitur
1362 1958 1427 2023 alia
1443 1960 1529 2027 anti·

163 2060 277 2146 phona
290 2058 397 2123 Alma
420 2058 649 2145 Redemptoris
667 2058 782 2123 Mater
797 2068 832 2124 et
848 2060 881 2123 in
897 2080 1046 2144 regressu
1070 2061 1113 2125 ad
1137 2061 1277 2125 chorum
1301 2060 1530 2145 sollempniter

164 2164 371 2244 demutatur,
388 2172 423 2229 et
438 2170 476 2228 ut
492 2163 658 2228 ordinatio
682 2163 870 2248 hujusmodi
895 2164 1087 2249 diligentius
1114 2165 1307 2229 observetur
1323 2171 1414 2229 certa
1429 2183 1530 2249 pecu·

164 2266 221 2333 nia
236 2287 298 2353 pro
313 2266 501 2353 pulsatione
515 2286 679 2355 campane
696 2276 730 2332 et
746 2268 919 2334 canonicis
941 2276 976 2333 et
992 2266 1065 2333 aliis
1081 2268 1220 2332 chorum
1241 2267 1530 2352 frequentantibus

163 2380 246 2437 tunc
262 2358 307 2437 ibi
323 2370 532 2457 presentibus
558 2370 721 2451 tribuitur,
738 2380 875 2457 propter
901 2392 966 2456 que
990 2393 1031 2436 ex
1057 2392 1148 2438 nunc
1174 2372 1231 2436 illa
1247 2372 1330 2437 hora
1357 2370 1423 2435 fere
1439 2378 1531 2435 totus

164 2474 308 2560 populus
323 2474 509 2540 Tomacen.
520 2474 553 2538 in
570 2472 661 2539 dicta
674 2476 815 2540 ecclesia
832 2484 1063 2560 congregatur.
1081 2476 1193 2558 Quare
1209 2496 1304 2561 supp.
1316 2475 1347 2539 S.
1363 2472 1403 2539 V.
1421 2473 1529 2538 eidem

163 2579 237 2644 dec.
254 2586 290 2643 et
305 2598 390 2664 cap,
407 2586 497 2663 quat.
508 2578 653 2662 aliquam
670 2578 913 2661 indulgentiam
929 2597 1032 2663 perp,
1045 2576 1088 2642 de
1106 2598 1172 2661 qua
1189 2576 1299 2641 eidem
1311 2577 1342 2639 S.
1355 2576 1528 2660 placuerit,

164 2682 320 2749 omnibus
331 2702 410 2747 vere
425 2682 653 2768 penitentibus
668 2691 703 2746 et
726 2680 885 2747 confessis
910 2688 948 2746 et
973 2680 1165 2747 addictam
1190 2680 1366 2746 ecclesiam
1390 2679 1530 2744 indicta
1635 2678 1641 2685 ’

163 2788 247 2854 hora
261 2785 508 2853 confluentibus
522 2793 558 2852 et
580 2785 789 2872 presentibus
814 2784 1000 2852 concedere
1027 2784 1219 2870 dignemini,
1236 2793 1273 2849 ut
1296 2790 1425 2850 crescat
1448 2782 1529 2848 inibi

163 2891 280 2979 populi
292 2891 440 2972 devotio,
455 2898 651 2976 procuretur
666 2892 753 2956 salus
769 2891 958 2956 animarum
973 2899 1008 2955 et
1023 2910 1084 2975 pro
1101 2889 1196 2954 vobis
1218 2898 1380 2974 perpetua
1396 2887 1439 2952 ibi
1457 2887 1529 2952 fur.-

162 2997 261 3064 datur
276 2996 384 3062 oratio
400 2995 575 3062 Salvatori.
591 3035 634 3046 —-
659 2995 736 3060 Fiat
751 2994 792 3060 de
813 3016 872 3060 roo
887 2995 1005 3099 diebus
1017 2994 1050 3060 in
1062 2993 1213 3078 quolibet
1228 2995 1368 3058 sabbato
1385 2991 1425 3058 R.
1440 3028 1473 3040 -
1492 3000 1529 3057 et

163 3103 207 3167 sit
220 3110 386 3188 perpetuo
400 3099 559 3166 duratura
576 3099 615 3164 R.

209 3206 290 3271 Dat.
307 3225 361 3291 ap.
378 3203 625 3270 villamnovam
644 3207 661 3266 6
677 3223 757 3268 non.
774 3210 870 3268 mart.
887 3209 922 3266 a⁰
939 3210 982 3268 2⁰.
1000 3204 1052 3286 (4,
1070 3206 1175 3285 2²9⁹)-

218 3341 1327 3438 673.1344,
1346 3372 1364 3437 7
1381 3376 1484 3420 mm.

210 3461 312 3548 Supp.
328 3459 510 3540 Johannes,
527 3460 628 3546 episc.
646 3457 673 3522 F
675 3458 835 3538 orlirien,
852 3466 863 3502 ³
878 3466 969 3542 quat.
997 3456 1145 3544 [Jacobo
1170 3458 1212 3523 de
1237 3457 1374 3524 Codolis
1388 3469 1408 3540 ⁴,
1436 3457 1526 3543 dec]

164 3566 248 3630 eccl.
265 3563 304 3629 B.
318 3563 367 3629 M.
380 3563 591 3649 Tongrensis,
609 3562 768 3628 Leodien.
794 3562 892 3644 dioc,
909 3561 965 3646 qui
982 3562 1043 3626 sibi
1059 3561 1092 3626 in
1109 3562 1276 3646 legatione
1300 3564 1479 3628 commissa
1495 3563 1529 3625 in

164 3669 314 3755 partibus
330 3667 490 3734 Leodien.
506 3676 542 3733 et
557 3667 737 3733 Brabantie
760 3665 902 3732 fideliter
929 3675 964 3731 et
990 3666 1114 3732 devote
1141 3666 1287 3747 servivit,
1304 3675 1339 3730 et
1363 3686 1430 3730 non
1459 3666 1530 3730 sine

164 3773 297 3858 magnis
325 3772 492 3838 laboribus
522 3780 557 3837 et
592 3772 755 3857 expensis
772 3773 849 3836 ben.
866 3773 948 3836 eccl.
972 3791 1001 3835 c.
1019 3791 1047 3836 c.
1078 3771 1132 3835 vel
1148 3791 1173 3836 s.
1190 3792 1230 3850 c.,
1246 3771 1350 3834 etiam
1371 3770 1397 3833 si
1429 3769 1530 3852 dign,

164 3897 252 3963 pers,
277 3877 332 3942 vel
359 3875 415 3943 off.
442 3876 575 3958 existat,
604 3876 647 3941 ad
675 3877 760 3955 coll,
779 3883 855 3955 etc,
883 3874 995 3960 episc,
1021 3873 1169 3958 capituli,
1189 3893 1230 3937 ac
1256 3891 1530 3955 quommcunque

166 3983 381 4067 prelatonun,
397 3999 456 4045 seu
471 3981 697 4067 cujuscunque
725 3979 860 4044 alterius
876 3979 938 4044 civ.
950 3986 986 4043 et
1011 3976 1099 4043 dioc.
1121 3975 1290 4055 Leodien.,
1307 3974 1531 4040 communiter

166 4086 221 4150 vel
236 4083 378 4165 divisim,
398 4082 486 4169 [vac.
502 4085 556 4148 vel
573 4081 713 4167 vacat.],
730 4081 969 4148 conferendum
994 4080 1114 4158 eidem,
1137 4078 1319 4163 dignemini
1336 4097 1505 4143 reservare
1520 4101 1528 4156 3

200 4273 228 4331 a)
245 4271 302 4319 (led.
316 4270 422 4320 f‘ollota.

201 4442 224 4488 1.
236 4441 272 4489 lre
284 4441 313 4488 21
327 4439 472 4502 septembre
485 4441 545 4488 1317
558 4438 584 4487 la
602 4439 685 4489 meme
697 4440 810 4503 paroisse
821 4437 854 4485 de
866 4434 966 4484 Finden
979 4436 1021 4484 fut
1043 4433 1166 4483 sollicitee
1186 4449 1233 4498 par
1253 4435 1371 4497 l’abbnye
1382 4434 1531 4482 norbertine

165 4515 201 4563 ‹le
209 4513 331 4573 Oroxton,
343 4528 378 4563 au
389 4512 489 4563 diocese
500 4513 532 4562 de
545 4514 660 4572 Lincoln,
673 4519 707 4573 et,
720 4526 786 4575 pour
803 4513 848 4560 des
860 4512 958 4558 raisons
975 4508 1127 4568 identiqnes,
1146 4509 1195 4556 elle
1206 4508 1241 4555 lui
1255 4509 1297 4555 fut
1309 4505 1431 4556 aoconlee
1443 4507 1530 4569 (Bliss,

168 4587 298 4644 Partus«,
317 4587 337 4646 1,
352 4589 398 4636 138
411 4603 417 4646 ;
429 4585 517 4650 Pnpnl
528 4586 633 4648 Lerne,
647 4586 696 4646 lIl,
711 4589 764 4646 140,
778 4589 832 4646 252,
846 4584 916 4646 383).
927 4609 960 4618 -
970 4586 993 4632 2.
1006 4583 1091 4631 Piene
1102 4582 1185 4642 Roger
1195 4581 1238 4630 fut
1249 4581 1324 4630 chan.
1335 4580 1368 4629 de
1376 4581 1487 4630 'scornai
1498 4597 1530 4630 en

169 4661 232 4711 1333
243 4667 270 4711 et
280 4660 377 4710 archid.
388 4659 422 4709 de
433 4661 509 4710 (land
523 4676 529 4720 ;
541 4663 597 4710 roir
608 4675 634 4710 n.
647 4663 674 4709 ll
690 4675 696 4717 3
709 4661 792 4721 Vidnl,
805 4673 831 4711 n.
844 4661 914 4707 7³29.
928 4685 961 4692 —
970 4659 993 4707 3.
1001 4657 1075 4714 Jean‚
1084 4660 1247 4718 nupamvant
1255 4653 1412 4703 archidiacre
1419 4655 1452 4704 de
1462 4655 1530 4712 Port,

167 4749 203 4784 an
213 4735 278 4784 dioc.
290 4735 324 4784 de
334 4733 398 4783 Toul
410 4733 514 4795 (Eubel,
528 4734 548 4794 Ι,
561 4735 630 4797 263).
642 4759 674 4769 ——
692 4735 715 4783 l.
732 4733 843 4794 Jaoquoe
854 4733 886 4782 de
898 4731 1007 4790 Codolis,
1019 4730 1053 4779 de
1065 4730 1161 4787 Prinne,
1174 4733 1213 4777 eet
1224 4727 1276 4778 cite
1286 4741 1385 4778 crimme
1395 4728 1479 4791 doyen
1497 4730 1531 4777 ‹le

170 4809 246 4858 NA).
257 4809 432 4870 hlongmen
446 4809 507 4856 1317
519 4825 525 4867 ;
536 4823 570 4856 on
582 4810 732 4857 mentioune
742 4822 788 4856 son
801 4819 945 4856 successeur
956 4805 1036 4854 Gillos
1046 4819 1079 4853 en
1092 4804 1154 4852 1345
1166 4802 1249 4864 (Thyn
1258 4815 1300 4865 ap.
1308 4801 1376 4850 Aah,
1386 4799 1419 4849 de
1430 4801 1531 4852 ihtead.

168 4881 304 4932 Ceretani.
312 4881 344 4930 de
351 4881 483 4946 Belqr'que,
491 4883 516 4930 l·
526 4880 580 4942 aar,
586 4885 606 4931 t.
618 4882 663 4941 1v‚
672 4895 714 4944 pp.
721 4881 817 4944 37-98).
828 4881 940 4942 Jnoques
950 4883 1056 4928 mourut
1064 4875 1125 4927 cure
1133 4876 1166 4926 de
1174 4876 1284 4925 Dintber
1294 4876 1319 4924 le
1329 4878 1362 4923 22
1369 4873 1454 4935 juillet
1468 4877 1531 4924 1336

169 4955 283 5018 (Kirsch,
296 4954 373 5016 Koa,
387 4957 441 5016 343,
454 4957 508 5016 362,
521 4957 589 5018 364).
