<?xml version="1.0" encoding="UTF-8"?>
<!DOCTYPE html PUBLIC "-//W3C//DTD XHTML 1.0 Transitional//EN"
    "http://www.w3.org/TR/xhtml1/DTD/xhtml1-transitional.dtd">
<html xmlns="http://www.w3.org/1999/xhtml" xml:lang="en" lang="en">
 <head>
  <title>
</title>
<meta http-equiv="Content-Type" content="text/html;charset=utf-8" />
  <meta name='ocr-system' content='tesseract 3.04.00' />
  <meta name='ocr-capabilities' content='ocr_page ocr_carea ocr_par ocr_line ocrx_word'/>
</head>
<body>
  <div class='ocr_page' id='page_1' title='image "./suppliquesdeclm00berlgoog_0117.png"; bbox 0 0 3650 5675; ppageno 0'>
   <div class='ocr_carea' id='block_1_1' title="bbox 286 510 1242 608">
    <p class='ocr_par' dir='ltr' id='par_1_1' title="bbox 286 510 1242 608">
     <span class='ocr_line' id='line_1_1' title="bbox 286 510 1242 608; baseline 0 -31"><span class='ocrx_word' id='word_1_1' title='bbox 286 513 325 578; x_wconf 85' lang='lat'>72</span> <span class='ocrx_word' id='word_1_2' title='bbox 789 510 1141 586; x_wconf 59' lang='lat' dir='ltr'>diremptionis</span> <span class='ocrx_word' id='word_1_3' title='bbox 1240 603 1242 608; x_wconf 64' lang='lat'>,</span> 
     </span>
    </p>
   </div>
   <div class='ocr_carea' id='block_1_2' title="bbox 285 660 1646 1699">
    <p class='ocr_par' dir='ltr' id='par_1_2' title="bbox 337 660 1603 764">
     <span class='ocr_line' id='line_1_2' title="bbox 337 660 1603 764; baseline 0 -17"><span class='ocrx_word' id='word_1_4' title='bbox 337 660 451 748; x_wconf 80' lang='grc'><strong>338.</strong></span> <span class='ocrx_word' id='word_1_5' title='bbox 1359 699 1454 764; x_wconf 67' lang='lat'><em>1543,</em></span> <span class='ocrx_word' id='word_1_6' title='bbox 1506 683 1603 749; x_wconf 81' lang='lat' dir='ltr'>avril.</span> 
     </span>
    </p>

    <p class='ocr_par' dir='ltr' id='par_1_3' title="bbox 285 703 1646 1594">
     <span class='ocr_line' id='line_1_3' title="bbox 331 703 1646 868; baseline 0.005 -22"><span class='ocrx_word' id='word_1_7' title='bbox 331 781 433 867; x_wconf 89' lang='lat' dir='ltr'>Supp.</span> <span class='ocrx_word' id='word_1_8' title='bbox 452 778 618 845; x_wconf 87' lang='lat' dir='ltr'>Robertus</span> <span class='ocrx_word' id='word_1_9' title='bbox 632 778 675 844; x_wconf 95' lang='lat' dir='ltr'>de</span> <span class='ocrx_word' id='word_1_10' title='bbox 689 777 964 865; x_wconf 87' lang='lat' dir='ltr'>Monteberulphi</span> <span class='ocrx_word' id='word_1_11' title='bbox 981 779 1086 861; x_wconf 88' lang='lat' dir='ltr'>miles,</span> <span class='ocrx_word' id='word_1_12' title='bbox 1111 789 1201 866; x_wconf 88' lang='lat' dir='ltr'>quat.</span> <span class='ocrx_word' id='word_1_13' title='bbox 1221 781 1326 868; x_wconf 86' lang='lat' dir='ltr'>[mag.</span> <span class='ocrx_word' id='word_1_14' title='bbox 1344 781 1445 850; x_wconf 92' lang='lat' dir='ltr'>Petro</span> <span class='ocrx_word' id='word_1_15' title='bbox 1461 703 1579 867; x_wconf 54' lang='lat' dir='ltr'>garba,</span> <span class='ocrx_word' id='word_1_16' title='bbox 1592 787 1646 852; x_wconf 91' lang='lat' dir='ltr'>lic.</span> 
     </span>
     <span class='ocr_line' id='line_1_4' title="bbox 287 881 1644 976; baseline 0.004 -27"><span class='ocrx_word' id='word_1_17' title='bbox 287 885 321 949; x_wconf 93' lang='lat' dir='ltr'>in</span> <span class='ocrx_word' id='word_1_18' title='bbox 334 883 507 969; x_wconf 88' lang='lat' dir='ltr'>decretis],</span> <span class='ocrx_word' id='word_1_19' title='bbox 519 883 562 948; x_wconf 88' lang='lat' dir='ltr'>de</span> <span class='ocrx_word' id='word_1_20' title='bbox 577 902 652 948; x_wconf 90' lang='lat' dir='ltr'>can.</span> <span class='ocrx_word' id='word_1_21' title='bbox 669 883 752 948; x_wconf 91' lang='lat' dir='ltr'>eccl.</span> <span class='ocrx_word' id='word_1_22' title='bbox 768 882 801 948; x_wconf 85' lang='lat' dir='ltr'>S.</span> <span class='ocrx_word' id='word_1_23' title='bbox 815 881 953 948; x_wconf 88' lang='lat' dir='ltr'>Martini</span> <span class='ocrx_word' id='word_1_24' title='bbox 970 882 1137 950; x_wconf 90' lang='lat' dir='ltr'>Turonen.</span> <span class='ocrx_word' id='word_1_25' title='bbox 1154 885 1335 970; x_wconf 84' lang='lat' dir='ltr'>dignemini</span> <span class='ocrx_word' id='word_1_26' title='bbox 1353 888 1538 972; x_wconf 89' lang='lat' dir='ltr'>providere,</span> <span class='ocrx_word' id='word_1_27' title='bbox 1554 894 1644 976; x_wconf 88' lang='lat' dir='ltr'>preb.</span> 
     </span>
     <span class='ocr_line' id='line_1_5' title="bbox 286 985 1644 1074; baseline 0.004 -21"><span class='ocrx_word' id='word_1_28' title='bbox 286 1008 367 1054; x_wconf 82' lang='lat' dir='ltr'>vero</span> <span class='ocrx_word' id='word_1_29' title='bbox 381 1009 450 1053; x_wconf 86' lang='lat' dir='ltr'>una</span> <span class='ocrx_word' id='word_1_30' title='bbox 474 1007 550 1053; x_wconf 89' lang='lat' dir='ltr'>cum</span> <span class='ocrx_word' id='word_1_31' title='bbox 562 985 663 1071; x_wconf 68' lang='lat' dir='ltr'>dign„</span> <span class='ocrx_word' id='word_1_32' title='bbox 678 987 898 1072; x_wconf 86' lang='lat' dir='ltr'>prepositatu,</span> <span class='ocrx_word' id='word_1_33' title='bbox 915 1007 1011 1072; x_wconf 85' lang='lat' dir='ltr'>pers,</span> <span class='ocrx_word' id='word_1_34' title='bbox 1025 987 1080 1053; x_wconf 85' lang='lat' dir='ltr'>off.</span> <span class='ocrx_word' id='word_1_35' title='bbox 1097 988 1152 1053; x_wconf 75' lang='lat' dir='ltr'>vel</span> <span class='ocrx_word' id='word_1_36' title='bbox 1167 990 1244 1054; x_wconf 93' lang='lat' dir='ltr'>ben.</span> <span class='ocrx_word' id='word_1_37' title='bbox 1261 991 1342 1055; x_wconf 92' lang='lat' dir='ltr'>eccl.</span> <span class='ocrx_word' id='word_1_38' title='bbox 1359 1010 1387 1056; x_wconf 93' lang='lat' dir='ltr'>c.</span> <span class='ocrx_word' id='word_1_39' title='bbox 1401 1011 1429 1056; x_wconf 93' lang='lat' dir='ltr'>c.</span> <span class='ocrx_word' id='word_1_40' title='bbox 1442 994 1497 1057; x_wconf 79' lang='lat' dir='ltr'>vel</span> <span class='ocrx_word' id='word_1_41' title='bbox 1513 1013 1538 1059; x_wconf 91' lang='lat' dir='ltr'>s.</span> <span class='ocrx_word' id='word_1_42' title='bbox 1555 1014 1594 1074; x_wconf 90' lang='lat' dir='ltr'>c.‚</span> <span class='ocrx_word' id='word_1_43' title='bbox 1611 995 1644 1058; x_wconf 92' lang='lat' dir='ltr'>in</span> 
     </span>
     <span class='ocr_line' id='line_1_6' title="bbox 286 1090 1644 1184; baseline 0.004 -27"><span class='ocrx_word' id='word_1_44' title='bbox 286 1091 379 1158; x_wconf 90' lang='lat' dir='ltr'>dicta</span> <span class='ocrx_word' id='word_1_45' title='bbox 393 1092 476 1158; x_wconf 91' lang='lat' dir='ltr'>eccl.</span> <span class='ocrx_word' id='word_1_46' title='bbox 495 1091 585 1178; x_wconf 91' lang='lat' dir='ltr'>[vac.</span> <span class='ocrx_word' id='word_1_47' title='bbox 600 1092 655 1154; x_wconf 87' lang='lat' dir='ltr'>vel</span> <span class='ocrx_word' id='word_1_48' title='bbox 672 1090 799 1176; x_wconf 78' lang='lat' dir='ltr'>vacat]</span> <span class='ocrx_word' id='word_1_49' title='bbox 826 1091 1065 1158; x_wconf 84' lang='lat' dir='ltr'>conserendam</span> <span class='ocrx_word' id='word_1_50' title='bbox 1080 1092 1200 1173; x_wconf 87' lang='lat' dir='ltr'>eidem,</span> <span class='ocrx_word' id='word_1_51' title='bbox 1216 1092 1391 1160; x_wconf 90' lang='lat' dir='ltr'>donationi</span> <span class='ocrx_word' id='word_1_52' title='bbox 1408 1106 1516 1181; x_wconf 89' lang='lat' dir='ltr'>apost.</span> <span class='ocrx_word' id='word_1_53' title='bbox 1531 1098 1644 1184; x_wconf 86' lang='lat' dir='ltr'>digne-</span> 
     </span>
     <span class='ocr_line' id='line_1_7' title="bbox 285 1194 1643 1288; baseline 0.004 -25"><span class='ocrx_word' id='word_1_54' title='bbox 285 1199 368 1264; x_wconf 89' lang='lat' dir='ltr'>mini</span> <span class='ocrx_word' id='word_1_55' title='bbox 384 1216 552 1262; x_wconf 78' lang='lat' dir='ltr'>reservare</span> <span class='ocrx_word' id='word_1_56' title='bbox 571 1218 580 1275; x_wconf 91' lang='lat'>;</span> <span class='ocrx_word' id='word_1_57' title='bbox 596 1215 665 1261; x_wconf 91' lang='lat' dir='ltr'>non</span> <span class='ocrx_word' id='word_1_58' title='bbox 681 1197 778 1276; x_wconf 71' lang='lat' dir='ltr'>obst„</span> <span class='ocrx_word' id='word_1_59' title='bbox 794 1195 886 1279; x_wconf 88' lang='lat' dir='ltr'>quod</span> <span class='ocrx_word' id='word_1_60' title='bbox 897 1195 931 1260; x_wconf 95' lang='lat' dir='ltr'>in</span> <span class='ocrx_word' id='word_1_61' title='bbox 944 1197 1026 1262; x_wconf 91' lang='lat' dir='ltr'>eccl.</span> <span class='ocrx_word' id='word_1_62' title='bbox 1040 1194 1206 1263; x_wconf 90' lang='lat' dir='ltr'>Morinen.</span> <span class='ocrx_word' id='word_1_63' title='bbox 1221 1208 1230 1234; x_wconf 94' lang='lat'>¹</span> <span class='ocrx_word' id='word_1_64' title='bbox 1247 1194 1319 1264; x_wconf 82' lang='lat' dir='ltr'>can.</span> <span class='ocrx_word' id='word_1_65' title='bbox 1345 1206 1380 1264; x_wconf 89' lang='lat' dir='ltr'>et</span> <span class='ocrx_word' id='word_1_66' title='bbox 1391 1202 1494 1286; x_wconf 83' lang='lat' dir='ltr'>preb,</span> <span class='ocrx_word' id='word_1_67' title='bbox 1509 1221 1549 1267; x_wconf 89' lang='lat' dir='ltr'>ac</span> <span class='ocrx_word' id='word_1_68' title='bbox 1569 1223 1643 1288; x_wconf 90' lang='lat' dir='ltr'>par-</span> 
     </span>
     <span class='ocr_line' id='line_1_8' title="bbox 286 1298 1644 1390; baseline 0.005 -24"><span class='ocrx_word' id='word_1_69' title='bbox 286 1302 378 1368; x_wconf 88' lang='lat' dir='ltr'>roch.</span> <span class='ocrx_word' id='word_1_70' title='bbox 394 1300 478 1366; x_wconf 88' lang='lat' dir='ltr'>eccl.</span> <span class='ocrx_word' id='word_1_71' title='bbox 490 1299 518 1363; x_wconf 89' lang='lat' dir='ltr'>S.</span> <span class='ocrx_word' id='word_1_72' title='bbox 537 1298 709 1365; x_wconf 88' lang='lat' dir='ltr'>Laurentii</span> <span class='ocrx_word' id='word_1_73' title='bbox 725 1298 768 1364; x_wconf 90' lang='lat' dir='ltr'>de</span> <span class='ocrx_word' id='word_1_74' title='bbox 784 1298 918 1381; x_wconf 88' lang='lat' dir='ltr'>Ceres0,</span> <span class='ocrx_word' id='word_1_75' title='bbox 943 1299 1172 1386; x_wconf 86' lang='lat' dir='ltr'>Engolismen.</span> <span class='ocrx_word' id='word_1_76' title='bbox 1189 1301 1286 1383; x_wconf 73' lang='lat' dir='ltr'>dioc„</span> <span class='ocrx_word' id='word_1_77' title='bbox 1300 1311 1334 1368; x_wconf 87' lang='lat' dir='ltr'>et</span> <span class='ocrx_word' id='word_1_78' title='bbox 1362 1303 1394 1368; x_wconf 96' lang='lat' dir='ltr'>in</span> <span class='ocrx_word' id='word_1_79' title='bbox 1418 1303 1644 1390; x_wconf 86' lang='lat' dir='ltr'>Engolismen.</span> 
     </span>
     <span class='ocr_line' id='line_1_9' title="bbox 286 1403 1645 1491; baseline 0.003 -19"><span class='ocrx_word' id='word_1_80' title='bbox 286 1407 369 1472; x_wconf 90' lang='lat' dir='ltr'>eccl.</span> <span class='ocrx_word' id='word_1_81' title='bbox 385 1426 458 1471; x_wconf 89' lang='lat' dir='ltr'>can.</span> <span class='ocrx_word' id='word_1_82' title='bbox 475 1407 534 1468; x_wconf 91' lang='lat' dir='ltr'>sub</span> <span class='ocrx_word' id='word_1_83' title='bbox 550 1425 626 1489; x_wconf 84' lang='lat' dir='ltr'>exp.</span> <span class='ocrx_word' id='word_1_84' title='bbox 642 1406 745 1490; x_wconf 75' lang='lat' dir='ltr'>preb,</span> <span class='ocrx_word' id='word_1_85' title='bbox 763 1412 852 1470; x_wconf 89' lang='lat' dir='ltr'>auct.</span> <span class='ocrx_word' id='word_1_86' title='bbox 878 1404 969 1470; x_wconf 90' lang='lat' dir='ltr'>dom.</span> <span class='ocrx_word' id='word_1_87' title='bbox 998 1403 1171 1470; x_wconf 85' lang='lat' dir='ltr'>Benedicti</span> <span class='ocrx_word' id='word_1_88' title='bbox 1197 1426 1284 1491; x_wconf 89' lang='lat' dir='ltr'>pape</span> <span class='ocrx_word' id='word_1_89' title='bbox 1299 1405 1380 1488; x_wconf 89' lang='lat' dir='ltr'>XII,</span> <span class='ocrx_word' id='word_1_90' title='bbox 1396 1408 1544 1474; x_wconf 89' lang='lat' dir='ltr'>noscitur</span> <span class='ocrx_word' id='word_1_91' title='bbox 1558 1411 1645 1476; x_wconf 93' lang='lat' dir='ltr'>obti-</span> 
     </span>
     <span class='ocr_line' id='line_1_10' title="bbox 285 1507 952 1594; baseline -0.003 -18"><span class='ocrx_word' id='word_1_92' title='bbox 285 1531 375 1577; x_wconf 83' lang='lat' dir='ltr'>nere.</span> <span class='ocrx_word' id='word_1_93' title='bbox 391 1549 435 1560; x_wconf 91' lang='lat'>—</span> <span class='ocrx_word' id='word_1_94' title='bbox 450 1507 528 1573; x_wconf 89' lang='lat' dir='ltr'>Fiat</span> <span class='ocrx_word' id='word_1_95' title='bbox 543 1509 647 1574; x_wconf 89' lang='lat' dir='ltr'>etiam</span> <span class='ocrx_word' id='word_1_96' title='bbox 661 1508 704 1574; x_wconf 94' lang='lat' dir='ltr'>de</span> <span class='ocrx_word' id='word_1_97' title='bbox 719 1507 810 1594; x_wconf 87' lang='lat' dir='ltr'>dign.</span> <span class='ocrx_word' id='word_1_98' title='bbox 828 1516 893 1575; x_wconf 87' lang='lat' dir='ltr'>etc.</span> <span class='ocrx_word' id='word_1_99' title='bbox 911 1508 952 1574; x_wconf 92' lang='lat' dir='ltr'>R.</span> 
     </span>
    </p>

    <p class='ocr_par' dir='ltr' id='par_1_4' title="bbox 329 1613 1069 1699">
     <span class='ocr_line' id='line_1_11' title="bbox 329 1613 1069 1699; baseline 0.001 -20"><span class='ocrx_word' id='word_1_100' title='bbox 329 1615 410 1680; x_wconf 89' lang='lat' dir='ltr'>Dat.</span> <span class='ocrx_word' id='word_1_101' title='bbox 425 1613 525 1680; x_wconf 78' lang='lat' dir='ltr'>Avin.</span> <span class='ocrx_word' id='word_1_102' title='bbox 544 1635 561 1678; x_wconf 87' lang='lat'><strong><em>2</em></strong></span> <span class='ocrx_word' id='word_1_103' title='bbox 578 1633 657 1679; x_wconf 91' lang='lat' dir='ltr'>non.</span> <span class='ocrx_word' id='word_1_104' title='bbox 674 1613 768 1699; x_wconf 87' lang='lat' dir='ltr'>april.</span> <span class='ocrx_word' id='word_1_105' title='bbox 786 1621 820 1679; x_wconf 90' lang='lat' dir='ltr'>a⁰</span> <span class='ocrx_word' id='word_1_106' title='bbox 840 1621 879 1679; x_wconf 88' lang='lat'>1⁰.</span> <span class='ocrx_word' id='word_1_107' title='bbox 897 1616 946 1698; x_wconf 84' lang='lat'>(3,</span> <span class='ocrx_word' id='word_1_108' title='bbox 967 1616 1069 1699; x_wconf 67' lang='lat'>187&#39;).</span> 
     </span>
    </p>
   </div>
   <div class='ocr_carea' id='block_1_3' title="bbox 329 1750 1645 1959">
    <p class='ocr_par' dir='ltr' id='par_1_5' title="bbox 329 1750 1645 1959">
     <span class='ocr_line' id='line_1_12' title="bbox 336 1750 1602 1853; baseline -0.002 -17"><span class='ocrx_word' id='word_1_109' title='bbox 336 1750 454 1837; x_wconf 81' lang='lat'>339·</span> <span class='ocrx_word' id='word_1_110' title='bbox 1335 1789 1431 1853; x_wconf 68' lang='lat'><em>1343,</em></span> <span class='ocrx_word' id='word_1_111' title='bbox 1448 1771 1490 1834; x_wconf 82' lang='lat'>28</span> <span class='ocrx_word' id='word_1_112' title='bbox 1505 1771 1602 1834; x_wconf 70' lang='lat' dir='ltr'>azoel.</span> 
     </span>
     <span class='ocr_line' id='line_1_13' title="bbox 329 1869 1645 1959; baseline 0 -23"><span class='ocrx_word' id='word_1_113' title='bbox 329 1872 432 1959; x_wconf 85' lang='lat' dir='ltr'>Supp.·</span> <span class='ocrx_word' id='word_1_114' title='bbox 447 1870 482 1935; x_wconf 94' lang='lat' dir='ltr'>N</span> <span class='ocrx_word' id='word_1_115' title='bbox 484 1872 619 1951; x_wconf 90' lang='lat' dir='ltr'>icolaus,</span> <span class='ocrx_word' id='word_1_116' title='bbox 635 1870 745 1936; x_wconf 89' lang='lat' dir='ltr'>dictus</span> <span class='ocrx_word' id='word_1_117' title='bbox 773 1869 916 1950; x_wconf 81' lang='lat' dir='ltr'>Faukes,</span> <span class='ocrx_word' id='word_1_118' title='bbox 933 1873 1041 1956; x_wconf 85' lang='lat' dir='ltr'>presb.</span> <span class='ocrx_word' id='word_1_119' title='bbox 1070 1869 1286 1938; x_wconf 87' lang='lat' dir='ltr'>Cameracen.</span> <span class='ocrx_word' id='word_1_120' title='bbox 1302 1873 1400 1953; x_wconf 76' lang='lat' dir='ltr'>dioc,</span> <span class='ocrx_word' id='word_1_121' title='bbox 1417 1882 1510 1957; x_wconf 87' lang='lat' dir='ltr'>quat.</span> <span class='ocrx_word' id='word_1_122' title='bbox 1526 1873 1587 1938; x_wconf 92' lang='lat' dir='ltr'>sibi</span> <span class='ocrx_word' id='word_1_123' title='bbox 1603 1872 1645 1937; x_wconf 91' lang='lat' dir='ltr'>de</span> 
     </span>
    </p>
   </div>
   <div class='ocr_carea' id='block_1_4' title="bbox 283 1973 1645 2374">
    <p class='ocr_par' dir='ltr' id='par_1_6' title="bbox 283 1973 1645 2265">
     <span class='ocr_line' id='line_1_14' title="bbox 285 1973 1645 2063; baseline -0.001 -19"><span class='ocrx_word' id='word_1_124' title='bbox 285 1999 358 2044; x_wconf 93' lang='lat' dir='ltr'>can.</span> <span class='ocrx_word' id='word_1_125' title='bbox 375 1985 410 2042; x_wconf 89' lang='lat' dir='ltr'>et</span> <span class='ocrx_word' id='word_1_126' title='bbox 432 1978 525 2061; x_wconf 85' lang='lat' dir='ltr'>preb.</span> <span class='ocrx_word' id='word_1_127' title='bbox 540 1976 622 2040; x_wconf 90' lang='lat' dir='ltr'>eccl.</span> <span class='ocrx_word' id='word_1_128' title='bbox 639 1973 670 2039; x_wconf 85' lang='lat' dir='ltr'>S.</span> <span class='ocrx_word' id='word_1_129' title='bbox 688 1973 777 2039; x_wconf 90' lang='lat' dir='ltr'>Petri</span> <span class='ocrx_word' id='word_1_130' title='bbox 795 1973 1017 2055; x_wconf 69' lang='lat' dir='ltr'>Rothnacen„</span> <span class='ocrx_word' id='word_1_131' title='bbox 1041 1975 1191 2062; x_wconf 87' lang='lat' dir='ltr'>predicte</span> <span class='ocrx_word' id='word_1_132' title='bbox 1215 1975 1312 2058; x_wconf 74' lang='lat' dir='ltr'>dioc,</span> <span class='ocrx_word' id='word_1_133' title='bbox 1335 1977 1510 2063; x_wconf 83' lang='lat' dir='ltr'>providere</span> <span class='ocrx_word' id='word_1_134' title='bbox 1531 1976 1645 2062; x_wconf 89' lang='lat' dir='ltr'>digne-</span> 
     </span>
     <span class='ocr_line' id='line_1_15' title="bbox 284 2077 1645 2165; baseline 0.001 -20"><span class='ocrx_word' id='word_1_135' title='bbox 284 2081 376 2160; x_wconf 90' lang='lat' dir='ltr'>mini,</span> <span class='ocrx_word' id='word_1_136' title='bbox 400 2099 469 2145; x_wconf 89' lang='lat' dir='ltr'>non</span> <span class='ocrx_word' id='word_1_137' title='bbox 493 2082 578 2145; x_wconf 91' lang='lat' dir='ltr'>obst.</span> <span class='ocrx_word' id='word_1_138' title='bbox 595 2079 686 2162; x_wconf 93' lang='lat' dir='ltr'>quod</span> <span class='ocrx_word' id='word_1_139' title='bbox 716 2079 835 2165; x_wconf 86' lang='lat' dir='ltr'>capell.</span> <span class='ocrx_word' id='word_1_140' title='bbox 852 2077 890 2143; x_wconf 90' lang='lat' dir='ltr'>B.</span> <span class='ocrx_word' id='word_1_141' title='bbox 916 2078 1082 2157; x_wconf 88' lang='lat' dir='ltr'>Jolrannis</span> <span class='ocrx_word' id='word_1_142' title='bbox 1098 2079 1160 2145; x_wconf 83' lang='lat' dir='ltr'>Ev.</span> <span class='ocrx_word' id='word_1_143' title='bbox 1178 2081 1210 2144; x_wconf 91' lang='lat' dir='ltr'>in</span> <span class='ocrx_word' id='word_1_144' title='bbox 1227 2082 1308 2146; x_wconf 91' lang='lat' dir='ltr'>eccl.</span> <span class='ocrx_word' id='word_1_145' title='bbox 1328 2081 1504 2147; x_wconf 88' lang='lat' dir='ltr'>Lutosensi</span> <span class='ocrx_word' id='word_1_146' title='bbox 1517 2087 1539 2163; x_wconf 73' lang='lat'>³,</span> <span class='ocrx_word' id='word_1_147' title='bbox 1555 2081 1645 2147; x_wconf 89' lang='lat' dir='ltr'>dicte</span> 
     </span>
     <span class='ocr_line' id='line_1_16' title="bbox 283 2180 929 2265; baseline -0.006 -14"><span class='ocrx_word' id='word_1_148' title='bbox 283 2187 381 2265; x_wconf 67' lang='lat' dir='ltr'>dioc„</span> <span class='ocrx_word' id='word_1_149' title='bbox 398 2183 546 2250; x_wconf 88' lang='lat' dir='ltr'>noscitur</span> <span class='ocrx_word' id='word_1_150' title='bbox 561 2183 722 2248; x_wconf 87' lang='lat' dir='ltr'>obtinere.</span> <span class='ocrx_word' id='word_1_151' title='bbox 735 2222 778 2231; x_wconf 93' lang='lat'>-</span> <span class='ocrx_word' id='word_1_152' title='bbox 794 2180 872 2247; x_wconf 88' lang='lat' dir='ltr'>Fiat</span> <span class='ocrx_word' id='word_1_153' title='bbox 889 2181 929 2248; x_wconf 91' lang='lat' dir='ltr'>R.</span> 
     </span>
    </p>

    <p class='ocr_par' dir='ltr' id='par_1_7' title="bbox 328 2287 1593 2374">
     <span class='ocr_line' id='line_1_17' title="bbox 328 2287 1593 2374; baseline -0.002 -19"><span class='ocrx_word' id='word_1_154' title='bbox 328 2291 406 2355; x_wconf 92' lang='lat' dir='ltr'>Dat.</span> <span class='ocrx_word' id='word_1_155' title='bbox 422 2309 476 2374; x_wconf 88' lang='lat' dir='ltr'>ap.</span> <span class='ocrx_word' id='word_1_156' title='bbox 493 2288 637 2354; x_wconf 88' lang='lat' dir='ltr'>Pontem</span> <span class='ocrx_word' id='word_1_157' title='bbox 652 2287 776 2372; x_wconf 86' lang='lat' dir='ltr'>Sorgie‚</span> <span class='ocrx_word' id='word_1_158' title='bbox 792 2289 892 2353; x_wconf 80' lang='lat' dir='ltr'>Avin.</span> <span class='ocrx_word' id='word_1_159' title='bbox 907 2287 1005 2368; x_wconf 68' lang='lat' dir='ltr'>dioc„</span> <span class='ocrx_word' id='word_1_160' title='bbox 1023 2312 1042 2372; x_wconf 83' lang='lat'>4</span> <span class='ocrx_word' id='word_1_161' title='bbox 1059 2288 1124 2354; x_wconf 87' lang='lat' dir='ltr'>kal.</span> <span class='ocrx_word' id='word_1_162' title='bbox 1135 2289 1212 2353; x_wconf 91' lang='lat' dir='ltr'>maii</span> <span class='ocrx_word' id='word_1_163' title='bbox 1230 2297 1263 2354; x_wconf 88' lang='lat' dir='ltr'>a⁰</span> <span class='ocrx_word' id='word_1_164' title='bbox 1283 2297 1321 2356; x_wconf 87' lang='lat'>1⁰.</span> <span class='ocrx_word' id='word_1_165' title='bbox 1340 2291 1491 2374; x_wconf 81' lang='lat'>(2,157).</span> <span class='ocrx_word' id='word_1_166' title='bbox 1591 2327 1593 2330; x_wconf 94' lang='lat'>-</span> 
     </span>
    </p>
   </div>
   <div class='ocr_carea' id='block_1_5' title="bbox 335 2426 1601 2526">
    <p class='ocr_par' dir='ltr' id='par_1_8' title="bbox 335 2426 1601 2526">
     <span class='ocr_line' id='line_1_18' title="bbox 335 2426 1601 2526; baseline -0.006 -13"><span class='ocrx_word' id='word_1_167' title='bbox 335 2426 584 2513; x_wconf 83' lang='grc'>340-341.</span> <span class='ocrx_word' id='word_1_168' title='bbox 1380 2460 1506 2526; x_wconf 68' lang='lat'><em>1343,4</em></span> <span class='ocrx_word' id='word_1_169' title='bbox 1525 2463 1601 2506; x_wconf 71' lang='lat' dir='ltr'>arraz.</span> 
     </span>
    </p>
   </div>
   <div class='ocr_carea' id='block_1_6' title="bbox 250 2541 1646 3571">
    <p class='ocr_par' dir='ltr' id='par_1_9' title="bbox 284 2541 1645 2843">
     <span class='ocr_line' id='line_1_19' title="bbox 328 2541 1645 2631; baseline 0 -21"><span class='ocrx_word' id='word_1_170' title='bbox 328 2546 429 2631; x_wconf 86' lang='lat' dir='ltr'>Supp.</span> <span class='ocrx_word' id='word_1_171' title='bbox 446 2544 645 2610; x_wconf 88' lang='lat' dir='ltr'>Guillelmus</span> <span class='ocrx_word' id='word_1_172' title='bbox 671 2542 713 2608; x_wconf 89' lang='lat' dir='ltr'>de</span> <span class='ocrx_word' id='word_1_173' title='bbox 742 2541 862 2626; x_wconf 90' lang='lat' dir='ltr'>Crequi</span> <span class='ocrx_word' id='word_1_174' title='bbox 879 2551 899 2622; x_wconf 85' lang='lat'>²,</span> <span class='ocrx_word' id='word_1_175' title='bbox 925 2541 1071 2607; x_wconf 86' lang='lat' dir='ltr'>decanus</span> <span class='ocrx_word' id='word_1_176' title='bbox 1095 2544 1177 2608; x_wconf 90' lang='lat' dir='ltr'>eccl.</span> <span class='ocrx_word' id='word_1_177' title='bbox 1203 2542 1430 2626; x_wconf 88' lang='lat' dir='ltr'>Cameracen.,</span> <span class='ocrx_word' id='word_1_178' title='bbox 1456 2546 1546 2611; x_wconf 89' lang='lat' dir='ltr'>dom.</span> <span class='ocrx_word' id='word_1_179' title='bbox 1559 2546 1645 2630; x_wconf 92' lang='lat' dir='ltr'>regis</span> 
     </span>
     <span class='ocr_line' id='line_1_20' title="bbox 285 2647 1645 2736; baseline -0.001 -21"><span class='ocrx_word' id='word_1_180' title='bbox 285 2650 426 2716; x_wconf 90' lang='lat' dir='ltr'>Francie</span> <span class='ocrx_word' id='word_1_181' title='bbox 443 2649 659 2730; x_wconf 85' lang='lat' dir='ltr'>consiliarius,</span> <span class='ocrx_word' id='word_1_182' title='bbox 676 2655 767 2732; x_wconf 86' lang='lat' dir='ltr'>quat.</span> <span class='ocrx_word' id='word_1_183' title='bbox 783 2647 845 2712; x_wconf 91' lang='lat' dir='ltr'>sibi</span> <span class='ocrx_word' id='word_1_184' title='bbox 870 2648 913 2713; x_wconf 94' lang='lat' dir='ltr'>de</span> <span class='ocrx_word' id='word_1_185' title='bbox 940 2667 1014 2712; x_wconf 92' lang='lat' dir='ltr'>can.</span> <span class='ocrx_word' id='word_1_186' title='bbox 1032 2648 1113 2714; x_wconf 90' lang='lat' dir='ltr'>eccl.</span> <span class='ocrx_word' id='word_1_187' title='bbox 1142 2647 1298 2714; x_wconf 89' lang='lat' dir='ltr'>Parisien.</span> <span class='ocrx_word' id='word_1_188' title='bbox 1325 2649 1506 2734; x_wconf 88' lang='lat' dir='ltr'>dignemini</span> <span class='ocrx_word' id='word_1_189' title='bbox 1534 2651 1645 2736; x_wconf 82' lang='lat' dir='ltr'>provi-</span> 
     </span>
     <span class='ocr_line' id='line_1_21' title="bbox 284 2751 1644 2843; baseline -0.001 -23"><span class='ocrx_word' id='word_1_190' title='bbox 284 2757 372 2836; x_wconf 88' lang='lat' dir='ltr'>dere,</span> <span class='ocrx_word' id='word_1_191' title='bbox 388 2759 491 2843; x_wconf 66' lang='lat' dir='ltr'>preb„</span> <span class='ocrx_word' id='word_1_192' title='bbox 507 2774 640 2820; x_wconf 91' lang='lat' dir='ltr'>necnon</span> <span class='ocrx_word' id='word_1_193' title='bbox 656 2753 756 2838; x_wconf 83' lang='lat' dir='ltr'>dign,</span> <span class='ocrx_word' id='word_1_194' title='bbox 772 2772 868 2839; x_wconf 69' lang='lat' dir='ltr'>pers„</span> <span class='ocrx_word' id='word_1_195' title='bbox 896 2753 950 2816; x_wconf 85' lang='lat' dir='ltr'>vel</span> <span class='ocrx_word' id='word_1_196' title='bbox 963 2751 1019 2817; x_wconf 86' lang='lat' dir='ltr'>off.</span> <span class='ocrx_word' id='word_1_197' title='bbox 1036 2773 1064 2817; x_wconf 92' lang='lat' dir='ltr'>c.</span> <span class='ocrx_word' id='word_1_198' title='bbox 1087 2773 1114 2818; x_wconf 91' lang='lat' dir='ltr'>c.</span> <span class='ocrx_word' id='word_1_199' title='bbox 1131 2754 1185 2816; x_wconf 73' lang='lat' dir='ltr'>vel</span> <span class='ocrx_word' id='word_1_200' title='bbox 1201 2773 1226 2818; x_wconf 91' lang='lat' dir='ltr'>s.</span> <span class='ocrx_word' id='word_1_201' title='bbox 1243 2774 1282 2834; x_wconf 87' lang='lat' dir='ltr'>c.‚</span> <span class='ocrx_word' id='word_1_202' title='bbox 1307 2753 1396 2840; x_wconf 78' lang='lat' dir='ltr'>[vac.</span> <span class='ocrx_word' id='word_1_203' title='bbox 1423 2755 1476 2818; x_wconf 89' lang='lat' dir='ltr'>vel</span> <span class='ocrx_word' id='word_1_204' title='bbox 1504 2753 1644 2840; x_wconf 77' lang='lat' dir='ltr'>vacat.],</span> 
     </span>
    </p>

    <p class='ocr_par' dir='ltr' id='par_1_10' title="bbox 250 2857 1645 3361">
     <span class='ocr_line' id='line_1_22' title="bbox 250 2857 1643 2944; baseline -0.002 -18"><span class='ocrx_word' id='word_1_205' title='bbox 250 2892 253 2895; x_wconf 44' lang='lat'><strong>⁴</strong></span> <span class='ocrx_word' id='word_1_206' title='bbox 285 2861 503 2926; x_wconf 86' lang='lat' dir='ltr'>conferendas</span> <span class='ocrx_word' id='word_1_207' title='bbox 518 2859 572 2923; x_wconf 82' lang='lat' dir='ltr'>vel</span> <span class='ocrx_word' id='word_1_208' title='bbox 589 2857 791 2924; x_wconf 85' lang='lat' dir='ltr'>conferenda</span> <span class='ocrx_word' id='word_1_209' title='bbox 806 2857 927 2937; x_wconf 90' lang='lat' dir='ltr'>eidem,</span> <span class='ocrx_word' id='word_1_210' title='bbox 948 2857 1122 2922; x_wconf 89' lang='lat' dir='ltr'>donationi</span> <span class='ocrx_word' id='word_1_211' title='bbox 1141 2867 1249 2944; x_wconf 88' lang='lat' dir='ltr'>apost.</span> <span class='ocrx_word' id='word_1_212' title='bbox 1265 2879 1433 2925; x_wconf 89' lang='lat' dir='ltr'>reservare</span> <span class='ocrx_word' id='word_1_213' title='bbox 1449 2882 1457 2941; x_wconf 83' lang='lat'><em>3</em></span> <span class='ocrx_word' id='word_1_214' title='bbox 1474 2880 1542 2925; x_wconf 94' lang='lat' dir='ltr'>non</span> <span class='ocrx_word' id='word_1_215' title='bbox 1559 2861 1643 2923; x_wconf 92' lang='lat' dir='ltr'>obst.</span> 
     </span>
     <span class='ocr_line' id='line_1_23' title="bbox 285 2961 1645 3049; baseline -0.001 -20"><span class='ocrx_word' id='word_1_216' title='bbox 285 2964 375 3049; x_wconf 89' lang='lat' dir='ltr'>quod</span> <span class='ocrx_word' id='word_1_217' title='bbox 390 2964 595 3029; x_wconf 87' lang='lat' dir='ltr'>decanatum</span> <span class='ocrx_word' id='word_1_218' title='bbox 611 2963 713 3049; x_wconf 90' lang='lat' dir='ltr'>ipsius</span> <span class='ocrx_word' id='word_1_219' title='bbox 728 2961 947 3026; x_wconf 89' lang='lat' dir='ltr'>Cameracen.</span> <span class='ocrx_word' id='word_1_220' title='bbox 972 2962 1064 3041; x_wconf 88' lang='lat' dir='ltr'>eccl,</span> <span class='ocrx_word' id='word_1_221' title='bbox 1088 2982 1127 3028; x_wconf 90' lang='lat' dir='ltr'>ac</span> <span class='ocrx_word' id='word_1_222' title='bbox 1145 2964 1177 3027; x_wconf 94' lang='lat' dir='ltr'>in</span> <span class='ocrx_word' id='word_1_223' title='bbox 1194 2962 1323 3045; x_wconf 88' lang='lat' dir='ltr'>eadem,</span> <span class='ocrx_word' id='word_1_224' title='bbox 1339 2973 1375 3029; x_wconf 90' lang='lat' dir='ltr'>et</span> <span class='ocrx_word' id='word_1_225' title='bbox 1391 2964 1423 3028; x_wconf 93' lang='lat' dir='ltr'>in</span> <span class='ocrx_word' id='word_1_226' title='bbox 1446 2961 1645 3028; x_wconf 80' lang='lat' dir='ltr'>Lileriensib</span> 
     </span>
     <span class='ocr_line' id='line_1_24' title="bbox 285 3065 1645 3150; baseline 0 -18"><span class='ocrx_word' id='word_1_227' title='bbox 285 3068 377 3147; x_wconf 85' lang='lat' dir='ltr'>eccl,</span> <span class='ocrx_word' id='word_1_228' title='bbox 403 3066 570 3132; x_wconf 84' lang='lat' dir='ltr'>Morinen.</span> <span class='ocrx_word' id='word_1_229' title='bbox 585 3066 683 3147; x_wconf 73' lang='lat' dir='ltr'>dioc..</span> <span class='ocrx_word' id='word_1_230' title='bbox 710 3086 784 3131; x_wconf 93' lang='lat' dir='ltr'>can.</span> <span class='ocrx_word' id='word_1_231' title='bbox 801 3074 836 3131; x_wconf 89' lang='lat' dir='ltr'>et</span> <span class='ocrx_word' id='word_1_232' title='bbox 861 3067 954 3150; x_wconf 91' lang='lat' dir='ltr'>preb.</span> <span class='ocrx_word' id='word_1_233' title='bbox 981 3065 1129 3131; x_wconf 88' lang='lat' dir='ltr'>noscitur</span> <span class='ocrx_word' id='word_1_234' title='bbox 1153 3068 1304 3133; x_wconf 88' lang='lat' dir='ltr'>obtinere</span> <span class='ocrx_word' id='word_1_235' title='bbox 1317 3092 1325 3148; x_wconf 94' lang='lat'>;</span> <span class='ocrx_word' id='word_1_236' title='bbox 1357 3088 1433 3133; x_wconf 91' lang='lat' dir='ltr'>cum</span> <span class='ocrx_word' id='word_1_237' title='bbox 1449 3066 1645 3133; x_wconf 88' lang='lat' dir='ltr'>eodemdis-</span> 
     </span>
     <span class='ocr_line' id='line_1_25' title="bbox 285 3170 1645 3259; baseline -0.002 -22"><span class='ocrx_word' id='word_1_238' title='bbox 285 3180 476 3259; x_wconf 86' lang='lat' dir='ltr'>pensantes,</span> <span class='ocrx_word' id='word_1_239' title='bbox 501 3172 591 3256; x_wconf 85' lang='lat' dir='ltr'>quod</span> <span class='ocrx_word' id='word_1_240' title='bbox 616 3170 804 3258; x_wconf 84' lang='lat' dir='ltr'>predictum</span> <span class='ocrx_word' id='word_1_241' title='bbox 830 3170 1034 3235; x_wconf 89' lang='lat' dir='ltr'>decanatum</span> <span class='ocrx_word' id='word_1_242' title='bbox 1050 3171 1155 3255; x_wconf 86' lang='lat' dir='ltr'>possit</span> <span class='ocrx_word' id='word_1_243' title='bbox 1171 3191 1237 3236; x_wconf 89' lang='lat' dir='ltr'>una</span> <span class='ocrx_word' id='word_1_244' title='bbox 1253 3192 1329 3237; x_wconf 91' lang='lat' dir='ltr'>cum</span> <span class='ocrx_word' id='word_1_245' title='bbox 1357 3170 1456 3255; x_wconf 85' lang='lat' dir='ltr'>dign,</span> <span class='ocrx_word' id='word_1_246' title='bbox 1480 3190 1575 3257; x_wconf 80' lang='lat' dir='ltr'>pers,</span> <span class='ocrx_word' id='word_1_247' title='bbox 1590 3171 1645 3234; x_wconf 77' lang='lat' dir='ltr'>vel</span> 
     </span>
     <span class='ocr_line' id='line_1_26' title="bbox 286 3276 821 3361; baseline -0.002 -19"><span class='ocrx_word' id='word_1_248' title='bbox 286 3276 342 3342; x_wconf 84' lang='lat' dir='ltr'>off.</span> <span class='ocrx_word' id='word_1_249' title='bbox 358 3276 547 3361; x_wconf 88' lang='lat' dir='ltr'>hujusmodi</span> <span class='ocrx_word' id='word_1_250' title='bbox 562 3277 654 3342; x_wconf 88' lang='lat' dir='ltr'>licite</span> <span class='ocrx_word' id='word_1_251' title='bbox 669 3277 821 3342; x_wconf 84' lang='lat' dir='ltr'>retinere.</span> 
     </span>
    </p>

    <p class='ocr_par' dir='ltr' id='par_1_11' title="bbox 285 3378 1646 3571">
     <span class='ocr_line' id='line_1_27' title="bbox 330 3378 1646 3465; baseline 0.002 -24"><span class='ocrx_word' id='word_1_252' title='bbox 330 3378 392 3444; x_wconf 88' lang='lat' dir='ltr'>Vel</span> <span class='ocrx_word' id='word_1_253' title='bbox 408 3380 550 3444; x_wconf 88' lang='lat' dir='ltr'>similem</span> <span class='ocrx_word' id='word_1_254' title='bbox 566 3400 626 3465; x_wconf 91' lang='lat' dir='ltr'>per</span> <span class='ocrx_word' id='word_1_255' title='bbox 638 3381 750 3447; x_wconf 93' lang='lat' dir='ltr'>omnia</span> <span class='ocrx_word' id='word_1_256' title='bbox 762 3400 809 3465; x_wconf 87' lang='lat' dir='ltr'>gr.</span> <span class='ocrx_word' id='word_1_257' title='bbox 826 3380 987 3445; x_wconf 84' lang='lat' dir='ltr'>facientes</span> <span class='ocrx_word' id='word_1_258' title='bbox 1003 3380 1112 3445; x_wconf 88' lang='lat' dir='ltr'>eidem</span> <span class='ocrx_word' id='word_1_259' title='bbox 1130 3380 1162 3444; x_wconf 93' lang='lat' dir='ltr'>in</span> <span class='ocrx_word' id='word_1_260' title='bbox 1179 3382 1261 3446; x_wconf 91' lang='lat' dir='ltr'>eccl.</span> <span class='ocrx_word' id='word_1_261' title='bbox 1279 3380 1480 3445; x_wconf 73' lang='lat' dir='ltr'>Ambianen.</span> <span class='ocrx_word' id='word_1_262' title='bbox 1502 3419 1546 3431; x_wconf 89' lang='lat'>-—</span> <span class='ocrx_word' id='word_1_263' title='bbox 1569 3378 1646 3445; x_wconf 90' lang='lat' dir='ltr'>Fiat</span> 
     </span>
     <span class='ocr_line' id='line_1_28' title="bbox 285 3482 741 3571; baseline 0.009 -23"><span class='ocrx_word' id='word_1_264' title='bbox 285 3482 329 3548; x_wconf 89' lang='lat' dir='ltr'>de</span> <span class='ocrx_word' id='word_1_265' title='bbox 344 3504 418 3549; x_wconf 89' lang='lat' dir='ltr'>can.</span> <span class='ocrx_word' id='word_1_266' title='bbox 432 3486 492 3549; x_wconf 91' lang='lat' dir='ltr'>sub</span> <span class='ocrx_word' id='word_1_267' title='bbox 508 3505 583 3571; x_wconf 85' lang='lat' dir='ltr'>exp.</span> <span class='ocrx_word' id='word_1_268' title='bbox 594 3488 686 3571; x_wconf 82' lang='lat' dir='ltr'>preb.</span> <span class='ocrx_word' id='word_1_269' title='bbox 701 3485 741 3552; x_wconf 95' lang='lat' dir='ltr'>R.</span> 
     </span>
    </p>
   </div>
   <div class='ocr_carea' id='block_1_7' title="bbox 285 3621 1646 4127">
    <p class='ocr_par' dir='ltr' id='par_1_12' title="bbox 285 3621 1646 4022">
     <span class='ocr_line' id='line_1_29' title="bbox 330 3621 1646 3710; baseline -0.002 -21"><span class='ocrx_word' id='word_1_270' title='bbox 330 3628 411 3689; x_wconf 82' lang='lat'>341.</span> <span class='ocrx_word' id='word_1_271' title='bbox 429 3622 516 3688; x_wconf 90' lang='lat' dir='ltr'>Item</span> <span class='ocrx_word' id='word_1_272' title='bbox 532 3645 627 3710; x_wconf 88' lang='lat' dir='ltr'>supp.</span> <span class='ocrx_word' id='word_1_273' title='bbox 644 3625 733 3690; x_wconf 86' lang='lat' dir='ltr'>idem</span> <span class='ocrx_word' id='word_1_274' title='bbox 748 3624 905 3705; x_wconf 87' lang='lat' dir='ltr'>decanus,</span> <span class='ocrx_word' id='word_1_275' title='bbox 922 3632 1014 3709; x_wconf 89' lang='lat' dir='ltr'>quat.</span> <span class='ocrx_word' id='word_1_276' title='bbox 1030 3624 1073 3689; x_wconf 91' lang='lat' dir='ltr'>de</span> <span class='ocrx_word' id='word_1_277' title='bbox 1089 3625 1255 3689; x_wconf 83' lang='lat' dir='ltr'>caneccl.</span> <span class='ocrx_word' id='word_1_278' title='bbox 1274 3621 1440 3687; x_wconf 87' lang='lat' dir='ltr'>Morinen.</span> <span class='ocrx_word' id='word_1_279' title='bbox 1466 3621 1646 3687; x_wconf 90' lang='lat' dir='ltr'>Guillelmo</span> 
     </span>
     <span class='ocr_line' id='line_1_30' title="bbox 285 3726 1645 3814; baseline -0.003 -22"><span class='ocrx_word' id='word_1_280' title='bbox 285 3726 327 3792; x_wconf 90' lang='lat' dir='ltr'>de</span> <span class='ocrx_word' id='word_1_281' title='bbox 346 3728 499 3813; x_wconf 86' lang='lat' dir='ltr'>Yvregni,</span> <span class='ocrx_word' id='word_1_282' title='bbox 515 3730 632 3814; x_wconf 88' lang='lat' dir='ltr'>nepoti</span> <span class='ocrx_word' id='word_1_283' title='bbox 644 3749 714 3809; x_wconf 88' lang='lat' dir='ltr'>su0,</span> <span class='ocrx_word' id='word_1_284' title='bbox 726 3728 909 3813; x_wconf 85' lang='lat' dir='ltr'>dignemini</span> <span class='ocrx_word' id='word_1_285' title='bbox 923 3728 1108 3814; x_wconf 85' lang='lat' dir='ltr'>providere,</span> <span class='ocrx_word' id='word_1_286' title='bbox 1124 3732 1216 3814; x_wconf 92' lang='lat' dir='ltr'>preb.</span> <span class='ocrx_word' id='word_1_287' title='bbox 1230 3729 1263 3792; x_wconf 95' lang='lat' dir='ltr'>in</span> <span class='ocrx_word' id='word_1_288' title='bbox 1276 3728 1396 3794; x_wconf 87' lang='lat' dir='ltr'>eadem</span> <span class='ocrx_word' id='word_1_289' title='bbox 1410 3727 1490 3793; x_wconf 89' lang='lat' dir='ltr'>eccl.</span> <span class='ocrx_word' id='word_1_290' title='bbox 1504 3745 1577 3789; x_wconf 80' lang='lat' dir='ltr'>vac.</span> <span class='ocrx_word' id='word_1_291' title='bbox 1591 3726 1645 3789; x_wconf 82' lang='lat' dir='ltr'>vel</span> 
     </span>
     <span class='ocr_line' id='line_1_31' title="bbox 285 3827 1644 3917; baseline -0.004 -21"><span class='ocrx_word' id='word_1_292' title='bbox 285 3840 397 3897; x_wconf 74' lang='lat' dir='ltr'>vacat.</span> <span class='ocrx_word' id='word_1_293' title='bbox 413 3832 474 3897; x_wconf 90' lang='lat' dir='ltr'>sibi</span> <span class='ocrx_word' id='word_1_294' title='bbox 491 3833 740 3913; x_wconf 85' lang='lat' dir='ltr'>conferendam,</span> <span class='ocrx_word' id='word_1_295' title='bbox 757 3833 929 3898; x_wconf 90' lang='lat' dir='ltr'>collationi</span> <span class='ocrx_word' id='word_1_296' title='bbox 957 3841 1064 3917; x_wconf 90' lang='lat' dir='ltr'>apost.</span> <span class='ocrx_word' id='word_1_297' title='bbox 1092 3852 1270 3911; x_wconf 84' lang='lat' dir='ltr'>reservare,</span> <span class='ocrx_word' id='word_1_298' title='bbox 1299 3852 1368 3897; x_wconf 94' lang='lat' dir='ltr'>non</span> <span class='ocrx_word' id='word_1_299' title='bbox 1396 3834 1482 3896; x_wconf 88' lang='lat' dir='ltr'>obst.</span> <span class='ocrx_word' id='word_1_300' title='bbox 1498 3827 1589 3913; x_wconf 93' lang='lat' dir='ltr'>quod</span> <span class='ocrx_word' id='word_1_301' title='bbox 1611 3828 1644 3891; x_wconf 94' lang='lat' dir='ltr'>in</span> 
     </span>
     <span class='ocr_line' id='line_1_32' title="bbox 285 3933 1453 4022; baseline 0 -21"><span class='ocrx_word' id='word_1_302' title='bbox 285 3936 368 4001; x_wconf 89' lang='lat' dir='ltr'>eccl.</span> <span class='ocrx_word' id='word_1_303' title='bbox 384 3936 416 4001; x_wconf 89' lang='lat' dir='ltr'>S.</span> <span class='ocrx_word' id='word_1_304' title='bbox 431 3936 608 4022; x_wconf 77' lang='lat' dir='ltr'>Gangetici</span> <span class='ocrx_word' id='word_1_305' title='bbox 625 3935 843 4004; x_wconf 89' lang='lat' dir='ltr'>Cameracen.</span> <span class='ocrx_word' id='word_1_306' title='bbox 859 3958 936 4003; x_wconf 90' lang='lat' dir='ltr'>can.</span> <span class='ocrx_word' id='word_1_307' title='bbox 952 3936 1083 4001; x_wconf 89' lang='lat' dir='ltr'>obtinet</span> <span class='ocrx_word' id='word_1_308' title='bbox 1098 3943 1133 4000; x_wconf 89' lang='lat' dir='ltr'>et</span> <span class='ocrx_word' id='word_1_309' title='bbox 1148 3937 1240 4022; x_wconf 91' lang='lat' dir='ltr'>preb.</span> <span class='ocrx_word' id='word_1_310' title='bbox 1258 3976 1301 3984; x_wconf 97' lang='lat'>—</span> <span class='ocrx_word' id='word_1_311' title='bbox 1318 3934 1395 4000; x_wconf 87' lang='lat' dir='ltr'>Fiat</span> <span class='ocrx_word' id='word_1_312' title='bbox 1413 3933 1453 4001; x_wconf 89' lang='lat' dir='ltr'>R.</span> 
     </span>
    </p>

    <p class='ocr_par' dir='ltr' id='par_1_13' title="bbox 329 4040 1033 4127">
     <span class='ocr_line' id='line_1_33' title="bbox 329 4040 1033 4127; baseline -0.003 -20"><span class='ocrx_word' id='word_1_313' title='bbox 329 4040 411 4107; x_wconf 86' lang='lat' dir='ltr'>Dat.</span> <span class='ocrx_word' id='word_1_314' title='bbox 425 4042 526 4107; x_wconf 83' lang='lat' dir='ltr'>Avin.</span> <span class='ocrx_word' id='word_1_315' title='bbox 541 4066 562 4127; x_wconf 89' lang='lat'>4</span> <span class='ocrx_word' id='word_1_316' title='bbox 577 4062 658 4108; x_wconf 90' lang='lat' dir='ltr'>non.</span> <span class='ocrx_word' id='word_1_317' title='bbox 674 4042 754 4107; x_wconf 88' lang='lat' dir='ltr'>maii</span> <span class='ocrx_word' id='word_1_318' title='bbox 770 4050 804 4106; x_wconf 86' lang='lat' dir='ltr'>a⁰</span> <span class='ocrx_word' id='word_1_319' title='bbox 823 4049 862 4107; x_wconf 88' lang='lat'>1⁰.</span> <span class='ocrx_word' id='word_1_320' title='bbox 880 4042 931 4125; x_wconf 88' lang='grc'>(2,</span> <span class='ocrx_word' id='word_1_321' title='bbox 947 4040 1033 4123; x_wconf 85' lang='lat'>157).</span> 
     </span>
    </p>
   </div>
   <div class='ocr_carea' id='block_1_8' title="bbox 235 4179 1603 4273">
    <p class='ocr_par' dir='ltr' id='par_1_14' title="bbox 235 4179 1603 4273">
     <span class='ocr_line' id='line_1_34' title="bbox 235 4179 1603 4273; baseline -0.014 -2"><span class='ocrx_word' id='word_1_322' title='bbox 235 4262 240 4271; x_wconf 91' lang='lat'>.</span> <span class='ocrx_word' id='word_1_323' title='bbox 336 4179 589 4266; x_wconf 80' lang='lat'>342-344.</span> <span class='ocrx_word' id='word_1_324' title='bbox 1309 4216 1312 4223; x_wconf 60' lang='grc'><strong><em>»</em></strong></span> <span class='ocrx_word' id='word_1_325' title='bbox 1381 4209 1472 4273; x_wconf 68' lang='lat'><em>1343,</em></span> <span class='ocrx_word' id='word_1_326' title='bbox 1488 4208 1509 4270; x_wconf 86' lang='lat'>5</span> <span class='ocrx_word' id='word_1_327' title='bbox 1527 4190 1603 4253; x_wconf 80' lang='lat' dir='ltr'>mai.</span> 
     </span>
    </p>
   </div>
   <div class='ocr_carea' id='block_1_9' title="bbox 328 4291 1646 4383">
    <p class='ocr_par' dir='ltr' id='par_1_15' title="bbox 328 4291 1646 4383">
     <span class='ocr_line' id='line_1_35' title="bbox 328 4291 1646 4383; baseline -0.005 -22"><span class='ocrx_word' id='word_1_328' title='bbox 328 4298 429 4383; x_wconf 85' lang='lat' dir='ltr'>Supp.</span> <span class='ocrx_word' id='word_1_329' title='bbox 440 4298 568 4381; x_wconf 83' lang='lat' dir='ltr'>Syrnon</span> <span class='ocrx_word' id='word_1_330' title='bbox 579 4297 622 4362; x_wconf 95' lang='lat' dir='ltr'>de</span> <span class='ocrx_word' id='word_1_331' title='bbox 633 4295 812 4363; x_wconf 89' lang='lat' dir='ltr'>Binchorst</span> <span class='ocrx_word' id='word_1_332' title='bbox 821 4304 841 4377; x_wconf 86' lang='lat'>³,</span> <span class='ocrx_word' id='word_1_333' title='bbox 849 4295 938 4361; x_wconf 89' lang='lat' dir='ltr'>dom.</span> <span class='ocrx_word' id='word_1_334' title='bbox 947 4296 988 4361; x_wconf 90' lang='lat' dir='ltr'>de</span> <span class='ocrx_word' id='word_1_335' title='bbox 1000 4292 1193 4379; x_wconf 80' lang='lat' dir='ltr'>Teylinc‚et</span> <span class='ocrx_word' id='word_1_336' title='bbox 1202 4292 1431 4378; x_wconf 81' lang='lat' dir='ltr'>Warn(er)ius</span> <span class='ocrx_word' id='word_1_337' title='bbox 1443 4294 1514 4379; x_wconf 89' lang='lat' dir='ltr'>ejus</span> <span class='ocrx_word' id='word_1_338' title='bbox 1527 4291 1646 4371; x_wconf 88' lang='lat' dir='ltr'>socius,</span> 
     </span>
    </p>
   </div>
   <div class='ocr_carea' id='block_1_10' title="bbox 284 4397 1775 4572">
    <p class='ocr_par' dir='ltr' id='par_1_16' title="bbox 284 4397 1775 4572">
     <span class='ocr_line' id='line_1_36' title="bbox 284 4397 1775 4487; baseline -0.005 -20"><span class='ocrx_word' id='word_1_339' title='bbox 284 4402 408 4467; x_wconf 89' lang='lat' dir='ltr'>milites</span> <span class='ocrx_word' id='word_1_340' title='bbox 430 4402 521 4467; x_wconf 90' lang='lat' dir='ltr'>dom.</span> <span class='ocrx_word' id='word_1_341' title='bbox 545 4403 678 4467; x_wconf 89' lang='lat' dir='ltr'>comitis</span> <span class='ocrx_word' id='word_1_342' title='bbox 705 4402 902 4487; x_wconf 77' lang='lat' dir='ltr'>Haynonie,</span> <span class='ocrx_word' id='word_1_343' title='bbox 926 4400 1002 4487; x_wconf 88' lang='lat' dir='ltr'>[pro</span> <span class='ocrx_word' id='word_1_344' title='bbox 1030 4400 1096 4465; x_wconf 95' lang='lat' dir='ltr'>ind.</span> <span class='ocrx_word' id='word_1_345' title='bbox 1114 4400 1146 4464; x_wconf 92' lang='lat' dir='ltr'>in</span> <span class='ocrx_word' id='word_1_346' title='bbox 1174 4408 1236 4465; x_wconf 91' lang='lat' dir='ltr'>art.</span> <span class='ocrx_word' id='word_1_347' title='bbox 1262 4398 1378 4485; x_wconf 74' lang='lat' dir='ltr'>mort]</span> <span class='ocrx_word' id='word_1_348' title='bbox 1408 4398 1442 4462; x_wconf 89' lang='lat' dir='ltr'>in</span> <span class='ocrx_word' id='word_1_349' title='bbox 1460 4397 1577 4463; x_wconf 86' lang='lat' dir='ltr'>fomra.</span> <span class='ocrx_word' id='word_1_350' title='bbox 1604 4434 1647 4443; x_wconf 93' lang='lat'>--</span> <span class='ocrx_word' id='word_1_351' title='bbox 1769 4461 1775 4473; x_wconf 70' lang='grc'><strong>,</strong></span> 
     </span>
     <span class='ocr_line' id='line_1_37' title="bbox 288 4502 423 4572; baseline 0.015 -2"><span class='ocrx_word' id='word_1_352' title='bbox 288 4502 366 4570; x_wconf 85' lang='lat' dir='ltr'>Fiat</span> <span class='ocrx_word' id='word_1_353' title='bbox 383 4504 423 4572; x_wconf 90' lang='lat' dir='ltr'>R.</span> 
     </span>
    </p>
   </div>
   <div class='ocr_carea' id='block_1_11' title="bbox 318 4678 852 4741">
    <p class='ocr_par' dir='ltr' id='par_1_17' title="bbox 318 4678 852 4741">
     <span class='ocr_line' id='line_1_38' title="bbox 318 4678 852 4741; baseline -0.006 -12"><span class='ocrx_word' id='word_1_354' title='bbox 318 4684 345 4741; x_wconf 77' lang='lat' dir='ltr'>a)</span> <span class='ocrx_word' id='word_1_355' title='bbox 361 4680 418 4730; x_wconf 81' lang='lat' dir='ltr'>(bd.</span> <span class='ocrx_word' id='word_1_356' title='bbox 430 4680 560 4730; x_wconf 77' lang='lat' dir='ltr'>Luronen.</span> <span class='ocrx_word' id='word_1_357' title='bbox 572 4710 604 4715; x_wconf 85' lang='lat'><em>-</em></span> <span class='ocrx_word' id='word_1_358' title='bbox 616 4681 644 4741; x_wconf 91' lang='lat' dir='ltr'>b)</span> <span class='ocrx_word' id='word_1_359' title='bbox 659 4678 717 4729; x_wconf 81' lang='lat' dir='ltr'>(lul.</span> <span class='ocrx_word' id='word_1_360' title='bbox 729 4681 852 4727; x_wconf 87' lang='lat' dir='ltr'>Limiren.</span> 
     </span>
    </p>
   </div>
   <div class='ocr_carea' id='block_1_12' title="bbox 284 4820 1696 5041">
    <p class='ocr_par' dir='ltr' id='par_1_18' title="bbox 284 4820 1696 5041">
     <span class='ocr_line' id='line_1_39' title="bbox 318 4820 1647 4892; baseline -0.01 -13"><span class='ocrx_word' id='word_1_361' title='bbox 318 4834 339 4880; x_wconf 92' lang='lat' dir='ltr'>l.</span> <span class='ocrx_word' id='word_1_362' title='bbox 353 4832 375 4879; x_wconf 88' lang='grc' dir='ltr'>Ι]</span> <span class='ocrx_word' id='word_1_363' title='bbox 387 4836 424 4880; x_wconf 74' lang='lat' dir='ltr'>ost</span> <span class='ocrx_word' id='word_1_364' title='bbox 436 4830 488 4880; x_wconf 73' lang='lat' dir='ltr'>cite</span> <span class='ocrx_word' id='word_1_365' title='bbox 499 4844 532 4879; x_wconf 87' lang='lat' dir='ltr'>en</span> <span class='ocrx_word' id='word_1_366' title='bbox 544 4832 605 4879; x_wconf 78' lang='lat'>1351</span> <span class='ocrx_word' id='word_1_367' title='bbox 620 4829 741 4892; x_wconf 77' lang='lat' dir='ltr'>(bochet,</span> <span class='ocrx_word' id='word_1_368' title='bbox 759 4826 856 4878; x_wconf 69' lang='lat' dir='ltr'>(lerna.</span> <span class='ocrx_word' id='word_1_369' title='bbox 868 4826 899 4875; x_wconf 80' lang='lat' dir='ltr'>de</span> <span class='ocrx_word' id='word_1_370' title='bbox 912 4826 1079 4877; x_wconf 61' lang='lat' dir='ltr'>dliii-nimmia</span> <span class='ocrx_word' id='word_1_371' title='bbox 1093 4840 1117 4889; x_wconf 90' lang='lat' dir='ltr'>p.</span> <span class='ocrx_word' id='word_1_372' title='bbox 1135 4826 1201 4886; x_wconf 79' lang='lat'>228).</span> <span class='ocrx_word' id='word_1_373' title='bbox 1214 4824 1379 4873; x_wconf 74' lang='lat' dir='ltr'>L&#39;Obituaire</span> <span class='ocrx_word' id='word_1_374' title='bbox 1389 4836 1420 4871; x_wconf 86' lang='lat' dir='ltr'>en</span> <span class='ocrx_word' id='word_1_375' title='bbox 1428 4822 1477 4870; x_wconf 81' lang='lat' dir='ltr'>lalt</span> <span class='ocrx_word' id='word_1_376' title='bbox 1486 4820 1602 4870; x_wconf 81' lang='lat' dir='ltr'>mention</span> <span class='ocrx_word' id='word_1_377' title='bbox 1614 4832 1647 4866; x_wconf 80' lang='lat' dir='ltr'>an</span> 
     </span>
     <span class='ocr_line' id='line_1_40' title="bbox 284 4892 1696 4969; baseline -0.011 -14"><span class='ocrx_word' id='word_1_378' title='bbox 284 4908 315 4955; x_wconf 77' lang='lat'>27</span> <span class='ocrx_word' id='word_1_379' title='bbox 332 4905 417 4969; x_wconf 81' lang='lat' dir='ltr'>juillet</span> <span class='ocrx_word' id='word_1_380' title='bbox 429 4905 483 4968; x_wconf 70' lang='lat' dir='ltr'>(to.</span> <span class='ocrx_word' id='word_1_381' title='bbox 496 4906 563 4965; x_wconf 74' lang='lat'>320).</span> <span class='ocrx_word' id='word_1_382' title='bbox 574 4932 606 4939; x_wconf 80' lang='lat'>—</span> <span class='ocrx_word' id='word_1_383' title='bbox 618 4908 641 4952; x_wconf 74' lang='grc'>2.</span> <span class='ocrx_word' id='word_1_384' title='bbox 657 4902 727 4953; x_wconf 75' lang='lat' dir='ltr'>oali.</span> <span class='ocrx_word' id='word_1_385' title='bbox 739 4903 833 4963; x_wconf 62' lang='lat' dir='ltr'>christ„</span> <span class='ocrx_word' id='word_1_386' title='bbox 848 4902 897 4962; x_wconf 90' lang='grc' dir='ltr'><strong>ΙΙΙ,</strong></span> <span class='ocrx_word' id='word_1_387' title='bbox 911 4902 940 4950; x_wconf 84' lang='grc'>7]</span> <span class='ocrx_word' id='word_1_388' title='bbox 953 4918 958 4961; x_wconf 86' lang='grc'><strong>;</strong></span> <span class='ocrx_word' id='word_1_389' title='bbox 971 4902 1003 4950; x_wconf 84' lang='lat' dir='ltr'>dc</span> <span class='ocrx_word' id='word_1_390' title='bbox 1016 4900 1258 4962; x_wconf 58' lang='lat' dir='ltr'>Limbuigstirum,</span> <span class='ocrx_word' id='word_1_391' title='bbox 1275 4898 1344 4947; x_wconf 79' lang='lat' dir='ltr'>(brt.</span> <span class='ocrx_word' id='word_1_392' title='bbox 1356 4894 1386 4945; x_wconf 80' lang='lat' dir='ltr'>de</span> <span class='ocrx_word' id='word_1_393' title='bbox 1405 4896 1482 4944; x_wconf 55' lang='lat' dir='ltr'>laertia</span> <span class='ocrx_word' id='word_1_394' title='bbox 1492 4893 1523 4943; x_wconf 73' lang='lat' dir='ltr'>do</span> <span class='ocrx_word' id='word_1_395' title='bbox 1535 4892 1612 4951; x_wconf 79' lang='lat' dir='ltr'>Male,</span> <span class='ocrx_word' id='word_1_396' title='bbox 1627 4892 1646 4951; x_wconf 87' lang='lat'>1,</span> <span class='ocrx_word' id='word_1_397' title='bbox 1691 4946 1696 4955; x_wconf 33' lang='lat'><strong>⁴</strong></span> 
     </span>
     <span class='ocr_line' id='line_1_41' title="bbox 286 4980 1416 5041; baseline -0.012 -10"><span class='ocrx_word' id='word_1_398' title='bbox 286 4983 340 5031; x_wconf 72' lang='lat'>390.</span> <span class='ocrx_word' id='word_1_399' title='bbox 353 5008 385 5015; x_wconf 98' lang='lat'>—</span> <span class='ocrx_word' id='word_1_400' title='bbox 396 4982 419 5030; x_wconf 79' lang='lat'>3.</span> <span class='ocrx_word' id='word_1_401' title='bbox 433 4980 516 5041; x_wconf 88' lang='lat' dir='ltr'>Brom,</span> <span class='ocrx_word' id='word_1_402' title='bbox 535 4994 561 5028; x_wconf 94' lang='lat' dir='ltr'>n.</span> <span class='ocrx_word' id='word_1_403' title='bbox 572 4980 642 5028; x_wconf 75' lang='lat'>1076.</span> <span class='ocrx_word' id='word_1_404' title='bbox 1412 5004 1416 5011; x_wconf 83' lang='lat'><em>-</em></span> 
     </span>
    </p>
   </div>
   <div class='ocr_carea' id='block_1_13' title="bbox 0 0 1830 5668">
    <p class='ocr_par' dir='ltr' id='par_1_19' title="bbox 0 0 1830 5668">
     <span class='ocr_line' id='line_1_42' title="bbox 0 0 1830 5668; baseline 0 0"><span class='ocrx_word' id='word_1_405' title='bbox 0 0 1830 5668; x_wconf 95' lang='lat' dir='ltr'> </span> 
     </span>
    </p>
   </div>
  </div>
 </body>
</html>
