3650 5675
253 470 317 536 246
589 469 676 544 1345,
699 470 735 535 19
757 468 910 533 decembre
932 506 971 513 -
993 469 1083 550 1346,
1106 472 1125 534 5
1143 470 1274 551 janvier.

256 620 345 706 apud
361 617 474 683 sedem
491 624 596 702 apost.
622 617 831 703 resignarint,
860 617 1015 701 idemque
1040 617 1131 684 card.
1155 619 1414 703 resignationem
1440 620 1557 705 ipsam,
1573 618 1614 684 de
1695 638 1698 641 ’

256 722 418 788 mandato
433 720 465 784 S.
483 718 521 783 V.
538 728 638 785 antea
654 722 715 786 sibi
732 721 822 786 lacto
844 722 982 786 oraculo
993 722 1071 786 vive
1087 723 1190 803 vocis,
1203 723 1335 789 duxerit
1347 724 1614 804 admittendam

256 834 346 911 quat.
362 824 487 889 eisdem
504 822 660 909 Philippo
675 825 718 891 de
734 846 805 890 can.
823 834 857 889 et
872 827 964 910 preb.
980 825 1012 890 S.
1028 826 1221 907 Andomari,
1238 836 1273 891 et
1290 826 1469 913 Radulpho
1484 827 1527 893 de
1542 847 1615 892 can.

257 938 290 993 et
306 931 397 1014 preb.
414 926 445 991 S.
463 925 624 993 Mederici
643 928 802 993 Parisien.
818 928 1035 994 ecclesiarum
1051 930 1210 1015 predictis
1231 951 1308 996 cum
1323 932 1469 1017 ipsorum
1479 932 1615 1017 juribus,

257 1054 298 1098 ex
315 1052 413 1097 causa
424 1030 575 1116 predicta
598 1053 683 1113 vac,
700 1031 884 1117 dignemini
908 1032 1105 1118 providere;
1131 1056 1197 1099 non
1224 1038 1310 1101 obst.
1326 1034 1417 1120 quod
1432 1036 1520 1101 idem
1538 1035 1616 1099 Phi·

258 1137 366 1222 lippus
391 1134 699 1201 archidiaconatum
717 1136 802 1218 Brie,
819 1158 892 1203 can.
910 1145 945 1202 et
971 1141 1064 1223 preb.
1093 1139 1125 1202 in
1143 1138 1354 1205 Suessionen.
1371 1148 1406 1205 et
1423 1140 1614 1220 Belvacen,

257 1259 297 1305 ac
312 1237 503 1319 virdunen,
520 1239 733 1307 Clarimontis
758 1241 944 1307 Belvacen..
965 1242 1063 1323 dioc,
1085 1245 1203 1328 capell.
1230 1245 1397 1328 quandam
1414 1246 1448 1309 in
1464 1244 1495 1310 S.
1513 1243 1617 1310 Nico-

258 1341 301 1407 lai
316 1344 517 1408 Ambianen.
534 1352 568 1409 et
584 1365 659 1410 cau.
676 1348 735 1411 sub
760 1367 835 1432 exp.
851 1348 944 1432 preb.
961 1346 993 1410 in
1022 1346 1265 1412 Catlralaunen.
1287 1349 1460 1427 ecclesiis;
1477 1356 1512 1413 et
1527 1348 1616 1413 idem

259 1446 454 1532 Radulphus
470 1468 543 1512 can.
559 1455 593 1512 et
609 1452 700 1533 preb.
717 1449 750 1514 in
775 1448 956 1515 Abrincen.
972 1452 1065 1531 eccl,
1081 1459 1116 1516 et
1138 1450 1276 1516 domum
1294 1452 1358 1517 Dei
1380 1452 1423 1517 de
1439 1452 1560 1518 Castro
1574 1451 1617 1517 de

259 1550 347 1631 Vire,
364 1549 522 1635 Bajocen.
538 1551 636 1633 dioc,
653 1553 803 1618 obtinere
819 1563 1013 1620 noscuntur.
1030 1595 1073 1603 ψ
1090 1553 1167 1620 Fiat
1181 1575 1242 1640 pro
1258 1562 1400 1639 utroque
1415 1554 1456 1620 R.

303 1654 383 1719 Dat.
399 1654 498 1719 Avin.
519 1660 556 1719 16
573 1654 639 1721 kal.
652 1657 781 1740 januar.
798 1665 831 1722 a⁰
847 1666 890 1741 4⁰.
908 1658 958 1741 (8,
980 1660 1082 1743 142*).

311 1786 421 1869 972.
1213 1820 1308 1884 1345,
1330 1820 1371 1884 19
1394 1802 1573 1864 decembre.

303 1903 404 1989 Supp.
420 1904 488 1969 dux
506 1902 725 1985 Normannie‚
738 1913 829 1989 quat.
850 1903 977 1990 [Petro
993 1911 1077 1970 n'ato
1093 1903 1475 1989 Goedanen,coujugato
1490 1903 1619 1969 Toma-

260 2027 334 2072 cen.
350 2007 436 2073 dioc.
454 2008 584 2089 cleric0,
601 2008 691 2074 dom.
707 2008 810 2073 nostri
826 2008 987 2092 genitoris
1003 2029 1044 2073 ac
1063 2017 1180 2073 nostro
1195 2006 1391 2093 secretario]
1409 2008 1452 2072 de
1467 2006 1619 2073 custodia

261 2132 319 2175 seu
334 2111 567 2192 matricularia,
583 2118 762 2196 spectante
777 2111 820 2176 ad
835 2111 944 2177 coll...
961 2113 1121 2177 abbatum
1145 2119 1179 2176 et
1206 2118 1435 2176 conventuum
1451 2118 1620 2176 monaste·

261 2215 383 2279 riorum
400 2214 455 2279 SS.
473 2214 562 2279 Petri
578 2222 613 2280 et
625 2213 773 2280 Bavonis
785 2213 983 2295 Gandensis,
993 2214 1036 2279 Ο.
1049 2214 1080 2279 S.
1094 2213 1143 2294 B.,
1156 2215 1307 2300 predicte
1322 2214 1509 2280 Tomacen.
1522 2214 1620 2295 dioc,

265 2317 355 2403 [vac.
372 2319 426 2382 vel
441 2317 580 2404 vacat.],
597 2318 780 2403 dignemini
799 2317 976 2403 providere
991 2341 999 2397 ;
1025 2338 1094 2384 non
1122 2322 1208 2384 obst.
1224 2318 1324 2402 quod,
1341 2318 1466 2383 virtute
1480 2318 1584 2403 gratie
1600 2338 1620 2382 a

262 2421 352 2487 dom.
376 2419 533 2498 Jolranne
554 2443 641 2507 papa
663 2420 777 2502 XXII,
799 2422 843 2487 ad
861 2422 1038 2508 supplicat.
1066 2422 1237 2506 quondam
1261 2421 1352 2487 dom.
1367 2423 1455 2506 regis
1472 2422 1620 2502 Roberti,

263 2526 421 2591 carissimi
437 2526 591 2591 avunculi
608 2524 712 2590 nostri
728 2524 789 2589 sibi
807 2524 903 2603 lacte,
915 2524 1104 2591 custodiam
1116 2545 1173 2589 seu
1183 2524 1442 2589 matriculariam
1458 2524 1499 2589 de
1515 2524 1620 2604 Sluus,

263 2628 353 2694 dicte
382 2629 570 2696 Tomacen.
601 2629 698 2709 dioc,
730 2634 940 2713 spectantem
968 2628 1012 2693 ad
1040 2630 1116 2693 coll.
1144 2630 1219 2693 abb.
1244 2626 1275 2692 S.
1300 2625 1445 2693 Bavonis
1467 2625 1618 2711 predicti,

264 2733 357 2818 cujus
369 2733 525 2799 fructus...
538 2733 640 2797 annui
650 2732 771 2797 valoris
784 2736 824 2797 26
837 2733 901 2797 lib.
907 2732 1011 2797 Paris.
1027 2752 1096 2796 uon
1112 2731 1290 2813 excedunt,
1300 2732 1447 2797 noscitur
1458 2728 1619 2794 obtinere.

309 2838 399 3008 1ξείῖᾶἱ
405 2838 505 3007 iiim
526 2963 562 3026 14
580 2940 648 3006 kal.
661 2943 790 3027 januar.
806 2951 838 3006 a⁰
854 2951 898 3025 4⁰.
915 2944 966 3025 (8,
987 2944 1073 3025 148).

317 3069 430 3153 973-
852 3100 854 3104 ’
1233 3105 1251 3148 r
1251 3104 1294 3167 34
1294 3102 1328 3165 5,
1345 3085 1388 3147 28
1403 3083 1581 3147 decembre.

309 3187 410 3272 Supp.
421 3185 631 3266 Gaucelmus,
642 3189 742 3272 episc.
753 3187 930 3268 Albanen,
943 3195 1034 3272 quat.
1045 3187 1201 3276 [Hugoni
1211 3187 1254 3252 de
1265 3187 1540 3272 MontepensatO,
1552 3205 1624 3251 can.

268 3289 447 3376 Melden.],
457 3289 499 3355 de
513 3311 586 3355 can.
599 3299 634 3355 et
644 3294 735 3376 preb.
749 3292 866 3376 colleg.
874 3295 956 3358 eccl.
969 3291 1180 3373 LilleriensiS,
1195 3291 1362 3357 Morinen.
1374 3289 1472 3370 dioc,
1486 3308 1626 3374 vacper

267 3394 323 3459 lib.
339 3394 457 3477 resign.
471 3391 644 3457 Bertrandi
657 3393 700 3458 de
712 3391 988 3480 Montepensato,
1001 3393 1091 3480 apud
1103 3394 1215 3459 sedem
1231 3402 1338 3480 apost.
1355 3401 1476 3480 sponte
1491 3392 1624 3472 factam,

268 3507 303 3563 et
314 3519 374 3585 per
389 3498 497 3582 ipsum
509 3497 610 3583 episc.
627 3497 669 3562 de
685 3499 846 3564 mandato
858 3499 888 3564 S.
903 3497 942 3564 V.
954 3498 1143 3579 admissam,
1153 3498 1329 3584 providere
1338 3496 1540 3581 dignemini;
1556 3515 1625 3560 non

269 3605 355 3668 obst.
379 3601 469 3686 quod
491 3601 579 3666 idem
608 3600 711 3686 Hugo
727 3603 761 3666 in
777 3604 858 3669 eccl.
877 3601 1026 3668 Melden.
1044 3624 1117 3668 can.
1135 3612 1169 3669 et
1184 3605 1276 3689 preb.
1300 3603 1449 3667 noscitur
1465 3601 1627 3679 obtinere,

270 3726 310 3771 ac
332 3707 408 3770 ben.
432 3706 513 3771 eccl.
530 3726 554 3771 s.
579 3727 618 3786 c.,
635 3714 791 3792 spectans
813 3707 855 3771 ad
872 3708 948 3772 coll.
965 3707 1067 3792 episc.
1091 3715 1125 3771 et
1142 3727 1215 3792 cap.
1232 3704 1419 3787 Caturcen,
1436 3712 1524 3770 auct.
1540 3703 1630 3769 litte·

269 3829 381 3875 rarum
405 3810 436 3874 S.
452 3808 503 3890 V.,
519 3809 668 3874 noscitur
683 3819 873 3895 expectare.
898 3849 938 3859 -
964 3811 1042 3876 Fiat
1066 3810 1106 3875 R.

314 3912 392 3977 Dat.
408 3913 509 3978 Avin.
527 3933 543 3997 5
562 3914 629 3979 kal.
641 3914 770 3998 januar.
786 3921 819 3977 a⁰
835 3922 877 3996 4⁰.
896 3913 945 3996 (8,
967 3915 1069 3998 151l).

321 4041 436 4123 974
847 4081 850 4087 ·
1300 4055 1394 4137 1346,
1410 4072 1431 4135 5
1440 4051 1585 4134 J'crnm'er.

314 4159 415 4244 Supp.
439 4157 636 4224 Guillelmus
651 4158 693 4223 de
708 4159 881 4242 Agrifolio,
897 4159 986 4244 prior
1001 4160 1222 4225 Abbatisville
1246 4179 1286 4224 ac
1310 4179 1384 4243 cap.
1399 4165 1520 4237 vester,
1537 4164 1628 4240 quat.

273 4262 494 4349 [procuratori
525 4283 594 4343 suo,
625 4262 715 4327 dom.
743 4261 913 4328 Bemardo
944 4261 1073 4344 Vitalis,
1103 4261 1228 4348 presb]
1261 4261 1428 4327 Tutellen.
1457 4260 1556 4339 dioc,
1586 4259 1629 4324 de

271 4366 388 4452 capell.
405 4365 443 4431 B.
461 4365 510 4431 M.
523 4368 620 4451 juxta
643 4366 753 4430 aulam
777 4365 901 4449 regiam
927 4363 1144 4447 Insulensem,
1168 4366 1353 4431 Tomacen.
1366 4363 1463 4444 dioc,
1479 4383 1554 4428 vac.
1570 4382 1630 4448 per

270 4478 414 4535 mortem
431 4469 538 4536 ultimi
554 4471 719 4555 capellani
734 4477 769 4534 et
785 4490 844 4555 per
859 4471 1120 4535 reservationem
1137 4469 1179 4534 de
1195 4469 1313 4535 eadem
1329 4489 1389 4554 per
1400 4466 1480 4533 S.V.
1493 4467 1628 4546 factam,

271 4575 362 4659 cujus
378 4573 503 4638 fructus
516 4593 553 4657 35
568 4574 623 4638 lib.
635 4572 737 4638 Paris.
747 4573 790 4638 ad
799 4573 930 4638 decime
941 4583 1010 4639 tarr.
1023 4581 1099 4639 sunt
1111 4573 1228 4653 taxati,
1241 4571 1422 4656 dignemini
1436 4570 1611 4657 providere
1619 4591 1628 4648 ;

270 4679 437 4743 non-obst.
452 4677 623 4742 beneficiis
639 4697 703 4760 que
727 4678 858 4743 obtinet
874 4680 929 4741 vel
945 4685 1112 4762 expectat,
1128 4676 1171 4741 de
1187 4676 1306 4759 quibus
1321 4677 1354 4740 in
1370 4683 1482 4740 vestra
1499 4673 1629 4740 cancel-

270 4782 351 4846 laria
366 4787 522 4845 teneatur
537 4801 727 4866 expressam
743 4780 852 4846 facere
867 4782 1087 4846 mentionem.
1103 4821 1146 4830 -
1163 4778 1239 4845 Fiat
1255 4779 1296 4846 R.

314 4873 392 4950 Dat.
409 4885 508 4950 Avin.
524 4905 603 4949 non.
617 4885 745 4969 januar.
762 4893 794 4949 a⁰
810 4893 852 4968 4⁰.
871 4887 921 4970 (8,
944 4887 1044 4969 155l).
