3650 5675
749 482 837 558 1346,
861 483 880 546 5
898 479 978 562 juin.
1487 481 1548 547 253

181 637 336 717 ·Marka¹,
346 657 408 703 suo
420 637 678 720 consanguiueo,
687 654 779 700 nunc
789 653 859 698 can.
871 633 953 696 eccl.
972 630 1153 712 Fossensis,
1167 631 1328 697 Leodien.
1341 632 1439 712 dioc,
1451 651 1549 717 super

184 743 251 809 def.
266 742 440 820 natalium,
457 761 558 824 quem
573 739 701 825 patitur
714 739 757 804 de
771 739 883 802 soluto
898 735 1030 819 genitus
1046 743 1080 800 et
1107 736 1228 816 soluta,
1245 736 1336 820 quod
1360 735 1547 821 hujusmodi

184 867 256 912 nou
272 849 357 911 obst.
372 844 439 910 def.
454 851 568 929 posset
584 843 627 909 ad
642 861 760 908 omues
775 840 908 906 ordines
932 839 1122 925 promoveri
1139 848 1173 904 et
1197 841 1277 904 eccl.
1293 842 1370 904 ben.
1387 839 1548 918 obtinere,

186 950 317 1015 etiamsi
334 969 449 1014 curam
463 949 603 1012 haberet
628 947 826 1024 animarum,
842 951 930 1008 auct.
958 951 1077 1028 apost„
1094 943 1127 1006 in
1156 943 1326 1008 communi
1354 943 1461 1008 sonna
1485 943 1549 1008 dis-

185 1061 365 1138 pensatum
380 1074 389 1131 ;
406 1057 562 1137 pretextu
579 1051 671 1137 cujus
686 1047 943 1135 dispensationis
971 1044 1059 1111 idem
1087 1046 1309 1131 Engelbertus
1333 1053 1384 1111 est
1410 1047 1441 1110 iu
1458 1046 1549 1111 dicta

186 1157 330 1222 ecclesia
345 1176 418 1221 ean.
435 1162 470 1219 et
484 1157 577 1240 preb.
593 1162 774 1219 assecutus.
791 1152 894 1236 Supp.
910 1151 1010 1235 igitur
1026 1151 1116 1215 idem
1133 1150 1245 1236 episc,
1257 1159 1348 1234 quat.
1365 1169 1443 1215 cum
1458 1150 1550 1215 dicto

187 1261 404 1346 Engelberto,
421 1258 511 1342 quod
533 1258 696 1344 premisso
720 1276 789 1321 non
818 1257 904 1319 obst.
932 1253 997 1319 des.
1022 1254 1128 1339 possit
1152 1253 1262 1318 adhuc
1283 1252 1350 1318 duo
1366 1254 1447 1318 eccl.
1463 1256 1550 1333 ben,

188 1365 321 1430 etiamsi
337 1365 479 1428 alterum
496 1362 627 1426 illorum
643 1360 742 1445 dign,
758 1379 844 1444 pers.
861 1357 915 1422 vel
944 1358 999 1423 off.
1016 1357 1116 1423 fuerit
1131 1365 1167 1422 et
1183 1377 1297 1422 curam
1313 1357 1467 1422 habuerit
1482 1358 1551 1422 aui-

188 1488 329 1548 marum,
347 1474 533 1553 acceptare,
550 1466 696 1549 recipere
713 1471 748 1527 et
762 1462 917 1542 retinere,
930 1463 957 1527 si
973 1462 1056 1526 alias
1072 1461 1182 1526 eidem
1199 1461 1363 1526 canonice
1379 1461 1551 1526 conferan-

188 1579 252 1652 tur,
268 1579 303 1636 et
319 1571 377 1635 illa
391 1578 426 1635 et
442 1569 614 1654 quodlibet
630 1588 755 1646 eorum,
772 1565 1041 1649 quandocunque
1071 1573 1106 1630 et
1127 1564 1391 1655 quotiescunque
1416 1573 1551 1650 oportu-

188 1695 270 1740 num
287 1673 395 1754 fuerit,
410 1682 610 1758 permutare,
626 1680 662 1736 et
676 1670 767 1755 quod
789 1668 832 1734 de
858 1669 1022 1754 premisso
1048 1668 1113 1734 def.
1138 1688 1207 1734 non
1223 1676 1377 1733 teneatur
1393 1669 1426 1732 in
1442 1668 1551 1751 aliqua

188 1777 295 1861 gratia
311 1798 371 1842 suo
387 1775 525 1864 nomine
537 1773 749 1860 impetranda
764 1771 872 1838 facere
899 1771 1120 1853 mentionem,
1137 1771 1320 1856 dignemini
1338 1793 1416 1838 cum
1431 1793 1473 1836 eo
1488 1771 1552 1836 dis-

188 1897 341 1962 pensare.
358 1917 400 1927 -
418 1873 494 1940 Fiat
510 1875 551 1941 R.

234 2021 315 2082 997.
339 2012 428 2078 Item
452 2034 548 2098 supp.
563 2013 654 2078 idem
669 2015 781 2099 episc,
808 2022 899 2099 quat.
916 2013 935 2091 J
939 2014 1076 2092 charmi,
1095 2013 1234 2081 Henrici
1250 2015 1293 2081 de
1317 2015 1454 2096 Solario,
1471 2016 1553 2080 civis

190 2116 352 2184 Leodien.
363 2127 384 2198 ²,
397 2117 476 2198 filio,
490 2118 578 2197 cler,
590 2117 632 2182 de
649 2138 724 2183 can.
734 2125 770 2182 et
781 2121 872 2202 preb.
888 2139 963 2182 vac.
979 2120 1034 2182 vel
1044 2127 1154 2184 vacat.
1171 2120 1253 2184 eccl.
1267 2119 1298 2185 S.
1316 2117 1454 2185 Martini
1469 2118 1554 2184 Leo-

188 2222 278 2288 dien.
294 2222 476 2307 dignemini
492 2221 678 2308 providere.
698 2259 731 2270 -
753 2221 829 2287 Fiat
845 2221 886 2288 R.

232 2367 316 2429 998.
334 2360 422 2425 Item
437 2381 533 2445 supp.
550 2367 640 2444 quat.
656 2357 814 2440 Johanni,
828 2358 966 2425 Gerardi
978 2357 1191 2426 Manshoven
1208 2361 1288 2442 filio,
1299 2362 1376 2426 cler.
1393 2359 1554 2427 Leodien.

189 2465 286 2544 dioc,
302 2465 345 2530 de
361 2484 434 2530 cau.
451 2471 487 2528 et
500 2466 593 2549 preb.
609 2464 691 2529 eccl.
708 2463 739 2528 S.
767 2463 906 2528 Servatii
933 2463 1166 2550 Trajectensis‚
1183 2463 1343 2529 Leodien.
1367 2465 1464 2546 dioc,
1480 2485 1554 2530 vac.

190 2569 244 2632 vel
259 2584 381 2650 vacat,
403 2568 586 2652 dignemini
601 2567 790 2654 providere.
806 2567 941 2632 -Fiat
960 2567 1000 2633 R.

239 2711 320 2772 999.
339 2703 427 2771 Item
454 2728 549 2794 supp.
566 2716 657 2792 quat.
684 2706 775 2793 quod
800 2707 870 2793 ipse
895 2727 972 2772 cum
1000 2707 1116 2792 viginti
1143 2707 1295 2793 personis
1318 2706 1484 2786 litteratis,
1512 2706 1553 2771 de

190 2806 307 2873 solutis
322 2811 364 2873 ab
379 2818 520 2895 utraque
534 2819 641 2897 parte,
658 2811 713 2875 vel
730 2811 835 2875 altera
860 2819 957 2895 parte
983 2818 1116 2876 tautum
1141 2819 1177 2877 et
1198 2811 1389 2897 presbiteris
1403 2811 1458 2876 vel
1474 2831 1553 2877 con-

186 2911 321 2995 jugatis,
337 2914 468 2997 genitis
484 2924 572 2980 auct.
589 2924 697 3001 apost.
714 2914 915 3000 dispensare,
933 2923 1054 2980 utnon
1072 2918 1157 2981 obst.
1174 2915 1239 2981 def.
1256 2936 1355 3000 quem
1371 2916 1553 3001 patiuntur,

190 3016 321 3097 possint
335 3016 380 3082 ad
395 3038 513 3083 omnes
528 3020 662 3084 ordines
673 3020 864 3105 promoveri
890 3026 925 3083 et
952 3018 1033 3084 eccl.
1058 3022 1145 3099 benl,
1162 3018 1294 3085 etiamsi
1320 3038 1433 3101 curam
1448 3020 1553 3085 habet

190 3118 385 3200 animarum,
401 3122 532 3207 assequi
549 3131 583 3187 et
599 3123 751 3202 retinere,
766 3122 882 3207 possit,
898 3120 1081 3205 dignemini
1094 3122 1204 3188 eidem
1219 3122 1400 3207 indulgere.
1416 3164 1459 3174 -
1475 3122 1553 3188 Fiat

190 3220 233 3285 de
248 3221 425 3289 duodecim
441 3227 621 3307 exsolutis,
637 3227 680 3292 de
696 3234 775 3291 octo
790 3226 833 3291 de
849 3226 932 3291 aIIIs.
945 3225 987 3291 R.

235 3326 323 3391 Item
339 3331 429 3413 quod
444 3332 549 3417 possit
562 3352 620 3395 sex
637 3331 776 3396 clericos
792 3331 825 3395 in
849 3330 950 3395 sacris
964 3348 1033 3395 non
1058 3341 1241 3417 promotos
1257 3352 1322 3398 nec
1347 3334 1553 3418 conjugatos

190 3450 254 3496 nec
268 3434 344 3497 ben.
361 3435 442 3500 eccl.
459 3435 662 3515 obtinentes
679 3455 764 3519 quos
789 3434 921 3499 duxerit
947 3434 1127 3519 eligendos,
1145 3444 1234 3502 auct.
1262 3446 1380 3522 apost,
1405 3438 1554 3503 notari0s

191 3536 497 3621 creare,dIgnemini
510 3538 620 3603 eidem
630 3539 734 3603 etiam
745 3538 915 3623 indulgere
926 3547 963 3604 ut
975 3540 1009 3602 in
1019 3539 1134 3605 forma.
1147 3582 1190 3588 -
1202 3539 1279 3605 Fiat
1291 3541 1333 3606 de
1346 3530 1498 3626 quatuor.
1514 3541 1553 3607 R.

237 3637 324 3704 Item
339 3642 533 3727 supp.qu0d
545 3641 774 3727 predictonrm
789 3641 972 3725 dignemIni
989 3643 1201 3708 committere
1217 3664 1359 3709 examen
1374 3644 1417 3709 ad
1432 3653 1553 3730 partes

192 3780 237 3789 —-
252 3740 328 3808 Fiat
344 3743 385 3809 R.

239 3845 315 3911 Dat.
326 3848 428 3913 Avin.
444 3870 463 3931 4
479 3869 560 3913 non.
572 3848 656 3932 junii
677 3854 711 3913 a⁰
728 3856 770 3932 5⁰.
787 3848 854 3932 (tl,
873 3850 957 3935 24I).

246 3983 397 4064 1000.
1284 4000 1379 4084 1346,
1395 4000 1511 4082 5juin.
1600 4050 1603 4055 ι

238 4102 339 4188 Supp.
355 4102 374 4179 J
378 4104 529 4169 ohannes
545 4101 687 4169 Masculi
703 4113 724 4184 ³,
740 4111 831 4187 quat.
850 4102 1117 4188 [consanguineo
1133 4125 1194 4169 suo
1214 4102 1360 4180 Johanni
1385 4104 1517 4170 Morelli
1534 4117 1554 4185 ⁴,

195 4206 360 4273 Senonen.
376 4207 537 4293 diacono]
542 4258 551 4289 ,
565 4207 609 4272 de
624 4228 696 4272 can.
713 4216 747 4272 et
759 4208 851 4291 preb.
863 4207 946 4271 eccl.
959 4206 990 4270 S.
1004 4206 1143 4272 Servatii
1156 4205 1554 4291 Trajectensis,Leodieu.

196 4310 293 4393 dioc,
308 4331 382 4377 vac.
398 4312 433 4375 in
450 4311 548 4377 Rom.
565 4330 632 4376 cur.
648 4330 708 4396 per
717 4312 770 4375 ob.
785 4308 924 4374 Henriei
940 4308 983 4373 de
997 4308 1017 4385 J
1021 4310 1139 4390 uliaco,
1157 4310 1258 4395 ipsius
1268 4311 1350 4377 eccl.
1365 4332 1439 4377 can.
1451 4316 1554 4398 preb,

196 4414 284 4479 sedis
297 4424 406 4500 apost.
422 4435 495 4501 cap.
510 4421 532 4496 ⁵,
556 4414 612 4499 qui
640 4415 674 4479 tn
700 4414 792 4479 dicta
819 4433 886 4477 cur.
910 4412 1000 4477 diem
1025 4413 1143 4478 clausit
1168 4420 1367 4495 extremum,
1389 4417 1444 4479 vel
1474 4418 1555 4483 alias

198 4518 501 4603 quomodocunque
525 4526 658 4598 vacent,
682 4517 764 4581 dum
787 4524 903 4580 tamen
929 4515 1075 4599 ipsorum
1101 4536 1174 4582 cau.
1200 4526 1235 4581 et
1258 4520 1350 4602 preb.
1376 4519 1552 4585 collatIo...

233 4757 254 4804 l.
267 4756 413 4816 fleuerunt,
426 4770 452 4803 n.
464 4758 527 4805 775:
545 4754 578 4803 cf.
591 4754 713 4802 Arclee'rer
725 4752 810 4816 helpes,
825 4756 893 4815 1903,
906 4770 931 4817 p.
944 4757 982 4803 31.
995 4784 1027 4792 -
1043 4759 1066 4803 2.
1084 4755 1165 4803 Iienri
1182 4755 1227 4803 des
1245 4756 1355 4812 Soiiers;
1372 4755 1406 4804 cf.
1423 4756 1553 4817 Bonnans,

202 4828 270 4880 Cart.
281 4829 313 4877 de
323 4830 349 4879 S.
361 4827 488 4888 Lauren,
501 4828 545 4889 IV,
559 4831 589 4875 79
602 4844 608 4885 ;
621 4827 745 4885 Ponoelet,
759 4828 838 4889 qufa,
851 4830 905 4887 241,
919 4830 973 4889 378,
987 4830 1041 4877 tua.
1053 4858 1084 4867 —
1095 4831 1116 4878 3.
1129 4830 1236 4889 Krisch,
1250 4828 1325 4890 Kott,
1336 4831 1392 4878 235.
1402 4860 1434 4867 -
1443 4831 1465 4880 4.
1477 4830 1554 4879 Diut-

198 4907 255 4950 rent
266 4903 298 4951 de
309 4902 376 4951 celui
387 4902 432 4962 qui
444 4906 483 4949 eet
494 4901 590 4963 siguald
601 4917 654 4951 aux
666 4917 690 4950 u.
703 4904 747 4950 691
761 4909 788 4950 et
800 4904 854 4951 801.
867 4930 898 4940 -
910 4906 933 4952 5.
946 4902 1008 4951 Voir
1020 4918 1044 4952 n.
1057 4904 1111 4953 tlt.
