3650 5675
300 476 360 541 608
829 477 919 553 1352.
943 477 977 541 15
996 476 1123 557 J'anvier.

291 625 395 717 *dere;
413 646 489 692 cum
501 626 593 693 dicto
606 625 625 704 J
628 626 763 693 ohanne
779 627 1012 715 dispensantes
1023 634 1060 693 ut
1074 626 1202 695 dictum
1212 628 1428 707 decanatum,
1440 648 1505 712 que
1517 626 1661 710 dignitas

299 751 324 795 s.
341 751 369 795 c.
386 731 508 812 existit,
525 751 592 799 una
615 751 691 796 cum
715 730 861 817 quadam
876 739 993 797 curata
1008 731 1150 797 ecclesia
1166 753 1267 816 quam
1283 732 1424 811 obtinet,
1441 731 1532 796 licite
1549 732 1660 797 valeat

299 834 451 915 retinere,
467 835 631 919 generalis
654 835 797 917 concilii,
815 845 890 917 etc,
907 835 1010 901 etiam
1026 835 1052 901 si
1070 834 1192 901 fuerint
1208 835 1378 917 reservati,
1394 843 1459 901 etc.
1475 876 1518 885 —
1535 833 1611 901 Fiat
1628 835 1659 899 in

301 937 406 1004 forma
425 938 463 1003 R.

344 1042 421 1111 Dat.
437 1043 536 1111 Avin.
554 1046 590 1109 18
607 1042 673 1111 kal.
690 1044 769 1113 febr.
786 1052 818 1115 a⁰
838 1052 898 1111 10⁰.
917 1046 989 1129 (21,
1006 1043 1043 1110 P.
1061 1042 1106 1125 11,
1125 1047 1205 1129 3²'')·

351 1181 664 1267 2347-2349.
1309 1214 1402 1279 135³,
1421 1194 1617 1279 15sanv1er.

342 1298 487 1364 Rotulus
503 1302 791 1387 corfirmetionum
808 1301 1005 1365 arrcloritate
1019 1304 1121 1386 apost.

342 1401 442 1469 Pater
458 1403 522 1469 8¹⁰⁶.
540 1402 775 1487 Dignemini...
795 1404 1036 1469 confirmare...

345 1507 457 1573 Primo
483 1508 752 1595 acceptationem
769 1516 804 1573 et
826 1508 1053 1594 provisionem
1074 1507 1180 1573 factas
1196 1526 1255 1593 per
1279 1505 1471 1584 Johannem
1486 1516 1603 1573 natum
1619 1508 1662 1574 de

301 1609 429 1695 Neysel
456 1612 497 1677 de
522 1610 726 1677 Buscoducis
743 1622 762 1693 ¹,
787 1611 1006 1697 presbiterum
1033 1610 1204 1690 Leodien.,
1220 1610 1263 1675 de
1286 1611 1422 1701 paroch.
1447 1612 1595 1677 ecclesiis
1620 1612 1662 1678 de

301 1712 456 1779 Waderle
484 1726 518 1780 et
544 1714 586 1780 de
602 1714 741 1781 Wedert
764 1715 806 1781 ad
832 1714 976 1780 invicem
1003 1714 1270 1800 dependentibus
1297 1735 1356 1780 seu
1378 1714 1489 1796 unitis,
1513 1715 1661 1801 ejusdem

303 1817 462 1911 Leodien.
479 1818 566 1890 dioc.

346 1920 434 1987 Item
461 1922 762 2008 acceptationem...
789 1922 914 1989 factam
930 1943 989 2009 per
1007 1922 1198 1988 Emundum
1214 1922 1256 1988 de
1273 1922 1446 2008 Gbernert,
1462 1924 1567 1995 filium
1582 1945 1663 1990 con-

303 2027 379 2095 dam
409 2026 574 2107 Johannis
601 2028 688 2115 Elye
714 2027 756 2095 de
781 2026 995 2109 Buscoducis,
1023 2024 1183 2095 Leodien.
1206 2026 1304 2108 dioc,
1331 2026 1373 2098 de
1403 2048 1479 2095 can.
1509 2036 1544 2099 et
1569 2030 1663 2115 preb.

291 2132 442 2201 'ecclesie
467 2131 504 2201 Β.
523 2130 571 2201 Μ.
588 2132 764 2219 Aquensis,
793 2130 989 2219 [Leodien.]
1006 2130 1103 2215 dioc,
1120 2151 1192 2197 vac.
1209 2151 1269 2221 per
1283 2139 1428 2201 mortem
1444 2130 1607 2211 Iohannis
1618 2130 1662 2198 de

304 2234 528 2323 Rodeuburgh
541 2246 561 2305 ².

346 2380 454 2443 2³48.
472 2374 559 2441 Item
577 2376 848 2463 acceptationem
865 2376 990 2443 factam
1006 2395 1065 2461 per
1080 2374 1273 2453 Johannem
1288 2376 1417 2441 dictum
1434 2374 1603 2442 Hanacon
1619 2376 1663 2442 de

300 2479 458 2567 Juprelle,
474 2480 516 2547 de
532 2501 605 2549 can.
622 2489 657 2545 et
672 2483 763 2567 preb.
780 2480 920 2547 ecclesie
938 2477 976 2546 B.
994 2478 1042 2545 M.
1059 2478 1261 2565 Dyonensis,
1288 2477 1448 2546 Leodlen.
1474 2480 1571 2561 dioc,
1587 2501 1663 2547 vac.

299 2605 359 2672 per
374 2588 428 2651 ob.
444 2584 464 2663 J
467 2586 563 2651 acobi
579 2586 660 2652 dicti
677 2586 822 2651 Strabor.

344 2687 431 2754 Item
458 2690 727 2775 acceptationem
752 2689 878 2757 factam
903 2709 963 2775 per
991 2688 1183 2775 Philippum
1198 2688 1241 2755 de
1257 2685 1479 2771 Borgneraul,
1502 2687 1662 2754 clericum

300 2790 460 2858 Leodien.
477 2792 574 2874 dioc,
591 2792 633 2859 de
650 2812 724 2860 can.
741 2802 775 2859 et
790 2796 882 2880 preb.
899 2793 1039 2860 ecclesie
1056 2792 1094 2858 B.
1112 2791 1161 2859 M.
1178 2792 1431 2879 Antverpiensis
1445 2802 1466 2857 ³.

345 2897 432 2967 Item
459 2898 729 2983 acceptationem
753 2898 879 2966 iactam
905 2920 966 2985 per
987 2899 1173 2983 Symonem
1188 2897 1230 2965 de
1246 2896 1382 2977 Castris,
1398 2897 1557 2964 clericum
1574 2895 1660 2962 Leo-

299 3001 387 3070 dien.
403 3001 501 3082 dioc,
525 3022 613 3087 rnag.
630 3003 663 3068 in
680 3011 753 3084 art,
769 3003 811 3070 de
828 3023 900 3070 can.
917 3012 952 3070 et
967 3005 1059 3088 preb.
1082 3001 1288 3088 presbiterali
1304 3000 1342 3066 B.
1360 3000 1449 3066 Petri
1472 2999 1662 3067 Lovanien-

299 3106 353 3186 sis,
369 3104 459 3172 dicte
474 3105 572 3188 dioc,
589 3127 663 3176 vac.
675 3128 734 3192 per
750 3116 893 3176 mortem
911 3105 1049 3174 Henrici
1066 3107 1108 3173 de
1125 3107 1338 3187 Watermale,
1351 3106 1407 3190 qui
1423 3113 1519 3172 extra
1534 3105 1662 3172 curiam

299 3207 454 3277 decessit.

344 3311 432 3380 Item
447 3315 717 3400 acceptationem
739 3315 862 3384 ¹factam
885 3336 945 3404 per
967 3314 1135 3396 Jacobum
1151 3314 1285 3402 Coplsiu
1300 3314 1343 3384 de
1358 3315 1496 3402 paroch.
1519 3314 1662 3381 ecclesia

299 3415 342 3484 de
360 3415 530 3500 Merwele,
548 3418 708 3487 Leodien.
724 3419 810 3488 dioc.
827 3421 897 3503 (21,
915 3419 952 3486 P.
969 3418 1015 3501 II,
1033 3422 1100 3503 38).

344 3561 452 3623 2349.
465 3555 551 3622 Item
568 3558 837 3643 acceptationem
854 3557 977 3624 factam
993 3577 1052 3644 per
1067 3557 1260 3635 Johannem
1276 3556 1426 3644 Copinee
1437 3557 1480 3622 de
1498 3555 1662 3648 Havines‚

299 3660 457 3727 clericum
479 3659 711 3741 Leodiensem,
735 3661 777 3728 de
804 3662 942 3748 paroch.
965 3663 1046 3727 eccl.
1074 3661 1116 3727 de
1141 3661 1321 3742 Komehes,
1348 3662 1438 3727 dicte
1463 3661 1561 3741 dioc,
1587 3681 1659 3726 uou

300 3768 384 3830 obst.
397 3765 531 3832 defectu
547 3767 646 3832 etatis
661 3787 761 3852 quem
778 3768 903 3853 patitur
918 3767 952 3832 in
971 3781 1028 3852 240
1043 3787 1133 3832 anno
1148 3767 1361 3832 constitutus.
1375 3767 1447 3849 (21,
1465 3763 1501 3829 P.
1520 3763 1564 3843 ll,
1578 3765 1660 3848 38l).

343 3869 431 3935 Item
448 3872 718 3958 acceptationem
746 3871 870 3938 factam
886 3892 946 3957 per
961 3873 1136 3952 Ottonem,
1162 3871 1306 3937 condam
1332 3870 1434 3954 Sigeri
1457 3869 1499 3935 de
1523 3868 1661 3950 Gratia,

299 3973 341 4040 de
357 3977 492 4060 paroch.
509 3977 590 4042 eccl.
607 3976 649 4041 de
667 3975 811 4062 Reduyt,
829 3975 989 4043 Leodien.
1005 3976 1102 4057 dioc,
1119 3995 1193 4040 vac.
1209 3995 1268 4061 per
1283 3978 1337 4040 ob.
1355 3973 1463 4059 Egidii
1478 3974 1522 4040 de
1538 3973 1626 4040 Eura
1638 3986 1661 4040 ⁴.

344 4077 431 4146 Item
459 4081 729 4166 acceptationem
756 4080 881 4149 tactam
908 4099 967 4166 per
990 4079 1127 4148 Petrum
1142 4078 1185 4147 de
1200 4079 1353 4148 Achiaco
1368 4078 1500 4146 decan.
1516 4086 1552 4144 et
1566 4080 1660 4164 preb.

300 4183 331 4250 S.
349 4183 523 4270 Gangerici
541 4185 758 4254 Cameracen.
776 4186 846 4269 (21,
865 4185 901 4252 P.
919 4183 963 4265 ΙΙ,
982 4187 1039 4270 39)

343 4288 430 4357 Item
457 4290 725 4376 acceptationem
749 4289 873 4356 factam
899 4310 959 4376 per
975 4287 1110 4358 Petrum
1126 4288 1271 4358 condam
1286 4285 1444 4358 Willelmi
1468 4284 1602 4372 Majolit
1615 4287 1660 4354 de

299 4391 464 4490 Geldonia
480 4393 522 4462 de
537 4414 612 4462 can.
629 4402 663 4459 et
679 4397 771 4481 preb.
787 4395 929 4465 ecclesie
943 4396 1101 4463 secularis
1117 4395 1155 4462 B.
1170 4393 1218 4462 M.
1232 4392 1481 4473 Namurcensis,
1498 4391 1660 4462 Leodien.

299 4497 394 4578 dioc,
411 4519 483 4564 vac.
499 4519 558 4583 per
574 4507 718 4564 mortem
735 4498 853 4583 Egidii.
869 4539 911 4550 —-
929 4498 1005 4566 Fiat
1023 4499 1063 4568 R.
1191 4503 1196 4513 '

344 4601 422 4668 Dat.
439 4603 537 4670 Avin.
560 4605 595 4666 18
613 4601 679 4668 kal.
696 4603 775 4668 febr.
792 4611 825 4668 a⁰
845 4610 905 4670 10⁰.
923 4607 995 4688 (21,
1013 4603 1049 4668 P.
1067 4602 1112 4684 ll,
1131 4606 1202 4687 39')

448 4728 548 4736 ——.

334 4777 354 4823 l.
368 4775 428 4821 Voir·
446 4790 469 4822 n.
488 4777 560 4822 2313.
578 4803 609 4809 -
626 4779 648 4824 2.
666 4777 726 4824 Voir
743 4791 767 4826 n.
788 4779 858 4824 2311.
876 4805 908 4812 —
925 4779 948 4826 3.
967 4777 989 4824 ll
1005 4777 1096 4826 devint
1114 4777 1172 4840 plus
1188 4777 1248 4825 tnrd
1265 4777 1340 4826 chan.
1358 4777 1390 4824 dc
1407 4776 1531 4824 louvain.
1550 4773 1610 4824 cure
1626 4774 1661 4823 de

301 4847 401 4972 papispp
412 4847 517 4974 gilli
531 4855 548 4896 t.
563 4851 598 4907 72,
612 4865 636 4912 p.
650 4852 704 4910 428)
717 4858 742 4898 et
755 4849 881 4902 clunolne
892 4853 908 4902 rt
919 4855 1019 4902 hovers
1029 4851 1083 4912 (lh,
1098 4853 1163 4917 “li
1176 4851 1209 4903 ct.
1223 4851 1349 4908 Melanos,
1362 4849 1423 4898 liar.
1438 4848 1541 4907 Lerna,
1558 4849 1660 4910 138).-
