3650 5675
298 483 338 549 60
824 481 912 554 1843,
935 480 991 545 4-5
1013 478 1130 545 linior.

298 640 388 717 quat.
405 631 726 716 [archidiaconatum
742 652 839 697 suum
855 628 1106 695 Bruxellensem
1118 630 1152 695 in
1164 631 1247 697 eccl.
1260 628 1474 695 Cameracen.
1486 648 1546 715 per
1557 628 1659 693 alium

297 736 404 821 possit
419 735 578 817 visitare].
593 774 637 783 -
653 733 729 799 Fiat
752 734 793 800 R.

343 839 422 903 Dat.
437 838 537 902 Avin.
555 858 572 921 3
588 858 668 903 non.
684 838 765 903 febr.
780 844 813 903 a⁰
833 845 872 902 1⁰.
889 838 940 921 (2,
960 858 994 921 15
1014 840 1039 921 ).

350 977 464 1060 284.
1334 1010 1429 1074 1343,
1445 1013 1464 1074 4
1476 990 1616 1077 saturier.

343 1096 444 1181 Supp.
460 1094 556 1160 miles
572 1092 731 1159 Matheus
745 1092 788 1158 de
804 1091 913 1177 Roya,
926 1092 1017 1158 dom.
1028 1092 1071 1158 de
1087 1093 1317 1178 Alneto‚quat.
1330 1092 1349 1172 J
1353 1093 1477 1160 ohanni
1493 1092 1536 1159 de
1552 1091 1658 1176 Roya‚

299 1199 390 1265 fratri
416 1220 487 1279 suo,
513 1197 557 1263 de
580 1217 654 1263 can.
670 1198 704 1261 in
720 1197 802 1263 eccl.
829 1194 1016 1261 Tomacen.
1042 1196 1238 1281 [dignemini
1254 1198 1454 1283 providere],
1482 1217 1550 1263 non
1574 1199 1658 1261 obst.

299 1303 390 1387 quod
416 1303 450 1366 in
475 1302 690 1368 Cameracen.
717 1302 982 1387 preposituram¹
1001 1300 1087 1367 acin
1103 1301 1221 1367 eadem
1237 1311 1272 1368 et
1287 1302 1321 1367 in
1338 1302 1561 1368 Anthoniensi
1578 1302 1659 1365 eccl.

300 1425 373 1470 can.
390 1412 424 1470 et
439 1406 531 1490 preb.
542 1424 587 1469 ac
602 1414 746 1488 quatuor
760 1404 925 1489 simplicia
949 1406 1026 1469 ben.
1054 1404 1124 1469 sive
1149 1414 1346 1489 personatus
1370 1406 1404 1469 in
1428 1405 1515 1472 dioc.
1543 1404 1659 1470 Came-

299 1528 409 1574 racen.
425 1508 575 1574 noscitur
591 1510 752 1575 obtinere.
765 1549 808 1558 -
826 1508 901 1574 Fiat
919 1508 958 1574 R.

343 1611 420 1677 Dat.
435 1611 535 1677 Avin.
553 1633 571 1676 2
587 1633 664 1678 non.
680 1613 759 1679 febr.
774 1620 808 1678 a⁰
824 1620 861 1678 1⁰.
876 1620 890 1647 ⁸
906 1614 956 1696 (2,
978 1614 1039 1697 17).

351 1750 594 1837 285-293.
688 1832 692 1839 ,
1338 1786 1435 1849 1343,
1450 1784 1471 1847 5
1479 1766 1617 1853 faterier.

343 1870 563 1955 Supp...miles
573 1868 792 1954 Ingenamus,
801 1868 940 1935 dom.de
951 1866 1180 1953 Couchi‚quat.
1192 1868 1435 1935 domRoberto
1446 1869 1489 1936 de
1499 1868 1627 1935 Couchi
1639 1876 1660 1948 ¹,

300 1980 422 2059 patruo
437 1994 507 2054 su0,
523 1972 704 2058 dignemini
721 1971 912 2058 [providere
927 1972 970 2038 de
986 1992 1056 2037 can.
1073 1980 1108 2037 et
1122 1974 1228 2057 preb]
1241 1973 1273 2037 in
1284 1974 1364 2039 eccl.
1377 1972 1581 2053 Laudunen.,
1593 1992 1660 2037 non

301 2078 384 2143 obst
401 2076 492 2161 quod
507 2097 578 2143 can.
594 2086 630 2142 et
644 2078 735 2162 preb.
751 2096 791 2142 ac
807 2076 994 2143 cantoriam
1009 2077 1089 2141 eccl.
1105 2075 1317 2142 Cameracen.
1333 2086 1344 2121 ³
1359 2084 1394 2141 et
1409 2075 1559 2162 parroch.
1580 2076 1660 2139 eccl.

301 2180 344 2246 de
358 2181 488 2262 Anesti,
505 2179 698 2246 Laudunen.
713 2179 810 2261 dioe,
826 2180 976 2245 noscitur
991 2179 1143 2245 obtinere
1167 2220 1210 2229 —
1226 2178 1302 2245 Fiat
1317 2179 1419 2245 etiam
1434 2180 1477 2245 de
1491 2178 1660 2264 dignitate.

303 2284 399 2350 -R

346 2422 431 2483 286.
449 2414 537 2481 Item
561 2422 649 2500 quat
677 2412 823 2492 Jobanni
849 2414 943 2480 dicto
970 2414 1093 2495 Serine,
1110 2435 1180 2500 cap.
1206 2435 1276 2497 su0,
1293 2414 1350 2499 [de
1365 2435 1435 2480 can.
1452 2422 1487 2479 et
1508 2414 1614 2499 preb]
1629 2412 1662 2477 in

303 2522 382 2587 eccl.
399 2520 428 2584 S.
444 2519 627 2585 Audomari
642 2518 824 2603 dignemini
840 2517 1055 2604 [providere],
1066 2538 1133 2583 non
1150 2521 1233 2584 obst
1247 2518 1337 2603 quod
1353 2518 1467 2604 capell.
1485 2514 1521 2582 B.
1539 2516 1664 2582 Kathe-

303 2623 373 2688 rine
388 2623 422 2687 in
437 2622 540 2689 domo
555 2623 597 2689 de
614 2621 798 2704 Castellari,
814 2620 1009 2687 Laudunen.
1025 2622 1120 2702 dioc„
1136 2622 1285 2687 noscitur
1301 2622 1459 2688 obtinere.
1481 2658 1513 2669 -
1534 2618 1610 2686 Fiat
1626 2618 1656 2684 R

346 2760 429 2821 287.
448 2752 535 2819 item
551 2762 642 2840 quat.
660 2752 802 2819 Matheo
817 2753 910 2820 dicto
926 2752 1168 2834 Chambellain,
1182 2773 1254 2840 cap.
1265 2773 1335 2835 su0,
1348 2753 1491 2819 similem
1500 2772 1545 2840 gr.
1556 2752 1664 2817 facere

302 2859 485 2943 dignemini
501 2860 534 2924 in
552 2859 631 2924 eccl
648 2859 677 2922 S.
689 2857 778 2924 Petri
795 2857 986 2937 Insulensis,
1002 2856 1187 2923 Tornacen.
1203 2857 1299 2938 dion,
1311 2878 1379 2924 non
1396 2860 1479 2924 obst
1489 2856 1581 2942 quod
1594 2876 1665 2922 oen.

304 2970 339 3027 et
353 2966 443 3047 preb.
460 2964 541 3028 eccl.
559 2963 588 3027 S.
606 2960 762 3026 Montani
777 2961 820 3026 de
837 2959 932 3042 Fara,
948 2959 1140 3027 Laudunen.
1163 2962 1261 3042 dioc„
1277 2962 1424 3028 noscitur
1448 2961 1607 3028 obtinere.
1623 2999 1665 3009 -

308 3064 383 3130 Fiat
399 3067 434 3129 in
449 3067 529 3130 eccl.
545 3066 574 3129 S.
590 3065 705 3129 Amati
722 3065 917 3147 Duacensis,
933 3065 1129 3131 Atrebaten.
1146 3065 1230 3132 dioc.
1249 3064 1286 3130 R.

352 3204 437 3264 288.
455 3195 543 3261 Item
558 3217 652 3282 supp.
667 3204 755 3280 quat.
772 3194 918 3274 Jobanni
942 3195 1034 3262 dicto
1050 3195 1099 3261 Le
1114 3195 1233 3277 Telier,
1260 3197 1447 3262 Aurelianis
1462 3197 1495 3260 in
1509 3196 1582 3281 jure
1600 3202 1666 3260 stu·

308 3300 412 3380 denti,
428 3301 570 3365 similem
581 3321 628 3384 gr.
638 3299 747 3365 iacere
757 3301 939 3384 dignemini
956 3300 989 3364 in
1000 3301 1078 3367 eccl.
1097 3301 1119 3366 S
1144 3300 1258 3366 Amati
1270 3299 1312 3365 de
1326 3299 1453 3380 Duaco,
1473 3299 1666 3364 Atrebaten.

308 3402 393 3469 dioc.
409 3443 452 3452 -
468 3401 544 3468 Fiat
560 3404 593 3468 in
609 3404 688 3468 eccl.
705 3403 733 3468 S.
751 3401 925 3488 Gaugerici
943 3401 1157 3468 Cameracen.
1175 3402 1211 3467 R.

351 3539 435 3600 289.
453 3531 540 3597 Item
556 3553 648 3619 supp.
665 3541 753 3617 quat
779 3530 925 3610 Jobanni
948 3533 1041 3598 dicto
1058 3532 1231 3617 Despense
1246 3532 1332 3612 cler,
1345 3538 1426 3596 nato
1442 3530 1491 3596 sui
1515 3529 1616 3596 famil.
1632 3537 1668 3593 et

307 3636 542 3702 commensalis
565 3635 728 3714 Johannis
755 3635 937 3722 Despense‚
954 3636 1096 3701 similem
1120 3656 1165 3720 gr.
1191 3635 1298 3700 facere
1320 3633 1502 3718 dignemini
1527 3634 1560 3698 in
1588 3633 1665 3698 eccl.

308 3741 337 3806 S.
354 3739 528 3825 Gaugerici
552 3739 764 3806 Cameracen.
780 3779 823 3788 -
840 3737 916 3805 Fiat
933 3739 966 3804 in
984 3740 1063 3804 eccl.
1081 3739 1109 3804 S.
1126 3735 1520 3822 DonatianiBrugensis,
1541 3735 1666 3802 Toma-

308 3866 379 3910 cen.
394 3844 479 3911 dioc.
497 3843 535 3910 R.

352 3982 436 4044 290.
455 3975 543 4041 Item
560 3995 652 4061 supp.
669 3985 756 4059 quat.
773 3974 834 4040 sibi
850 3982 886 4039 et
901 3973 1085 4038 Katherine
1101 3974 1171 4059 ejus
1186 3973 1280 4040 uxori
1300 3970 1482 4058 dignemini
1499 3969 1667 4054 indulgere

309 4079 399 4164 quod
413 4079 543 4164 possint
557 4079 681 4145 habere
697 4079 801 4144 altare
816 4077 1000 4163 portatile...
1018 4119 1060 4126 -
1077 4076 1153 4143 Fiat
1170 4077 1210 4142 R.

352 4215 432 4277 291.
451 4207 538 4273 Item
554 4216 641 4292 quat.
658 4207 801 4271 similem
816 4226 860 4291 gr.
877 4206 986 4272 facere
1009 4206 1190 4290 dignemini
1214 4205 1312 4272 matri
1338 4227 1395 4272 sue
1421 4205 1596 4273 Elizabeth
1625 4205 1667 4270 de

309 4313 338 4376 S.
352 4311 468 4392 Paulo,
497 4309 660 4376 Morinen.
686 4310 781 4391 dioe,
807 4310 944 4376 domine
967 4310 1009 4377 de
1032 4309 1161 4376 Couchi
1184 4319 1220 4376 et
1241 4312 1283 4377 de
1307 4310 1389 4392 Oisi,
1416 4310 1607 4376 laudunen.
1633 4317 1668 4372 et

310 4417 521 4480 Cameracen.
538 4415 623 4480 dioc.
638 4454 682 4463 -
698 4412 775 4479 Fiat
792 4413 821 4478 R

339 4603 368 4665 u)
386 4603 426 4650 On
437 4617 454 4650 a
465 4602 527 4650 bine
539 4603 565 4650 lu
575 4602 636 4650 dote
647 4602 679 4648 ‹le
694 4618 699 4648 :
712 4601 857 4661 'wreisjebn

342 4774 362 4819 l.
380 4769 474 4818 Prevot
493 4785 525 4818 en
548 4772 608 4817 1327
629 4767 716 4831 (dall.
728 4769 822 4827 ebriat,
836 4770 884 4825 111,
897 4770 950 4830 66).
963 4797 993 4804 -η
1008 4773 1030 4817 2.
1047 4769 1149 4824 lienifle,
1167 4769 1289 4829 (bartam,
1303 4769 1337 4828 11,
1350 4771 1404 4828 595,
1418 4770 1471 4817 654.
1483 4795 1515 4804 -
1532 4770 1554 4816 3.
1569 4769 1669 4816 Eneore

307 4843 358 4892 cite
369 4859 401 4892 en
415 4845 476 4891 1347
489 4844 533 4906 (do
546 4843 785 4903 limburg-surum,
800 4841 868 4890 (brt.
877 4843 908 4890 de
920 4843 997 4890 eruiu
1008 4842 1038 4890 de
1051 4842 1127 4900 Mala
1142 4843 1160 4897 l.
1175 4845 1238 4901 390;
1253 4843 1381 4901 Derillers,
1394 4843 1463 4891 (lert.
1475 4841 1518 4890 dea
1529 4841 1577 4890 ΟΜ
1585 4839 1616 4888 da
1625 4841 1667 4899 11.

310 4918 328 4977 l,
348 4921 403 4967 383.
