3650 5675
288 557 351 620 270
834 550 932 624 4346.
957 550 993 613 17
1014 553 1093 615 aotlt

290 707 391 774 annui
414 705 562 772 redditus
589 703 633 769 ad
659 703 766 768 vitam
792 723 880 787 mag.
908 700 1078 766 Guillelmi
1102 702 1144 768 de
1168 702 1364 788 Bevegnies,
1388 711 1423 768 et
1444 725 1502 769 roo
1522 704 1594 770 flor.
1610 704 1652 770 de

290 810 461 877 Florentia
475 808 518 874 ad
533 809 638 873 vitam
653 806 743 873 dom.
760 805 926 884 Johannis
953 812 988 869 et
1009 806 1166 890 Symonis
1192 805 1237 872 du
1265 806 1400 887 Portail,
1426 807 1650 873 archidiaconi

289 925 325 982 et
351 912 497 980 cantoris
523 911 565 977 de
589 910 767 976 Toumaco
784 917 803 989 ¹,
820 909 970 989 fratrum,
996 917 1031 974 et
1055 911 1242 996 superstitis
1265 931 1390 991 eorum,
1407 931 1468 996 pro
1489 911 1652 977 solvendo

290 1017 380 1083 dicta
405 1016 519 1082 debita
545 1023 580 1079 et
603 1012 831 1100 supportando
862 1013 928 1078 alia
958 1033 1060 1078 onera
1090 1013 1199 1079 eidem
1229 1015 1434 1080 monasterio
1449 1035 1450 1038 ¹
1465 1015 1654 1080 necessario

290 1119 518 1186 incumbentia
538 1117 761 1184 vendiderunt
783 1137 845 1203 pro
861 1137 991 1181 summa
1014 1125 1049 1181 et
1063 1117 1173 1202 pretio
1197 1119 1259 1183 800
1281 1119 1354 1183 libr.
1376 1117 1454 1184 Tur.
1475 1120 1530 1183 vel
1545 1119 1651 1200 ¹circa,

289 1224 369 1288 dum
395 1231 511 1288 tamen
538 1229 635 1307 pater
661 1224 766 1286 abbas
793 1228 827 1285 et
854 1220 1040 1306 capitulum
1070 1222 1225 1306 generale
1248 1221 1328 1287 dicti
1353 1222 1434 1303 ord,
1451 1222 1534 1287 infra
1551 1233 1653 1308 caput

290 1328 445 1408 octobris,
470 1325 659 1410 hujusmodi
683 1324 933 1390 venditionibus
953 1345 1050 1389 suum
1064 1326 1192 1390 vellent
1207 1328 1346 1410 prebere
1363 1346 1542 1404 assensum,
1556 1327 1651 1411 juxta

175 1417 182 1431 ¹
290 1431 549 1500 constitutiones
564 1430 618 1494 sel.
634 1450 699 1494 rec.
716 1427 807 1493 dom.
823 1426 999 1493 Benedicti
1016 1449 1103 1513 pape
1119 1425 1188 1492 XII
1205 1449 1303 1513 super
1318 1429 1383 1494 hoc
1399 1428 1515 1509 editas,
1537 1437 1572 1494 et
1587 1429 1652 1494 alia

290 1543 416 1600 statuta
441 1541 476 1598 et
503 1533 729 1599 ordinationes
756 1531 880 1598 ordinis
907 1531 1081 1616 ejusdem3
1110 1553 1211 1616 quam
1241 1532 1384 1617 pecunie
1413 1553 1578 1598 summam
1604 1535 1652 1597 ab

291 1638 417 1704 eisdem
444 1637 660 1722 emptoribus,
683 1639 743 1701 sub
770 1634 869 1701 dictis
896 1634 1145 1700 conditionibus
1171 1645 1206 1700 et
1231 1635 1326 1722 penis
1352 1655 1413 1700 200
1430 1635 1497 1716 lib,
1520 1655 1652 1700 exnunc

291 1743 478 1808 habuerunt
504 1748 540 1805 et
564 1747 772 1825 receperunt,
803 1746 838 1803 et
868 1759 910 1802 ex
937 1739 1009 1824 ipsa
1038 1739 1129 1804 idem
1157 1740 1398 1805 monasterium
1429 1739 1652 1823 acquitarunt.

291 1844 426 1924 Verum,
453 1865 530 1909 cum
553 1845 639 1909 inter
662 1842 856 1908 venditores
871 1850 906 1907 et
923 1850 1092 1928 emptores
1107 1842 1287 1928 predictos,
1305 1843 1337 1906 in
1354 1843 1547 1929 receptione
1562 1842 1652 1907 dicte

291 1949 434 2034 pecunie
463 1948 562 2013 fuerit
592 1946 832 2012 concordatum
863 1946 963 2030 quod,
991 1947 1052 2012 nisi
1083 1947 1168 2012 infra
1194 1946 1321 2012 dictum
1348 1946 1528 2011 terminum
1553 1945 1651 2010 iidem

292 2052 484 2118 venditores
506 2058 725 2136 procurarent
748 2049 840 2135 quod
860 2049 970 2115 dictus
990 2059 1087 2136 pater
1111 2054 1214 2116 abbas
1237 2059 1273 2115 et
1295 2051 1478 2135 capitulum
1499 2051 1654 2134 generale

293 2154 481 2239 hujusmodi
497 2154 747 2220 venditionibus
766 2154 976 2234 assentirent,
998 2153 1078 2220 dieti
1100 2153 1292 2219 venditores
1306 2161 1501 2218 tenerentur
1516 2153 1654 2219 reddere

293 2259 419 2324 eisdem
442 2259 649 2344 emptoribus
664 2257 791 2324 dictam
814 2280 979 2323 summam
1002 2261 1143 2344 pecunie
1167 2263 1209 2324 ab
1233 2260 1280 2324 eis
1302 2266 1472 2344 receptam
1489 2279 1652 2324 unacum

292 2363 388 2449 penis
412 2362 650 2448 suprascriptis,
676 2362 850 2449 dictusque
871 2371 967 2448 pater
982 2365 1085 2427 abbas
1101 2362 1227 2427 eisdem
1242 2361 1492 2427 venditionibus
1515 2382 1654 2427 consen·

293 2466 394 2546 sierit,
421 2475 456 2530 et
482 2487 548 2546 eas,
575 2465 609 2529 in
636 2475 798 2550 quantum
823 2467 933 2552 ipsum
959 2468 1128 2550 tangebat,
1154 2465 1412 2546 confirmaverit,
1431 2465 1653 2549 dubitentque

293 2569 362 2633 veri
381 2568 532 2634 similiter
547 2568 738 2634 venditores
760 2569 911 2655 predicti,
928 2589 971 2633 ne
986 2567 1193 2654 presidentes
1216 2569 1363 2654 ejusdem
1386 2569 1522 2654 capituli
1538 2569 1573 2633 in
1588 2570 1654 2633 hoc

293 2695 328 2739 se
344 2672 486 2738 reddant
501 2673 599 2737 nimis
610 2672 773 2759 difficiles,
783 2674 935 2759 quinimo
946 2674 1080 2758 penitus
1091 2681 1271 2738 renuentes
1279 2696 1286 2752 ;
1299 2694 1374 2739 cum
1385 2694 1474 2739 anno
1483 2673 1653 2759 preterito

294 2798 392 2864 super
407 2777 567 2842 similibus
582 2777 740 2864 requisiti,
757 2798 796 2843 ea
812 2777 923 2843 facere
939 2778 1108 2843 renuerint
1123 2797 1287 2863 expresse,
1295 2777 1328 2842 in
1345 2798 1502 2863 magnum
1514 2776 1653 2863 predicti

294 2882 489 2948 monasterii
512 2881 732 2967 prejudicium
748 2890 782 2946 et
797 2902 991 2965 gravamen.
1013 2882 1115 2968 Supp.
1132 2891 1223 2965 quat.
1239 2881 1427 2967 hujusmodi
1444 2879 1652 2945 venditiones

294 2993 382 3051 auct.
399 2994 521 3065 vestra,
538 3006 579 3049 ex
604 2995 696 3050 certa
720 2985 869 3065 scientia,
886 3006 953 3049 non
971 2988 1057 3050 obst.
1074 2985 1368 3050 constitutionibus
1383 2983 1519 3071 predicti
1535 2980 1651 3068 prede-

295 3089 434 3155 cessoris
449 3088 550 3153 vestri
561 3090 615 3151 vel
628 3089 772 3169 statutis,
785 3110 849 3153 nec
861 3089 935 3154 aliis
946 3089 1219 3173 quibuscumque,
1240 3088 1421 3173 dignemini
1437 3086 1633 3153 confirmare
1642 3109 1653 3167 ;

296 3214 375 3257 nam
390 3192 505 3278 procul
520 3190 633 3272 dubio,
646 3192 672 3256 si
682 3192 771 3257 dicte
783 3193 995 3258 venditiones
1011 3193 1095 3258 infra
1111 3194 1237 3259 dictum
1254 3193 1432 3258 terminum
1448 3212 1517 3257 non
1534 3189 1654 3255 fuerint

296 3294 409 3359 debite
432 3294 640 3373 confirmate,
665 3296 834 3380 oportebit
853 3295 962 3360 dictos
977 3295 1169 3360 venditores
1183 3295 1321 3361 reddere
1337 3295 1434 3361 dictis
1450 3294 1655 3380 emptoribus

296 3418 391 3462 suam
419 3398 596 3483 pecuniam
628 3418 705 3462 cum
735 3419 822 3484 pena
853 3398 1015 3484 predicta,
1055 3398 1145 3482 quod
1183 3406 1271 3463 esset
1301 3398 1426 3464 eisdem
1453 3398 1657 3484 impossibile

296 3504 421 3585 absque
444 3502 652 3587 permaxima
678 3511 714 3567 et
739 3504 867 3568 enonui
894 3504 1031 3584 lesione,
1060 3524 1141 3587 ymo
1163 3504 1275 3588 potius
1297 3503 1524 3568 destructione
1554 3501 1658 3567 vestri

295 3605 488 3669 monasterii
501 3604 674 3670 antedicti.
686 3647 730 3654 -
742 3606 851 3671 Possit
865 3607 1050 3691 capitulum
1062 3608 1217 3691 generale
1227 3607 1275 3670 eis
1285 3606 1469 3672 concedere
1485 3606 1658 3671 licentiam

296 3707 493 3792 hujusmodi,
507 3709 533 3773 si
545 3708 691 3774 viderint
703 3709 870 3795 expedire,
883 3730 982 3795 super
992 3730 1060 3793 quo
1072 3730 1186 3774 eorum
1200 3709 1440 3775 conscientiam
1457 3730 1636 3774 oneramus
1650 3732 1657 3787 ;

295 3832 364 3875 non
391 3814 476 3876 osbt.
501 3814 634 3879 statutis
654 3824 689 3879 et
714 3814 979 3880 ordinationibus
1001 3815 1081 3901 dicti
1105 3814 1348 3899 predecessoris
1372 3823 1406 3878 et
1430 3814 1502 3879 aliis
1525 3814 1660 3897 quibus·

297 3934 450 3997 cumque.
469 3914 509 3980 R.

339 4018 420 4083 Dat.
436 4019 535 4084 Avin.
554 4040 570 4103 5
588 4021 632 4086 id.
649 4042 723 4105 aug.
741 4029 774 4085 a⁰
792 4030 833 4105 5⁰.
850 4024 917 4105 (ll,
940 4026 1023 4106 135).

352 4154 497 4236 1045.
1168 4160 1169 4165 ¹
1355 4175 1449 4257 1546,
1467 4192 1508 4255 Ι]
1524 4178 1612 4237 uortl.

340 4272 440 4357 Supp.
457 4270 477 4349 J
480 4272 638 4352 ohannes,
656 4273 851 4359 archiepisc.
869 4273 1098 4341 Mediolanen.
1114 4287 1134 4357 ²,
1150 4286 1240 4361 quat.
1260 4276 1364 4363 [cler.,
1381 4275 1542 4342 continuo
1555 4276 1657 4341 famil.

297 4397 357 4440 suo
372 4374 392 4453 J
395 4374 536 4461 ohanni]
555 4376 703 4462 Scoppre
719 4377 761 4441 de
779 4376 972 4461 Mechlinia,
985 4379 1027 4444 de
1044 4401 1115 4445 can.
1129 4388 1164 4445 et
1180 4384 1271 4466 preb.
1281 4383 1364 4447 eccl.
1381 4380 1412 4447 S.
1430 4378 1479 4445 M.
1489 4380 1532 4446 de
1541 4380 1656 4463 Aquis,

297 4478 456 4544 Leodien.
487 4478 584 4559 dioc,
616 4501 688 4545 vac.
719 4502 781 4567 pro
806 4502 847 4546 eo
871 4482 962 4566 quod
992 4482 1192 4550 Gosuvvinus
1222 4484 1263 4550 de
1295 4484 1439 4549 Nitusen
1470 4483 1513 4548 ad
1533 4490 1658 4547 statum

296 4583 449 4648 laicalem
475 4584 622 4669 aspirans
646 4586 792 4671 suscepit
816 4586 986 4671 cingulum
1011 4587 1190 4653 militarem
1216 4589 1249 4653 in
1275 4589 1423 4655 exercitu
1446 4586 1657 4653 dominorum

299 4685 614 4767 Mediolanensium,
631 4687 812 4773 dignemini
829 4690 1016 4775 providere.
1032 4732 1076 4740 -
1092 4690 1167 4756 Fiat
1184 4690 1224 4756 R.

342 4790 422 4854 Dat.
437 4789 539 4855 Avin.
560 4796 596 4854 16
613 4790 679 4857 kal.
697 4801 781 4878 sept.
798 4800 832 4858 a⁰
850 4801 891 4879 5⁰.
909 4794 976 4879 (ll,
997 4794 1099 4879 135‘l·

333 4988 355 5035 1.
367 4986 418 5035 l'os
442 4986 519 5051 Clrap.
531 4987 562 5036 de
577 4990 692 5050 iburnua’,
707 4990 726 5050 Ι,
740 4992 776 5049 73,
790 4993 837 5039 263
850 5007 855 5049 ;
869 4992 902 5042 11.
916 4994 955 5040 23.
966 5018 998 5030 ·—
1010 4995 1033 5041 2.
1045 4992 1110 5041 dean
1122 4991 1244 5040 Visconti.
