<?xml version="1.0" encoding="UTF-8"?>
<!DOCTYPE html PUBLIC "-//W3C//DTD XHTML 1.0 Transitional//EN"
    "http://www.w3.org/TR/xhtml1/DTD/xhtml1-transitional.dtd">
<html xmlns="http://www.w3.org/1999/xhtml" xml:lang="en" lang="en">
 <head>
  <title>
</title>
<meta http-equiv="Content-Type" content="text/html;charset=utf-8" />
  <meta name='ocr-system' content='tesseract 3.04.00' />
  <meta name='ocr-capabilities' content='ocr_page ocr_carea ocr_par ocr_line ocrx_word'/>
</head>
<body>
  <div class='ocr_page' id='page_1' title='image "./suppliquesdeclm00berlgoog_0547.png"; bbox 0 0 3650 5675; ppageno 0'>
   <div class='ocr_carea' id='block_1_1' title="bbox 293 535 1128 609">
    <p class='ocr_par' dir='ltr' id='par_1_1' title="bbox 293 535 1128 609">
     <span class='ocr_line' id='line_1_1' title="bbox 293 535 1128 609; baseline 0 -11"><span class='ocrx_word' id='word_1_1' title='bbox 293 535 356 599; x_wconf 81' lang='lat'><strong>502</strong></span> <span class='ocrx_word' id='word_1_2' title='bbox 824 537 911 609; x_wconf 85' lang='lat'><strong>1350,</strong></span> <span class='ocrx_word' id='word_1_3' title='bbox 934 538 1023 600; x_wconf 87' lang='lat'>10-23</span> <span class='ocrx_word' id='word_1_4' title='bbox 1044 536 1128 602; x_wconf 82' lang='lat' dir='ltr'><strong>avril.</strong></span> 
     </span>
    </p>
   </div>
   <div class='ocr_carea' id='block_1_2' title="bbox 242 687 1658 1827">
    <p class='ocr_par' dir='ltr' id='par_1_2' title="bbox 349 687 1610 788">
     <span class='ocr_line' id='line_1_2' title="bbox 349 687 1610 788; baseline 0.002 -21"><span class='ocrx_word' id='word_1_5' title='bbox 349 687 490 768; x_wconf 83' lang='lat'><strong>1929.</strong></span> <span class='ocrx_word' id='word_1_6' title='bbox 1345 725 1439 788; x_wconf 78' lang='lat'><strong>1350,</strong></span> <span class='ocrx_word' id='word_1_7' title='bbox 1457 726 1498 769; x_wconf 82' lang='grc' dir='ltr'><strong>ιο</strong></span> <span class='ocrx_word' id='word_1_8' title='bbox 1513 708 1610 771; x_wconf 83' lang='lat' dir='ltr'><strong>avril.</strong></span> 
     </span>
    </p>

    <p class='ocr_par' dir='ltr' id='par_1_3' title="bbox 242 796 1658 1717">
     <span class='ocr_line' id='line_1_3' title="bbox 242 796 1656 891; baseline 0.005 -24"><span class='ocrx_word' id='word_1_9' title='bbox 242 796 246 805; x_wconf 86' lang='grc'><strong>’</strong></span> <span class='ocrx_word' id='word_1_10' title='bbox 339 804 441 889; x_wconf 87' lang='lat' dir='ltr'><strong>Supp.</strong></span> <span class='ocrx_word' id='word_1_11' title='bbox 458 801 655 887; x_wconf 80' lang='lat' dir='ltr'><strong>Baldoynus</strong></span> <span class='ocrx_word' id='word_1_12' title='bbox 683 802 841 887; x_wconf 89' lang='lat' dir='ltr'><strong>Riquardi</strong></span> <span class='ocrx_word' id='word_1_13' title='bbox 855 815 873 885; x_wconf 90' lang='lat'><strong>¹,</strong></span> <span class='ocrx_word' id='word_1_14' title='bbox 889 806 1062 889; x_wconf 75' lang='lat' dir='ltr'>presbiter,</span> <span class='ocrx_word' id='word_1_15' title='bbox 1087 815 1206 871; x_wconf 89' lang='lat' dir='ltr'><strong>tenens</strong></span> <span class='ocrx_word' id='word_1_16' title='bbox 1230 807 1372 891; x_wconf 90' lang='lat' dir='ltr'><strong>sigillum</strong></span> <span class='ocrx_word' id='word_1_17' title='bbox 1397 809 1488 873; x_wconf 87' lang='lat' dir='ltr'><strong>curie</strong></span> <span class='ocrx_word' id='word_1_18' title='bbox 1515 809 1656 875; x_wconf 89' lang='lat' dir='ltr'><strong>Camere</strong></span> 
     </span>
     <span class='ocr_line' id='line_1_4' title="bbox 296 905 1657 993; baseline 0.004 -21"><span class='ocrx_word' id='word_1_19' title='bbox 296 908 446 991; x_wconf 92' lang='lat' dir='ltr'><strong>ejusdem</strong></span> <span class='ocrx_word' id='word_1_20' title='bbox 463 906 495 972; x_wconf 86' lang='lat' dir='ltr'><strong>S.</strong></span> <span class='ocrx_word' id='word_1_21' title='bbox 508 905 559 986; x_wconf 81' lang='lat' dir='ltr'><strong>V,</strong></span> <span class='ocrx_word' id='word_1_22' title='bbox 572 916 663 991; x_wconf 90' lang='lat' dir='ltr'><strong>quat.</strong></span> <span class='ocrx_word' id='word_1_23' title='bbox 680 908 741 971; x_wconf 92' lang='lat' dir='ltr'><strong>sibi</strong></span> <span class='ocrx_word' id='word_1_24' title='bbox 757 908 799 972; x_wconf 93' lang='lat' dir='ltr'><strong>de</strong></span> <span class='ocrx_word' id='word_1_25' title='bbox 816 928 889 973; x_wconf 89' lang='lat' dir='ltr'><strong>can.</strong></span> <span class='ocrx_word' id='word_1_26' title='bbox 906 917 941 972; x_wconf 94' lang='lat' dir='ltr'><strong>et</strong></span> <span class='ocrx_word' id='word_1_27' title='bbox 952 912 1043 993; x_wconf 87' lang='lat' dir='ltr'><strong>preb.</strong></span> <span class='ocrx_word' id='word_1_28' title='bbox 1057 909 1088 974; x_wconf 87' lang='lat' dir='ltr'><strong>S.</strong></span> <span class='ocrx_word' id='word_1_29' title='bbox 1101 909 1191 975; x_wconf 88' lang='lat' dir='ltr'><strong>Petri</strong></span> <span class='ocrx_word' id='word_1_30' title='bbox 1203 911 1361 992; x_wconf 83' lang='lat' dir='ltr'><strong>Ariensis,</strong></span> <span class='ocrx_word' id='word_1_31' title='bbox 1374 912 1461 977; x_wconf 90' lang='lat' dir='ltr'><strong>dioc.</strong></span> <span class='ocrx_word' id='word_1_32' title='bbox 1478 910 1657 993; x_wconf 89' lang='lat' dir='ltr'><strong>Morinen.,</strong></span> 
     </span>
     <span class='ocr_line' id='line_1_5' title="bbox 295 1010 1656 1099; baseline 0.006 -26"><span class='ocrx_word' id='word_1_33' title='bbox 295 1031 369 1076; x_wconf 89' lang='lat' dir='ltr'><strong>vac.</strong></span> <span class='ocrx_word' id='word_1_34' title='bbox 386 1011 421 1075; x_wconf 92' lang='lat' dir='ltr'><strong>in</strong></span> <span class='ocrx_word' id='word_1_35' title='bbox 436 1011 526 1075; x_wconf 89' lang='lat' dir='ltr'><strong>curia</strong></span> <span class='ocrx_word' id='word_1_36' title='bbox 541 1031 601 1095; x_wconf 90' lang='lat' dir='ltr'><strong>per</strong></span> <span class='ocrx_word' id='word_1_37' title='bbox 618 1013 671 1075; x_wconf 94' lang='lat' dir='ltr'><strong>ob.</strong></span> <span class='ocrx_word' id='word_1_38' title='bbox 688 1010 777 1075; x_wconf 92' lang='lat' dir='ltr'><strong>Petri</strong></span> <span class='ocrx_word' id='word_1_39' title='bbox 794 1012 836 1077; x_wconf 93' lang='lat' dir='ltr'><strong>de</strong></span> <span class='ocrx_word' id='word_1_40' title='bbox 851 1013 1010 1093; x_wconf 83' lang='lat' dir='ltr'><strong>Arrenia,</strong></span> <span class='ocrx_word' id='word_1_41' title='bbox 1027 1014 1197 1096; x_wconf 91' lang='lat' dir='ltr'><strong>quondam</strong></span> <span class='ocrx_word' id='word_1_42' title='bbox 1212 1015 1315 1099; x_wconf 91' lang='lat' dir='ltr'><strong>ipsius</strong></span> <span class='ocrx_word' id='word_1_43' title='bbox 1341 1015 1482 1081; x_wconf 81' lang='lat' dir='ltr'><strong>ecclesie</strong></span> <span class='ocrx_word' id='word_1_44' title='bbox 1504 1019 1656 1082; x_wconf 88' lang='lat' dir='ltr'><strong>canonici</strong></span> 
     </span>
     <span class='ocr_line' id='line_1_6' title="bbox 295 1113 1656 1203; baseline 0.006 -26"><span class='ocrx_word' id='word_1_45' title='bbox 295 1113 502 1199; x_wconf 87' lang='lat' dir='ltr'><strong>prebendati,</strong></span> <span class='ocrx_word' id='word_1_46' title='bbox 516 1115 571 1197; x_wconf 92' lang='lat' dir='ltr'><strong>qui</strong></span> <span class='ocrx_word' id='word_1_47' title='bbox 584 1122 678 1179; x_wconf 91' lang='lat' dir='ltr'><strong>extra</strong></span> <span class='ocrx_word' id='word_1_48' title='bbox 695 1114 793 1179; x_wconf 91' lang='lat' dir='ltr'><strong>Rom.</strong></span> <span class='ocrx_word' id='word_1_49' title='bbox 810 1116 936 1180; x_wconf 88' lang='lat' dir='ltr'><strong>curiam</strong></span> <span class='ocrx_word' id='word_1_50' title='bbox 952 1115 1104 1197; x_wconf 84' lang='lat' dir='ltr'><strong>decessit,</strong></span> <span class='ocrx_word' id='word_1_51' title='bbox 1117 1118 1206 1203; x_wconf 87' lang='lat' dir='ltr'><strong>apud</strong></span> <span class='ocrx_word' id='word_1_52' title='bbox 1222 1118 1335 1183; x_wconf 89' lang='lat' dir='ltr'><strong>sedem</strong></span> <span class='ocrx_word' id='word_1_53' title='bbox 1351 1126 1459 1203; x_wconf 87' lang='lat' dir='ltr'><strong>apost.</strong></span> <span class='ocrx_word' id='word_1_54' title='bbox 1471 1121 1656 1199; x_wconf 69' lang='lat' dir='ltr'><strong>reservatis</strong></span> 
     </span>
     <span class='ocr_line' id='line_1_7' title="bbox 294 1218 1657 1307; baseline 0.004 -25"><span class='ocrx_word' id='word_1_55' title='bbox 294 1218 406 1283; x_wconf 91' lang='lat' dir='ltr'><strong>eidem</strong></span> <span class='ocrx_word' id='word_1_56' title='bbox 421 1218 605 1302; x_wconf 81' lang='lat' dir='ltr'><strong>presbitero</strong></span> <span class='ocrx_word' id='word_1_57' title='bbox 620 1218 802 1303; x_wconf 85' lang='lat' dir='ltr'><strong>dignemini</strong></span> <span class='ocrx_word' id='word_1_58' title='bbox 817 1218 993 1304; x_wconf 83' lang='lat' dir='ltr'><strong>providere</strong></span> <span class='ocrx_word' id='word_1_59' title='bbox 1001 1242 1010 1299; x_wconf 89' lang='lat'>;</span> <span class='ocrx_word' id='word_1_60' title='bbox 1027 1240 1096 1285; x_wconf 93' lang='lat' dir='ltr'><strong>non</strong></span> <span class='ocrx_word' id='word_1_61' title='bbox 1112 1223 1198 1285; x_wconf 89' lang='lat' dir='ltr'><strong>obst.</strong></span> <span class='ocrx_word' id='word_1_62' title='bbox 1211 1222 1301 1306; x_wconf 92' lang='lat' dir='ltr'><strong>quod</strong></span> <span class='ocrx_word' id='word_1_63' title='bbox 1315 1223 1467 1307; x_wconf 87' lang='lat' dir='ltr'><strong>parroch.</strong></span> <span class='ocrx_word' id='word_1_64' title='bbox 1479 1224 1657 1289; x_wconf 87' lang='lat' dir='ltr'><strong>ecclesiam</strong></span> 
     </span>
     <span class='ocr_line' id='line_1_8' title="bbox 294 1320 1658 1409; baseline 0.005 -23"><span class='ocrx_word' id='word_1_65' title='bbox 294 1322 339 1386; x_wconf 92' lang='lat' dir='ltr'><strong>de</strong></span> <span class='ocrx_word' id='word_1_66' title='bbox 354 1320 549 1401; x_wconf 87' lang='lat' dir='ltr'><strong>Worrnoud,</strong></span> <span class='ocrx_word' id='word_1_67' title='bbox 575 1342 614 1386; x_wconf 89' lang='lat' dir='ltr'><strong>ac</strong></span> <span class='ocrx_word' id='word_1_68' title='bbox 633 1322 797 1407; x_wconf 87' lang='lat' dir='ltr'><strong>capellan.</strong></span> <span class='ocrx_word' id='word_1_69' title='bbox 814 1323 845 1387; x_wconf 88' lang='lat' dir='ltr'><strong>S.</strong></span> <span class='ocrx_word' id='word_1_70' title='bbox 862 1322 1010 1409; x_wconf 87' lang='lat' dir='ltr'><strong>Sepulcri</strong></span> <span class='ocrx_word' id='word_1_71' title='bbox 1033 1324 1067 1388; x_wconf 92' lang='lat' dir='ltr'><strong>in</strong></span> <span class='ocrx_word' id='word_1_72' title='bbox 1084 1324 1115 1389; x_wconf 83' lang='lat' dir='ltr'><strong>S.</strong></span> <span class='ocrx_word' id='word_1_73' title='bbox 1132 1325 1336 1405; x_wconf 84' lang='lat' dir='ltr'><strong>Audomaro,</strong></span> <span class='ocrx_word' id='word_1_74' title='bbox 1352 1326 1442 1392; x_wconf 89' lang='lat' dir='ltr'><strong>dicte</strong></span> <span class='ocrx_word' id='word_1_75' title='bbox 1458 1327 1555 1409; x_wconf 86' lang='lat' dir='ltr'><strong>dioc,</strong></span> <span class='ocrx_word' id='word_1_76' title='bbox 1571 1327 1658 1393; x_wconf 89' lang='lat' dir='ltr'><strong>obti-</strong></span> 
     </span>
     <span class='ocr_line' id='line_1_9' title="bbox 295 1424 1657 1514; baseline 0.007 -26"><span class='ocrx_word' id='word_1_77' title='bbox 295 1432 387 1505; x_wconf 87' lang='lat' dir='ltr'><strong>neat,</strong></span> <span class='ocrx_word' id='word_1_78' title='bbox 404 1433 439 1489; x_wconf 92' lang='lat' dir='ltr'><strong>et</strong></span> <span class='ocrx_word' id='word_1_79' title='bbox 455 1424 545 1509; x_wconf 93' lang='lat' dir='ltr'><strong>quod</strong></span> <span class='ocrx_word' id='word_1_80' title='bbox 569 1424 688 1489; x_wconf 90' lang='lat' dir='ltr'><strong>eadem</strong></span> <span class='ocrx_word' id='word_1_81' title='bbox 714 1425 745 1490; x_wconf 86' lang='lat' dir='ltr'><strong>S.</strong></span> <span class='ocrx_word' id='word_1_82' title='bbox 770 1424 809 1490; x_wconf 88' lang='lat' dir='ltr'><strong>V.</strong></span> <span class='ocrx_word' id='word_1_83' title='bbox 836 1426 897 1491; x_wconf 89' lang='lat' dir='ltr'><strong>sibi</strong></span> <span class='ocrx_word' id='word_1_84' title='bbox 922 1426 965 1492; x_wconf 87' lang='lat' dir='ltr'><strong>de</strong></span> <span class='ocrx_word' id='word_1_85' title='bbox 990 1448 1065 1493; x_wconf 92' lang='lat' dir='ltr'><strong>can.</strong></span> <span class='ocrx_word' id='word_1_86' title='bbox 1090 1436 1125 1493; x_wconf 89' lang='lat' dir='ltr'><strong>et</strong></span> <span class='ocrx_word' id='word_1_87' title='bbox 1149 1432 1241 1514; x_wconf 88' lang='lat' dir='ltr'><strong>preb.</strong></span> <span class='ocrx_word' id='word_1_88' title='bbox 1265 1428 1297 1493; x_wconf 87' lang='lat' dir='ltr'><strong>S.</strong></span> <span class='ocrx_word' id='word_1_89' title='bbox 1324 1430 1438 1495; x_wconf 82' lang='lat' dir='ltr'><strong>Amati</strong></span> <span class='ocrx_word' id='word_1_90' title='bbox 1462 1430 1657 1513; x_wconf 85' lang='lat' dir='ltr'><strong>Duacensis,</strong></span> 
     </span>
     <span class='ocr_line' id='line_1_10' title="bbox 295 1527 1657 1618; baseline 0.007 -27"><span class='ocrx_word' id='word_1_91' title='bbox 295 1528 493 1592; x_wconf 88' lang='lat' dir='ltr'><strong>Atrebaten.</strong></span> <span class='ocrx_word' id='word_1_92' title='bbox 509 1527 605 1608; x_wconf 77' lang='lat' dir='ltr'><strong>dioc,</strong></span> <span class='ocrx_word' id='word_1_93' title='bbox 623 1549 763 1612; x_wconf 90' lang='lat' dir='ltr'><strong>quorum</strong></span> <span class='ocrx_word' id='word_1_94' title='bbox 780 1530 930 1595; x_wconf 90' lang='lat' dir='ltr'><strong>nondum</strong></span> <span class='ocrx_word' id='word_1_95' title='bbox 945 1540 997 1597; x_wconf 90' lang='lat' dir='ltr'><strong>est</strong></span> <span class='ocrx_word' id='word_1_96' title='bbox 1012 1532 1256 1618; x_wconf 88' lang='lat' dir='ltr'><strong>possessionem</strong></span> <span class='ocrx_word' id='word_1_97' title='bbox 1276 1533 1453 1618; x_wconf 86' lang='lat' dir='ltr'><strong>pacificam</strong></span> <span class='ocrx_word' id='word_1_98' title='bbox 1476 1544 1657 1618; x_wconf 87' lang='lat' dir='ltr'><strong>assecutus,</strong></span> 
     </span>
     <span class='ocr_line' id='line_1_11' title="bbox 295 1630 936 1717; baseline 0.009 -23"><span class='ocrx_word' id='word_1_99' title='bbox 295 1630 429 1696; x_wconf 89' lang='lat' dir='ltr'><strong>duxerit</strong></span> <span class='ocrx_word' id='word_1_100' title='bbox 451 1632 706 1717; x_wconf 75' lang='lat' dir='ltr'><strong>prouidendum.</strong></span> <span class='ocrx_word' id='word_1_101' title='bbox 730 1674 769 1682; x_wconf 88' lang='lat'>—</span> <span class='ocrx_word' id='word_1_102' title='bbox 796 1634 872 1699; x_wconf 90' lang='lat' dir='ltr'><strong>Fiat</strong></span> <span class='ocrx_word' id='word_1_103' title='bbox 896 1636 936 1700; x_wconf 90' lang='lat' dir='ltr'><strong>R.</strong></span> 
     </span>
    </p>

    <p class='ocr_par' dir='ltr' id='par_1_4' title="bbox 342 1735 1143 1827">
     <span class='ocr_line' id='line_1_12' title="bbox 342 1735 1143 1827; baseline 0.01 -28"><span class='ocrx_word' id='word_1_104' title='bbox 342 1735 420 1799; x_wconf 88' lang='lat' dir='ltr'><strong>Dat.</strong></span> <span class='ocrx_word' id='word_1_105' title='bbox 436 1736 535 1801; x_wconf 86' lang='lat' dir='ltr'><strong>Avin.</strong></span> <span class='ocrx_word' id='word_1_106' title='bbox 552 1760 571 1821; x_wconf 89' lang='lat'>4</span> <span class='ocrx_word' id='word_1_107' title='bbox 588 1737 631 1803; x_wconf 91' lang='lat' dir='ltr'><strong>id.</strong></span> <span class='ocrx_word' id='word_1_108' title='bbox 649 1739 741 1823; x_wconf 90' lang='lat' dir='ltr'><strong>april.</strong></span> <span class='ocrx_word' id='word_1_109' title='bbox 759 1748 792 1803; x_wconf 81' lang='lat' dir='ltr'><strong>a⁰</strong></span> <span class='ocrx_word' id='word_1_110' title='bbox 809 1742 851 1803; x_wconf 77' lang='lat'><strong>8⁰.</strong></span> <span class='ocrx_word' id='word_1_111' title='bbox 869 1742 940 1823; x_wconf 82' lang='lat'><strong>(18,</strong></span> <span class='ocrx_word' id='word_1_112' title='bbox 958 1741 995 1806; x_wconf 92' lang='lat' dir='ltr'><strong>P.</strong></span> <span class='ocrx_word' id='word_1_113' title='bbox 1012 1740 1057 1822; x_wconf 93' lang='lat' dir='ltr'><strong>ll,</strong></span> <span class='ocrx_word' id='word_1_114' title='bbox 1074 1744 1143 1827; x_wconf 88' lang='lat'><strong>40).</strong></span> 
     </span>
    </p>
   </div>
   <div class='ocr_carea' id='block_1_3' title="bbox 256 1872 1661 3324">
    <p class='ocr_par' dir='ltr' id='par_1_5' title="bbox 350 1872 1613 1976">
     <span class='ocr_line' id='line_1_13' title="bbox 350 1872 1613 1976; baseline 0.003 -24"><span class='ocrx_word' id='word_1_115' title='bbox 350 1872 494 1958; x_wconf 87' lang='grc'><strong>1930.</strong></span> <span class='ocrx_word' id='word_1_116' title='bbox 1348 1912 1442 1976; x_wconf 75' lang='lat'><strong>1550,</strong></span> <span class='ocrx_word' id='word_1_117' title='bbox 1460 1912 1500 1972; x_wconf 86' lang='lat'><strong>19</strong></span> <span class='ocrx_word' id='word_1_118' title='bbox 1516 1893 1613 1956; x_wconf 85' lang='lat' dir='ltr'><strong>avril.</strong></span> 
     </span>
    </p>

    <p class='ocr_par' dir='ltr' id='par_1_6' title="bbox 256 1991 1661 3222">
     <span class='ocr_line' id='line_1_14' title="bbox 340 1991 1658 2077; baseline 0.002 -21"><span class='ocrx_word' id='word_1_119' title='bbox 340 1992 442 2076; x_wconf 89' lang='lat' dir='ltr'><strong>Supp.</strong></span> <span class='ocrx_word' id='word_1_120' title='bbox 458 1991 660 2070; x_wconf 86' lang='lat' dir='ltr'><strong>Ludovicus,</strong></span> <span class='ocrx_word' id='word_1_121' title='bbox 677 2012 791 2056; x_wconf 89' lang='lat' dir='ltr'><strong>comes</strong></span> <span class='ocrx_word' id='word_1_122' title='bbox 808 1991 973 2073; x_wconf 84' lang='lat' dir='ltr'><strong>Flandrie,</strong></span> <span class='ocrx_word' id='word_1_123' title='bbox 990 2003 1082 2077; x_wconf 90' lang='lat' dir='ltr'><strong>quat.</strong></span> <span class='ocrx_word' id='word_1_124' title='bbox 1099 1995 1271 2059; x_wconf 88' lang='lat' dir='ltr'><strong>carissimo</strong></span> <span class='ocrx_word' id='word_1_125' title='bbox 1286 2015 1347 2060; x_wconf 91' lang='lat' dir='ltr'><strong>suo</strong></span> <span class='ocrx_word' id='word_1_126' title='bbox 1367 1995 1459 2060; x_wconf 83' lang='lat' dir='ltr'><strong>fratri</strong></span> <span class='ocrx_word' id='word_1_127' title='bbox 1477 1994 1658 2060; x_wconf 86' lang='lat' dir='ltr'><strong>Francisco</strong></span> 
     </span>
     <span class='ocr_line' id='line_1_15' title="bbox 298 2093 1659 2182; baseline 0.004 -24"><span class='ocrx_word' id='word_1_128' title='bbox 298 2094 437 2160; x_wconf 89' lang='lat' dir='ltr'><strong>Paldinc</strong></span> <span class='ocrx_word' id='word_1_129' title='bbox 459 2105 479 2175; x_wconf 82' lang='lat'><strong>¹,</strong></span> <span class='ocrx_word' id='word_1_130' title='bbox 508 2096 672 2161; x_wconf 91' lang='lat' dir='ltr'><strong>canonico</strong></span> <span class='ocrx_word' id='word_1_131' title='bbox 699 2097 730 2161; x_wconf 87' lang='lat' dir='ltr'><strong>S.</strong></span> <span class='ocrx_word' id='word_1_132' title='bbox 760 2093 900 2160; x_wconf 88' lang='lat' dir='ltr'><strong>Martini</strong></span> <span class='ocrx_word' id='word_1_133' title='bbox 929 2096 1096 2182; x_wconf 89' lang='lat' dir='ltr'><strong>Yprensis,</strong></span> <span class='ocrx_word' id='word_1_134' title='bbox 1124 2098 1194 2163; x_wconf 89' lang='lat' dir='ltr'><strong>ord.</strong></span> <span class='ocrx_word' id='word_1_135' title='bbox 1218 2098 1249 2162; x_wconf 88' lang='lat' dir='ltr'><strong>S.</strong></span> <span class='ocrx_word' id='word_1_136' title='bbox 1276 2098 1464 2181; x_wconf 80' lang='lat' dir='ltr'><strong>Augustini,</strong></span> <span class='ocrx_word' id='word_1_137' title='bbox 1490 2096 1659 2163; x_wconf 89' lang='lat' dir='ltr'><strong>Morinen.</strong></span> 
     </span>
     <span class='ocr_line' id='line_1_16' title="bbox 295 2198 1659 2285; baseline 0.001 -22"><span class='ocrx_word' id='word_1_138' title='bbox 295 2199 394 2279; x_wconf 74' lang='lat' dir='ltr'><strong>dioc,</strong></span> <span class='ocrx_word' id='word_1_139' title='bbox 411 2198 444 2263; x_wconf 91' lang='lat' dir='ltr'><strong>in</strong></span> <span class='ocrx_word' id='word_1_140' title='bbox 461 2200 586 2264; x_wconf 87' lang='lat' dir='ltr'><strong>artibus</strong></span> <span class='ocrx_word' id='word_1_141' title='bbox 601 2200 654 2265; x_wconf 90' lang='lat' dir='ltr'><strong>lic.</strong></span> <span class='ocrx_word' id='word_1_142' title='bbox 670 2208 705 2265; x_wconf 89' lang='lat' dir='ltr'><strong>et</strong></span> <span class='ocrx_word' id='word_1_143' title='bbox 721 2200 754 2264; x_wconf 93' lang='lat' dir='ltr'><strong>in</strong></span> <span class='ocrx_word' id='word_1_144' title='bbox 771 2201 1011 2285; x_wconf 85' lang='lat' dir='ltr'><strong>temporalibus</strong></span> <span class='ocrx_word' id='word_1_145' title='bbox 1031 2208 1066 2265; x_wconf 92' lang='lat' dir='ltr'><strong>et</strong></span> <span class='ocrx_word' id='word_1_146' title='bbox 1078 2201 1302 2285; x_wconf 89' lang='lat' dir='ltr'><strong>spiritualibus</strong></span> <span class='ocrx_word' id='word_1_147' title='bbox 1324 2221 1393 2265; x_wconf 91' lang='lat' dir='ltr'><strong>non</strong></span> <span class='ocrx_word' id='word_1_148' title='bbox 1409 2201 1579 2267; x_wconf 89' lang='lat' dir='ltr'><strong>modicum</strong></span> <span class='ocrx_word' id='word_1_149' title='bbox 1597 2201 1659 2265; x_wconf 90' lang='lat' dir='ltr'><strong>cir-</strong></span> 
     </span>
     <span class='ocr_line' id='line_1_17' title="bbox 297 2302 1658 2388; baseline 0.001 -22"><span class='ocrx_word' id='word_1_150' title='bbox 297 2310 504 2388; x_wconf 70' lang='lat' dir='ltr'><strong>cumspecto</strong></span> <span class='ocrx_word' id='word_1_151' title='bbox 526 2304 581 2386; x_wconf 92' lang='lat' dir='ltr'><strong>qui</strong></span> <span class='ocrx_word' id='word_1_152' title='bbox 606 2302 648 2368; x_wconf 91' lang='lat' dir='ltr'><strong>de</strong></span> <span class='ocrx_word' id='word_1_153' title='bbox 663 2303 855 2368; x_wconf 88' lang='lat' dir='ltr'><strong>melioribus</strong></span> <span class='ocrx_word' id='word_1_154' title='bbox 881 2312 917 2367; x_wconf 94' lang='lat' dir='ltr'><strong>et</strong></span> <span class='ocrx_word' id='word_1_155' title='bbox 943 2304 1095 2369; x_wconf 86' lang='lat' dir='ltr'><strong>fidelibus</strong></span> <span class='ocrx_word' id='word_1_156' title='bbox 1116 2312 1130 2338; x_wconf 81' lang='lat'><strong>&#39;²</strong></span> <span class='ocrx_word' id='word_1_157' title='bbox 1151 2306 1216 2370; x_wconf 90' lang='lat' dir='ltr'><strong>suis</strong></span> <span class='ocrx_word' id='word_1_158' title='bbox 1237 2304 1377 2369; x_wconf 88' lang='lat' dir='ltr'><strong>subditis</strong></span> <span class='ocrx_word' id='word_1_159' title='bbox 1392 2311 1427 2368; x_wconf 90' lang='lat' dir='ltr'><strong>et</strong></span> <span class='ocrx_word' id='word_1_160' title='bbox 1442 2305 1567 2383; x_wconf 88' lang='lat' dir='ltr'><strong>amicis,</strong></span> <span class='ocrx_word' id='word_1_161' title='bbox 1592 2304 1658 2369; x_wconf 90' lang='lat' dir='ltr'><strong>loci</strong></span> 
     </span>
     <span class='ocr_line' id='line_1_18' title="bbox 297 2405 1658 2495; baseline 0.001 -25"><span class='ocrx_word' id='word_1_162' title='bbox 297 2405 457 2491; x_wconf 89' lang='lat' dir='ltr'><strong>Yprensis</strong></span> <span class='ocrx_word' id='word_1_163' title='bbox 488 2406 639 2491; x_wconf 79' lang='lat' dir='ltr'><strong>predicti,</strong></span> <span class='ocrx_word' id='word_1_164' title='bbox 663 2408 764 2472; x_wconf 89' lang='lat' dir='ltr'><strong>traxit</strong></span> <span class='ocrx_word' id='word_1_165' title='bbox 794 2408 967 2493; x_wconf 85' lang='lat' dir='ltr'><strong>originem,</strong></span> <span class='ocrx_word' id='word_1_166' title='bbox 995 2409 1037 2473; x_wconf 92' lang='lat' dir='ltr'><strong>de</strong></span> <span class='ocrx_word' id='word_1_167' title='bbox 1068 2411 1276 2495; x_wconf 89' lang='lat' dir='ltr'><strong>prepositura</strong></span> <span class='ocrx_word' id='word_1_168' title='bbox 1302 2408 1518 2474; x_wconf 84' lang='lat' dir='ltr'><strong>conventuali</strong></span> <span class='ocrx_word' id='word_1_169' title='bbox 1542 2416 1658 2473; x_wconf 85' lang='lat' dir='ltr'><strong>curata</strong></span> 
     </span>
     <span class='ocr_line' id='line_1_19' title="bbox 256 2510 1657 2600; baseline 0 -25"><span class='ocrx_word' id='word_1_170' title='bbox 256 2589 260 2600; x_wconf 37' lang='grc' dir='ltr'>Ι</span> <span class='ocrx_word' id='word_1_171' title='bbox 297 2512 491 2577; x_wconf 87' lang='lat' dir='ltr'><strong>monasterii</strong></span> <span class='ocrx_word' id='word_1_172' title='bbox 508 2512 550 2577; x_wconf 87' lang='lat' dir='ltr'><strong>de</strong></span> <span class='ocrx_word' id='word_1_173' title='bbox 567 2510 781 2578; x_wconf 86' lang='lat' dir='ltr'><strong>Fonneaellis</strong></span> <span class='ocrx_word' id='word_1_174' title='bbox 797 2534 901 2599; x_wconf 89' lang='lat' dir='ltr'><strong>prope</strong></span> <span class='ocrx_word' id='word_1_175' title='bbox 918 2513 1055 2599; x_wconf 82' lang='lat' dir='ltr'><strong>Ypram,</strong></span> <span class='ocrx_word' id='word_1_176' title='bbox 1071 2534 1130 2599; x_wconf 90' lang='lat' dir='ltr'><strong>per</strong></span> <span class='ocrx_word' id='word_1_177' title='bbox 1144 2513 1352 2599; x_wconf 88' lang='lat' dir='ltr'><strong>prepositum</strong></span> <span class='ocrx_word' id='word_1_178' title='bbox 1368 2512 1456 2577; x_wconf 89' lang='lat' dir='ltr'><strong>soliti</strong></span> <span class='ocrx_word' id='word_1_179' title='bbox 1472 2512 1657 2597; x_wconf 88' lang='lat' dir='ltr'><strong>gubernari,</strong></span> 
     </span>
     <span class='ocr_line' id='line_1_20' title="bbox 296 2614 1657 2701; baseline -0.001 -21"><span class='ocrx_word' id='word_1_180' title='bbox 296 2614 422 2681; x_wconf 92' lang='lat' dir='ltr'><strong>ordinis</strong></span> <span class='ocrx_word' id='word_1_181' title='bbox 447 2627 481 2680; x_wconf 91' lang='lat' dir='ltr'><strong>et</strong></span> <span class='ocrx_word' id='word_1_182' title='bbox 507 2615 594 2681; x_wconf 91' lang='lat' dir='ltr'><strong>dioc.</strong></span> <span class='ocrx_word' id='word_1_183' title='bbox 618 2616 855 2701; x_wconf 89' lang='lat' dir='ltr'><strong>predictorum,</strong></span> <span class='ocrx_word' id='word_1_184' title='bbox 880 2618 924 2682; x_wconf 92' lang='lat' dir='ltr'><strong>ad</strong></span> <span class='ocrx_word' id='word_1_185' title='bbox 950 2637 1051 2701; x_wconf 89' lang='lat' dir='ltr'><strong>quarn</strong></span> <span class='ocrx_word' id='word_1_186' title='bbox 1076 2617 1251 2683; x_wconf 88' lang='lat' dir='ltr'><strong>consuevit</strong></span> <span class='ocrx_word' id='word_1_187' title='bbox 1275 2617 1348 2701; x_wconf 89' lang='lat' dir='ltr'><strong>quis</strong></span> <span class='ocrx_word' id='word_1_188' title='bbox 1371 2636 1431 2701; x_wconf 87' lang='lat' dir='ltr'><strong>per</strong></span> <span class='ocrx_word' id='word_1_189' title='bbox 1457 2615 1657 2679; x_wconf 83' lang='lat' dir='ltr'><strong>electionem</strong></span> 
     </span>
     <span class='ocr_line' id='line_1_21' title="bbox 297 2719 1658 2805; baseline -0.002 -21"><span class='ocrx_word' id='word_1_190' title='bbox 297 2720 431 2801; x_wconf 89' lang='lat' dir='ltr'><strong>assumi,</strong></span> <span class='ocrx_word' id='word_1_191' title='bbox 453 2741 525 2785; x_wconf 86' lang='lat' dir='ltr'><strong>vac.</strong></span> <span class='ocrx_word' id='word_1_192' title='bbox 547 2741 606 2805; x_wconf 89' lang='lat' dir='ltr'><strong>per</strong></span> <span class='ocrx_word' id='word_1_193' title='bbox 622 2724 675 2787; x_wconf 92' lang='lat' dir='ltr'><strong>ob.</strong></span> <span class='ocrx_word' id='word_1_194' title='bbox 691 2721 861 2805; x_wconf 89' lang='lat' dir='ltr'><strong>quondam</strong></span> <span class='ocrx_word' id='word_1_195' title='bbox 884 2722 991 2786; x_wconf 85' lang='lat' dir='ltr'><strong>fratris</strong></span> <span class='ocrx_word' id='word_1_196' title='bbox 1005 2721 1171 2799; x_wconf 89' lang='lat' dir='ltr'><strong>Johannis</strong></span> <span class='ocrx_word' id='word_1_197' title='bbox 1187 2722 1218 2784; x_wconf 88' lang='lat' dir='ltr'><strong>le</strong></span> <span class='ocrx_word' id='word_1_198' title='bbox 1234 2719 1392 2799; x_wconf 89' lang='lat' dir='ltr'><strong>Peckere,</strong></span> <span class='ocrx_word' id='word_1_199' title='bbox 1417 2719 1519 2804; x_wconf 88' lang='lat' dir='ltr'><strong>ipsius</strong></span> <span class='ocrx_word' id='word_1_200' title='bbox 1541 2738 1658 2781; x_wconf 92' lang='lat' dir='ltr'><strong>mona-</strong></span> 
     </span>
     <span class='ocr_line' id='line_1_22' title="bbox 297 2822 1658 2911; baseline -0.001 -23"><span class='ocrx_word' id='word_1_201' title='bbox 297 2824 388 2888; x_wconf 89' lang='lat' dir='ltr'><strong>sterii</strong></span> <span class='ocrx_word' id='word_1_202' title='bbox 399 2824 570 2911; x_wconf 87' lang='lat' dir='ltr'><strong>prepositi,</strong></span> <span class='ocrx_word' id='word_1_203' title='bbox 583 2824 639 2909; x_wconf 90' lang='lat' dir='ltr'><strong>qui</strong></span> <span class='ocrx_word' id='word_1_204' title='bbox 652 2847 757 2911; x_wconf 88' lang='lat' dir='ltr'><strong>nuper</strong></span> <span class='ocrx_word' id='word_1_205' title='bbox 769 2834 863 2891; x_wconf 88' lang='lat' dir='ltr'><strong>extra</strong></span> <span class='ocrx_word' id='word_1_206' title='bbox 877 2826 1004 2891; x_wconf 90' lang='lat' dir='ltr'><strong>curiam</strong></span> <span class='ocrx_word' id='word_1_207' title='bbox 1016 2825 1104 2891; x_wconf 92' lang='lat' dir='ltr'><strong>diem</strong></span> <span class='ocrx_word' id='word_1_208' title='bbox 1118 2824 1236 2891; x_wconf 90' lang='lat' dir='ltr'><strong>clausit</strong></span> <span class='ocrx_word' id='word_1_209' title='bbox 1248 2832 1511 2906; x_wconf 71' lang='lat' dir='ltr'><strong>extremumque</strong></span> <span class='ocrx_word' id='word_1_210' title='bbox 1524 2822 1658 2906; x_wconf 91' lang='lat' dir='ltr'><strong>quidem</strong></span> 
     </span>
     <span class='ocr_line' id='line_1_23' title="bbox 298 2927 1660 3012; baseline 0.001 -23"><span class='ocrx_word' id='word_1_211' title='bbox 298 2929 506 3012; x_wconf 89' lang='lat' dir='ltr'><strong>prepositura</strong></span> <span class='ocrx_word' id='word_1_212' title='bbox 533 2938 613 2993; x_wconf 89' lang='lat' dir='ltr'><strong>ante</strong></span> <span class='ocrx_word' id='word_1_213' title='bbox 637 2930 707 3012; x_wconf 90' lang='lat' dir='ltr'><strong>ejus</strong></span> <span class='ocrx_word' id='word_1_214' title='bbox 731 2930 860 2994; x_wconf 88' lang='lat' dir='ltr'><strong>obitum</strong></span> <span class='ocrx_word' id='word_1_215' title='bbox 885 2930 993 2995; x_wconf 86' lang='lat' dir='ltr'><strong>fuerat</strong></span> <span class='ocrx_word' id='word_1_216' title='bbox 1017 2937 1195 3009; x_wconf 77' lang='lat' dir='ltr'><strong>reservata,</strong></span> <span class='ocrx_word' id='word_1_217' title='bbox 1223 2938 1338 2993; x_wconf 89' lang='lat' dir='ltr'><strong>amoto</strong></span> <span class='ocrx_word' id='word_1_218' title='bbox 1363 2927 1482 2992; x_wconf 83' lang='lat' dir='ltr'><strong>exinde</strong></span> <span class='ocrx_word' id='word_1_219' title='bbox 1510 2927 1660 3006; x_wconf 86' lang='lat' dir='ltr'><strong>quolibet</strong></span> 
     </span>
     <span class='ocr_line' id='line_1_24' title="bbox 297 3029 1661 3112; baseline 0 -19"><span class='ocrx_word' id='word_1_220' title='bbox 297 3029 485 3112; x_wconf 89' lang='lat' dir='ltr'><strong>detentore,</strong></span> <span class='ocrx_word' id='word_1_221' title='bbox 502 3039 537 3095; x_wconf 93' lang='lat' dir='ltr'><strong>et</strong></span> <span class='ocrx_word' id='word_1_222' title='bbox 553 3052 629 3096; x_wconf 92' lang='lat' dir='ltr'><strong>cum</strong></span> <span class='ocrx_word' id='word_1_223' title='bbox 645 3033 867 3097; x_wconf 85' lang='lat' dir='ltr'><strong>translatione</strong></span> <span class='ocrx_word' id='word_1_224' title='bbox 884 3041 918 3097; x_wconf 92' lang='lat' dir='ltr'><strong>et</strong></span> <span class='ocrx_word' id='word_1_225' title='bbox 935 3033 1090 3098; x_wconf 80' lang='lat' dir='ltr'><strong>omnibus</strong></span> <span class='ocrx_word' id='word_1_226' title='bbox 1116 3053 1184 3097; x_wconf 93' lang='lat' dir='ltr'><strong>non</strong></span> <span class='ocrx_word' id='word_1_227' title='bbox 1210 3032 1420 3096; x_wconf 88' lang='lat' dir='ltr'><strong>obstantibus</strong></span> <span class='ocrx_word' id='word_1_228' title='bbox 1444 3039 1479 3095; x_wconf 93' lang='lat' dir='ltr'><strong>et</strong></span> <span class='ocrx_word' id='word_1_229' title='bbox 1504 3030 1661 3095; x_wconf 89' lang='lat' dir='ltr'><strong>clausulis</strong></span> 
     </span>
     <span class='ocr_line' id='line_1_25' title="bbox 297 3134 1413 3222; baseline 0.002 -25"><span class='ocrx_word' id='word_1_230' title='bbox 297 3135 474 3218; x_wconf 91' lang='lat' dir='ltr'><strong>oportunis</strong></span> <span class='ocrx_word' id='word_1_231' title='bbox 489 3143 524 3198; x_wconf 90' lang='lat' dir='ltr'><strong>et</strong></span> <span class='ocrx_word' id='word_1_232' title='bbox 540 3136 771 3202; x_wconf 86' lang='lat' dir='ltr'><strong>executoribus</strong></span> <span class='ocrx_word' id='word_1_233' title='bbox 794 3137 976 3220; x_wconf 86' lang='lat' dir='ltr'><strong>dignemini</strong></span> <span class='ocrx_word' id='word_1_234' title='bbox 998 3137 1183 3222; x_wconf 83' lang='lat' dir='ltr'><strong>providere.</strong></span> <span class='ocrx_word' id='word_1_235' title='bbox 1207 3177 1249 3185; x_wconf 94' lang='lat'>-</span> <span class='ocrx_word' id='word_1_236' title='bbox 1273 3135 1350 3200; x_wconf 87' lang='lat' dir='ltr'><strong>Fiat</strong></span> <span class='ocrx_word' id='word_1_237' title='bbox 1373 3134 1413 3200; x_wconf 89' lang='lat' dir='ltr'><strong>R.</strong></span> 
     </span>
    </p>

    <p class='ocr_par' dir='ltr' id='par_1_7' title="bbox 343 3236 1174 3324">
     <span class='ocr_line' id='line_1_26' title="bbox 343 3236 1174 3324; baseline 0.005 -25"><span class='ocrx_word' id='word_1_238' title='bbox 343 3236 424 3302; x_wconf 89' lang='lat' dir='ltr'><strong>Dat.</strong></span> <span class='ocrx_word' id='word_1_239' title='bbox 440 3238 538 3302; x_wconf 78' lang='lat' dir='ltr'><strong>Avin.</strong></span> <span class='ocrx_word' id='word_1_240' title='bbox 560 3259 595 3322; x_wconf 80' lang='lat'><strong>13</strong></span> <span class='ocrx_word' id='word_1_241' title='bbox 614 3238 680 3304; x_wconf 89' lang='lat' dir='ltr'><strong>kal.</strong></span> <span class='ocrx_word' id='word_1_242' title='bbox 696 3239 775 3303; x_wconf 89' lang='lat' dir='ltr'><strong>maii</strong></span> <span class='ocrx_word' id='word_1_243' title='bbox 793 3248 826 3304; x_wconf 85' lang='lat' dir='ltr'><strong>a⁰</strong></span> <span class='ocrx_word' id='word_1_244' title='bbox 843 3243 885 3305; x_wconf 83' lang='lat'><strong>8⁰.</strong></span> <span class='ocrx_word' id='word_1_245' title='bbox 902 3243 971 3322; x_wconf 87' lang='lat'><strong>(18,</strong></span> <span class='ocrx_word' id='word_1_246' title='bbox 988 3240 1025 3305; x_wconf 91' lang='lat' dir='ltr'><strong>P.</strong></span> <span class='ocrx_word' id='word_1_247' title='bbox 1043 3238 1088 3321; x_wconf 94' lang='lat' dir='ltr'><strong>ll,</strong></span> <span class='ocrx_word' id='word_1_248' title='bbox 1106 3243 1174 3324; x_wconf 81' lang='grc'><strong>58).</strong></span> 
     </span>
    </p>
   </div>
   <div class='ocr_carea' id='block_1_4' title="bbox 299 3372 1661 3992">
    <p class='ocr_par' dir='ltr' id='par_1_8' title="bbox 352 3372 1615 3472">
     <span class='ocr_line' id='line_1_27' title="bbox 352 3372 1615 3472; baseline 0.001 -21"><span class='ocrx_word' id='word_1_249' title='bbox 352 3372 489 3458; x_wconf 87' lang='grc'><strong>1931.</strong></span> <span class='ocrx_word' id='word_1_250' title='bbox 1349 3409 1444 3472; x_wconf 77' lang='lat'><strong>1350,</strong></span> <span class='ocrx_word' id='word_1_251' title='bbox 1461 3410 1480 3453; x_wconf 88' lang='lat'><em>2</em></span> <span class='ocrx_word' id='word_1_252' title='bbox 1480 3410 1501 3472; x_wconf 77' lang='lat' dir='ltr'>j</span> <span class='ocrx_word' id='word_1_253' title='bbox 1518 3389 1615 3453; x_wconf 81' lang='lat' dir='ltr'><strong>avril.</strong></span> 
     </span>
    </p>

    <p class='ocr_par' dir='ltr' id='par_1_9' title="bbox 299 3490 1661 3881">
     <span class='ocr_line' id='line_1_28' title="bbox 343 3490 1660 3580; baseline 0.002 -27"><span class='ocrx_word' id='word_1_254' title='bbox 343 3490 445 3577; x_wconf 83' lang='lat' dir='ltr'><strong>Supp.</strong></span> <span class='ocrx_word' id='word_1_255' title='bbox 469 3491 641 3569; x_wconf 86' lang='lat' dir='ltr'><strong>Johannes</strong></span> <span class='ocrx_word' id='word_1_256' title='bbox 663 3493 780 3580; x_wconf 81' lang='lat' dir='ltr'><strong>Nepos</strong></span> <span class='ocrx_word' id='word_1_257' title='bbox 796 3496 838 3559; x_wconf 90' lang='lat' dir='ltr'><strong>de</strong></span> <span class='ocrx_word' id='word_1_258' title='bbox 855 3494 1067 3575; x_wconf 76' lang='lat' dir='ltr'><strong>BuscoduciS,</strong></span> <span class='ocrx_word' id='word_1_259' title='bbox 1088 3495 1250 3580; x_wconf 90' lang='lat' dir='ltr'><strong>presbiter</strong></span> <span class='ocrx_word' id='word_1_260' title='bbox 1273 3492 1433 3558; x_wconf 91' lang='lat' dir='ltr'><strong>Leodien.</strong></span> <span class='ocrx_word' id='word_1_261' title='bbox 1448 3493 1550 3572; x_wconf 88' lang='lat' dir='ltr'><strong>dioc,</strong></span> <span class='ocrx_word' id='word_1_262' title='bbox 1567 3500 1660 3575; x_wconf 89' lang='lat' dir='ltr'><strong>quat.</strong></span> 
     </span>
     <span class='ocr_line' id='line_1_29' title="bbox 300 3594 1661 3684; baseline 0.001 -27"><span class='ocrx_word' id='word_1_263' title='bbox 300 3594 361 3659; x_wconf 92' lang='lat' dir='ltr'><strong>sibi</strong></span> <span class='ocrx_word' id='word_1_264' title='bbox 377 3595 420 3658; x_wconf 93' lang='lat' dir='ltr'><strong>de</strong></span> <span class='ocrx_word' id='word_1_265' title='bbox 435 3598 511 3659; x_wconf 91' lang='lat' dir='ltr'><strong>ben.</strong></span> <span class='ocrx_word' id='word_1_266' title='bbox 536 3598 619 3662; x_wconf 91' lang='lat' dir='ltr'><strong>eccl.</strong></span> <span class='ocrx_word' id='word_1_267' title='bbox 635 3618 664 3662; x_wconf 92' lang='lat' dir='ltr'><strong>c.</strong></span> <span class='ocrx_word' id='word_1_268' title='bbox 681 3619 720 3678; x_wconf 91' lang='lat' dir='ltr'><strong>c.,</strong></span> <span class='ocrx_word' id='word_1_269' title='bbox 738 3619 813 3663; x_wconf 86' lang='lat' dir='ltr'><strong>curn</strong></span> <span class='ocrx_word' id='word_1_270' title='bbox 842 3599 897 3663; x_wconf 88' lang='lat' dir='ltr'><strong>off.</strong></span> <span class='ocrx_word' id='word_1_271' title='bbox 922 3601 983 3662; x_wconf 91' lang='lat' dir='ltr'><strong>etsi</strong></span> <span class='ocrx_word' id='word_1_272' title='bbox 1011 3619 1086 3663; x_wconf 93' lang='lat' dir='ltr'><strong>can.</strong></span> <span class='ocrx_word' id='word_1_273' title='bbox 1113 3606 1147 3663; x_wconf 89' lang='lat' dir='ltr'><strong>et</strong></span> <span class='ocrx_word' id='word_1_274' title='bbox 1162 3601 1255 3684; x_wconf 91' lang='lat' dir='ltr'><strong>preb.</strong></span> <span class='ocrx_word' id='word_1_275' title='bbox 1279 3598 1410 3677; x_wconf 88' lang='lat' dir='ltr'><strong>existat,</strong></span> <span class='ocrx_word' id='word_1_276' title='bbox 1427 3603 1601 3681; x_wconf 89' lang='lat' dir='ltr'><strong>spectante</strong></span> <span class='ocrx_word' id='word_1_277' title='bbox 1617 3595 1661 3659; x_wconf 92' lang='lat' dir='ltr'><strong>ad</strong></span> 
     </span>
     <span class='ocr_line' id='line_1_30' title="bbox 299 3697 1660 3786; baseline -0.001 -24"><span class='ocrx_word' id='word_1_278' title='bbox 299 3699 517 3764; x_wconf 86' lang='lat' dir='ltr'><strong>collationem</strong></span> <span class='ocrx_word' id='word_1_279' title='bbox 541 3701 677 3786; x_wconf 88' lang='lat' dir='ltr'><strong>capituli</strong></span> <span class='ocrx_word' id='word_1_280' title='bbox 702 3702 736 3765; x_wconf 94' lang='lat' dir='ltr'><strong>in</strong></span> <span class='ocrx_word' id='word_1_281' title='bbox 753 3703 834 3766; x_wconf 90' lang='lat' dir='ltr'><strong>eccl.</strong></span> <span class='ocrx_word' id='word_1_282' title='bbox 862 3701 1108 3782; x_wconf 87' lang='lat' dir='ltr'><strong>Maclrliniensi,</strong></span> <span class='ocrx_word' id='word_1_283' title='bbox 1134 3701 1349 3766; x_wconf 89' lang='lat' dir='ltr'><strong>Cameracen.</strong></span> <span class='ocrx_word' id='word_1_284' title='bbox 1365 3699 1462 3781; x_wconf 76' lang='lat' dir='ltr'><strong>dioc,</strong></span> <span class='ocrx_word' id='word_1_285' title='bbox 1478 3697 1660 3784; x_wconf 91' lang='lat' dir='ltr'><strong>dignemini</strong></span> 
     </span>
     <span class='ocr_line' id='line_1_31' title="bbox 299 3801 726 3881; baseline 0.005 -17"><span class='ocrx_word' id='word_1_286' title='bbox 299 3801 487 3881; x_wconf 89' lang='lat' dir='ltr'><strong>providere.</strong></span> <span class='ocrx_word' id='word_1_287' title='bbox 502 3843 545 3851; x_wconf 97' lang='lat'><strong>—</strong></span> <span class='ocrx_word' id='word_1_288' title='bbox 562 3802 639 3868; x_wconf 85' lang='lat' dir='ltr'><strong>Fiat</strong></span> <span class='ocrx_word' id='word_1_289' title='bbox 656 3803 726 3867; x_wconf 92' lang='lat' dir='ltr'><strong>R...</strong></span> 
     </span>
    </p>

    <p class='ocr_par' dir='ltr' id='par_1_10' title="bbox 346 3905 1151 3992">
     <span class='ocr_line' id='line_1_32' title="bbox 346 3905 1151 3992; baseline 0.006 -24"><span class='ocrx_word' id='word_1_290' title='bbox 346 3905 426 3969; x_wconf 90' lang='lat' dir='ltr'><strong>Dat.</strong></span> <span class='ocrx_word' id='word_1_291' title='bbox 442 3907 542 3971; x_wconf 70' lang='lat' dir='ltr'><strong>Asin.</strong></span> <span class='ocrx_word' id='word_1_292' title='bbox 560 3927 577 3986; x_wconf 94' lang='lat'>9</span> <span class='ocrx_word' id='word_1_293' title='bbox 594 3907 661 3972; x_wconf 90' lang='lat' dir='ltr'><strong>kal.</strong></span> <span class='ocrx_word' id='word_1_294' title='bbox 677 3907 754 3972; x_wconf 85' lang='lat' dir='ltr'><strong>maii</strong></span> <span class='ocrx_word' id='word_1_295' title='bbox 772 3915 805 3972; x_wconf 86' lang='lat' dir='ltr'><strong>a‘&#39;</strong></span> <span class='ocrx_word' id='word_1_296' title='bbox 822 3911 864 3972; x_wconf 70' lang='lat'><strong>8⁰.</strong></span> <span class='ocrx_word' id='word_1_297' title='bbox 879 3909 950 3992; x_wconf 84' lang='lat'><strong>(18,</strong></span> <span class='ocrx_word' id='word_1_298' title='bbox 963 3907 1000 3972; x_wconf 92' lang='lat' dir='ltr'><strong>P.</strong></span> <span class='ocrx_word' id='word_1_299' title='bbox 1017 3906 1063 3988; x_wconf 94' lang='lat' dir='ltr'><strong>II,</strong></span> <span class='ocrx_word' id='word_1_300' title='bbox 1081 3908 1151 3992; x_wconf 81' lang='lat'><strong>48).</strong></span> 
     </span>
    </p>
   </div>
   <div class='ocr_carea' id='block_1_5' title="bbox 302 4041 1658 4349">
    <p class='ocr_par' dir='ltr' id='par_1_11' title="bbox 302 4041 1658 4349">
     <span class='ocr_line' id='line_1_33' title="bbox 354 4041 1617 4140; baseline 0.001 -21"><span class='ocrx_word' id='word_1_301' title='bbox 354 4041 495 4125; x_wconf 85' lang='grc'><strong>1932.</strong></span> <span class='ocrx_word' id='word_1_302' title='bbox 1350 4076 1444 4139; x_wconf 79' lang='lat'><strong>1350,</strong></span> <span class='ocrx_word' id='word_1_303' title='bbox 1462 4079 1480 4119; x_wconf 90' lang='lat'><em>2</em></span> <span class='ocrx_word' id='word_1_304' title='bbox 1480 4077 1502 4140; x_wconf 73' lang='lat'><em>3</em></span> <span class='ocrx_word' id='word_1_305' title='bbox 1519 4057 1617 4120; x_wconf 78' lang='lat' dir='ltr'><strong>avril.</strong></span> 
     </span>
     <span class='ocr_line' id='line_1_34' title="bbox 319 4157 1658 4244; baseline -0.001 -22"><span class='ocrx_word' id='word_1_306' title='bbox 319 4158 447 4243; x_wconf 92' lang='lat' dir='ltr'><strong>·Supp.</strong></span> <span class='ocrx_word' id='word_1_307' title='bbox 474 4158 661 4224; x_wconf 90' lang='lat' dir='ltr'><strong>Willelmus</strong></span> <span class='ocrx_word' id='word_1_308' title='bbox 686 4159 728 4224; x_wconf 85' lang='lat' dir='ltr'><strong>de</strong></span> <span class='ocrx_word' id='word_1_309' title='bbox 756 4157 923 4237; x_wconf 80' lang='lat' dir='ltr'><strong>Nivenne,</strong></span> <span class='ocrx_word' id='word_1_310' title='bbox 949 4159 1045 4224; x_wconf 91' lang='lat' dir='ltr'><strong>miles</strong></span> <span class='ocrx_word' id='word_1_311' title='bbox 1070 4159 1155 4243; x_wconf 91' lang='lat' dir='ltr'><strong>regis</strong></span> <span class='ocrx_word' id='word_1_312' title='bbox 1181 4159 1348 4240; x_wconf 83' lang='lat' dir='ltr'><strong>Annenie,</strong></span> <span class='ocrx_word' id='word_1_313' title='bbox 1370 4167 1460 4242; x_wconf 89' lang='lat' dir='ltr'><strong>quat.</strong></span> <span class='ocrx_word' id='word_1_314' title='bbox 1477 4192 1480 4197; x_wconf 45' lang='lat'><strong>⁴</strong></span> <span class='ocrx_word' id='word_1_315' title='bbox 1495 4157 1658 4244; x_wconf 87' lang='lat' dir='ltr'><strong>[Johanni</strong></span> 
     </span>
     <span class='ocr_line' id='line_1_35' title="bbox 302 4261 1658 4349; baseline -0.002 -22"><span class='ocrx_word' id='word_1_316' title='bbox 302 4262 411 4344; x_wconf 89' lang='lat' dir='ltr'><strong>Neve,</strong></span> <span class='ocrx_word' id='word_1_317' title='bbox 422 4262 621 4349; x_wconf 88' lang='lat' dir='ltr'><strong>presbitero]</strong></span> <span class='ocrx_word' id='word_1_318' title='bbox 637 4261 796 4328; x_wconf 89' lang='lat' dir='ltr'><strong>Leodien.</strong></span> <span class='ocrx_word' id='word_1_319' title='bbox 808 4263 906 4344; x_wconf 86' lang='lat' dir='ltr'><strong>dioc,</strong></span> <span class='ocrx_word' id='word_1_320' title='bbox 922 4263 964 4328; x_wconf 91' lang='lat' dir='ltr'><strong>de</strong></span> <span class='ocrx_word' id='word_1_321' title='bbox 980 4263 1239 4348; x_wconf 88' lang='lat' dir='ltr'><strong>parrochialibus</strong></span> <span class='ocrx_word' id='word_1_322' title='bbox 1261 4263 1410 4329; x_wconf 88' lang='lat' dir='ltr'><strong>ecclesiis</strong></span> <span class='ocrx_word' id='word_1_323' title='bbox 1424 4263 1466 4327; x_wconf 90' lang='lat' dir='ltr'><strong>de</strong></span> <span class='ocrx_word' id='word_1_324' title='bbox 1478 4261 1658 4327; x_wconf 88' lang='lat' dir='ltr'><strong>Waderlen</strong></span> 
     </span>
    </p>
   </div>
   <div class='ocr_carea' id='block_1_6' title="bbox 332 4467 642 4531">
    <p class='ocr_par' dir='ltr' id='par_1_12' title="bbox 332 4467 642 4531">
     <span class='ocr_line' id='line_1_36' title="bbox 332 4467 642 4531; baseline 0 -15"><span class='ocrx_word' id='word_1_325' title='bbox 332 4471 359 4531; x_wconf 78' lang='lat' dir='ltr'><strong>a)</strong></span> <span class='ocrx_word' id='word_1_326' title='bbox 380 4467 439 4516; x_wconf 71' lang='lat' dir='ltr'><strong>Ceu.</strong></span> <span class='ocrx_word' id='word_1_327' title='bbox 453 4467 642 4516; x_wconf 74' lang='lat' dir='ltr'><strong>Flrlolitatibus.</strong></span> 
     </span>
    </p>
   </div>
   <div class='ocr_carea' id='block_1_7' title="bbox 296 4682 1661 5046">
    <p class='ocr_par' dir='ltr' id='par_1_13' title="bbox 296 4682 1661 5046">
     <span class='ocr_line' id='line_1_37' title="bbox 336 4682 1659 4750; baseline -0.004 -16"><span class='ocrx_word' id='word_1_328' title='bbox 336 4689 357 4735; x_wconf 94' lang='lat' dir='ltr'><strong>l.</strong></span> <span class='ocrx_word' id='word_1_329' title='bbox 367 4687 428 4734; x_wconf 90' lang='lat' dir='ltr'><strong>Voir</strong></span> <span class='ocrx_word' id='word_1_330' title='bbox 437 4702 462 4735; x_wconf 91' lang='lat' dir='ltr'><strong>n.</strong></span> <span class='ocrx_word' id='word_1_331' title='bbox 472 4690 540 4738; x_wconf 74' lang='lat'><strong>1454.</strong></span> <span class='ocrx_word' id='word_1_332' title='bbox 554 4689 623 4735; x_wconf 72' lang='lat'><strong>1887.</strong></span> <span class='ocrx_word' id='word_1_333' title='bbox 632 4717 663 4725; x_wconf 95' lang='lat'>—</span> <span class='ocrx_word' id='word_1_334' title='bbox 675 4691 698 4736; x_wconf 80' lang='lat'><strong>2.</strong></span> <span class='ocrx_word' id='word_1_335' title='bbox 707 4689 828 4748; x_wconf 55' lang='lat' dir='ltr'><strong>lirant-nis</strong></span> <span class='ocrx_word' id='word_1_336' title='bbox 836 4689 958 4738; x_wconf 85' lang='lat' dir='ltr'><strong>Paeldinc</strong></span> <span class='ocrx_word' id='word_1_337' title='bbox 970 4690 1012 4736; x_wconf 81' lang='lat' dir='ltr'><strong>tut</strong></span> <span class='ocrx_word' id='word_1_338' title='bbox 1021 4686 1124 4735; x_wconf 70' lang='lat' dir='ltr'><strong>nomme</strong></span> <span class='ocrx_word' id='word_1_339' title='bbox 1132 4685 1222 4750; x_wconf 69' lang='lat' dir='ltr'><strong>prerot</strong></span> <span class='ocrx_word' id='word_1_340' title='bbox 1234 4686 1266 4734; x_wconf 92' lang='lat' dir='ltr'><strong>de</strong></span> <span class='ocrx_word' id='word_1_341' title='bbox 1274 4686 1457 4743; x_wconf 84' lang='lat' dir='ltr'><strong>Voormezeele,</strong></span> <span class='ocrx_word' id='word_1_342' title='bbox 1470 4682 1544 4748; x_wconf 68' lang='lat' dir='ltr'><strong>apres</strong></span> <span class='ocrx_word' id='word_1_343' title='bbox 1555 4683 1581 4730; x_wconf 78' lang='lat' dir='ltr'><strong>le</strong></span> <span class='ocrx_word' id='word_1_344' title='bbox 1591 4689 1659 4730; x_wconf 86' lang='lat' dir='ltr'><strong>mort</strong></span> 
     </span>
     <span class='ocr_line' id='line_1_38' title="bbox 299 4756 1661 4822; baseline -0.003 -14"><span class='ocrx_word' id='word_1_345' title='bbox 299 4761 334 4810; x_wconf 84' lang='lat' dir='ltr'><strong>de</strong></span> <span class='ocrx_word' id='word_1_346' title='bbox 344 4761 418 4818; x_wconf 77' lang='lat' dir='ltr'><strong>dean,</strong></span> <span class='ocrx_word' id='word_1_347' title='bbox 430 4761 455 4810; x_wconf 91' lang='lat' dir='ltr'><strong>le</strong></span> <span class='ocrx_word' id='word_1_348' title='bbox 468 4764 497 4809; x_wconf 82' lang='lat'><strong>19</strong></span> <span class='ocrx_word' id='word_1_349' title='bbox 509 4762 574 4809; x_wconf 81' lang='lat' dir='ltr'><strong>avril</strong></span> <span class='ocrx_word' id='word_1_350' title='bbox 588 4764 650 4809; x_wconf 77' lang='lat'>1350</span> <span class='ocrx_word' id='word_1_351' title='bbox 664 4761 743 4822; x_wconf 73' lang='lat' dir='ltr'><strong>(neq.</strong></span> <span class='ocrx_word' id='word_1_352' title='bbox 759 4763 846 4822; x_wconf 76' lang='lat' dir='ltr'><strong>latin,</strong></span> <span class='ocrx_word' id='word_1_353' title='bbox 861 4765 913 4821; x_wconf 80' lang='lat'><strong>195,</strong></span> <span class='ocrx_word' id='word_1_354' title='bbox 927 4777 952 4810; x_wconf 90' lang='lat' dir='ltr'><strong>u.</strong></span> <span class='ocrx_word' id='word_1_355' title='bbox 966 4763 1012 4808; x_wconf 81' lang='lat'><strong>118</strong></span> <span class='ocrx_word' id='word_1_356' title='bbox 1024 4777 1031 4818; x_wconf 84' lang='lat'>;</span> <span class='ocrx_word' id='word_1_357' title='bbox 1043 4761 1106 4822; x_wconf 71' lang='lat' dir='ltr'><strong>Rep.</strong></span> <span class='ocrx_word' id='word_1_358' title='bbox 1118 4761 1201 4818; x_wconf 74' lang='lat' dir='ltr'><strong>Aria,</strong></span> <span class='ocrx_word' id='word_1_359' title='bbox 1214 4761 1261 4806; x_wconf 77' lang='lat'><strong>105</strong></span> <span class='ocrx_word' id='word_1_360' title='bbox 1274 4760 1363 4818; x_wconf 76' lang='lat' dir='ltr'><strong>(clem.</strong></span> <span class='ocrx_word' id='word_1_361' title='bbox 1372 4759 1417 4818; x_wconf 80' lang='lat' dir='ltr'><strong>Vl,</strong></span> <span class='ocrx_word' id='word_1_362' title='bbox 1429 4759 1475 4819; x_wconf 87' lang='grc'><strong>51)</strong></span> <span class='ocrx_word' id='word_1_363' title='bbox 1487 4758 1506 4806; x_wconf 87' lang='lat' dir='ltr'><strong>l.</strong></span> <span class='ocrx_word' id='word_1_364' title='bbox 1520 4756 1661 4816; x_wconf 66' lang='lat' dir='ltr'><strong>laur-124).</strong></span> 
     </span>
     <span class='ocr_line' id='line_1_39' title="bbox 301 4829 1659 4898; baseline -0.002 -17"><span class='ocrx_word' id='word_1_365' title='bbox 301 4835 325 4881; x_wconf 95' lang='lat' dir='ltr'><strong>ll</strong></span> <span class='ocrx_word' id='word_1_366' title='bbox 336 4834 380 4882; x_wconf 82' lang='lat' dir='ltr'><strong>tut</strong></span> <span class='ocrx_word' id='word_1_367' title='bbox 391 4834 450 4897; x_wconf 87' lang='lat' dir='ltr'><strong>plus</strong></span> <span class='ocrx_word' id='word_1_368' title='bbox 469 4836 526 4883; x_wconf 76' lang='lat' dir='ltr'><strong>tanl</strong></span> <span class='ocrx_word' id='word_1_369' title='bbox 539 4835 661 4884; x_wconf 57' lang='lat' dir='ltr'><strong>confirm&amp;</strong></span> <span class='ocrx_word' id='word_1_370' title='bbox 680 4835 746 4883; x_wconf 85' lang='lat' dir='ltr'><strong>(lans</strong></span> <span class='ocrx_word' id='word_1_371' title='bbox 765 4842 832 4884; x_wconf 81' lang='lat' dir='ltr'><strong>cette</strong></span> <span class='ocrx_word' id='word_1_372' title='bbox 841 4836 936 4896; x_wconf 79' lang='lat' dir='ltr'><strong>charge</strong></span> <span class='ocrx_word' id='word_1_373' title='bbox 947 4849 994 4898; x_wconf 80' lang='lat' dir='ltr'><strong>par</strong></span> <span class='ocrx_word' id='word_1_374' title='bbox 1005 4835 1131 4882; x_wconf 88' lang='lat' dir='ltr'><strong>lnnooent</strong></span> <span class='ocrx_word' id='word_1_375' title='bbox 1142 4833 1179 4881; x_wconf 74' lang='lat' dir='ltr'><strong>Vl</strong></span> <span class='ocrx_word' id='word_1_376' title='bbox 1191 4830 1324 4895; x_wconf 70' lang='lat' dir='ltr'><strong>(nutriere,</strong></span> <span class='ocrx_word' id='word_1_377' title='bbox 1336 4833 1435 4880; x_wconf 80' lang='lat' dir='ltr'><strong>Inrent.</strong></span> <span class='ocrx_word' id='word_1_378' title='bbox 1452 4829 1529 4889; x_wconf 73' lang='lat' dir='ltr'><strong>anal,</strong></span> <span class='ocrx_word' id='word_1_379' title='bbox 1542 4845 1567 4893; x_wconf 93' lang='lat' dir='ltr'><strong>p.</strong></span> <span class='ocrx_word' id='word_1_380' title='bbox 1579 4830 1639 4889; x_wconf 77' lang='lat'>229)</span> <span class='ocrx_word' id='word_1_381' title='bbox 1652 4845 1659 4878; x_wconf 74' lang='grc' dir='ltr'>ε</span> 
     </span>
     <span class='ocr_line' id='line_1_40' title="bbox 299 4901 1659 4970; baseline -0.004 -15"><span class='ocrx_word' id='word_1_382' title='bbox 299 4907 318 4954; x_wconf 83' lang='grc'><strong>11</strong></span> <span class='ocrx_word' id='word_1_383' title='bbox 336 4913 442 4956; x_wconf 89' lang='lat' dir='ltr'><strong>mourut</strong></span> <span class='ocrx_word' id='word_1_384' title='bbox 454 4909 478 4956; x_wconf 86' lang='lat' dir='ltr'><strong>le</strong></span> <span class='ocrx_word' id='word_1_385' title='bbox 489 4913 520 4956; x_wconf 82' lang='lat'><strong>25</strong></span> <span class='ocrx_word' id='word_1_386' title='bbox 533 4923 602 4956; x_wconf 79' lang='lat' dir='ltr'><strong>mare</strong></span> <span class='ocrx_word' id='word_1_387' title='bbox 614 4911 675 4956; x_wconf 77' lang='lat'>1372</span> <span class='ocrx_word' id='word_1_388' title='bbox 688 4909 796 4970; x_wconf 81' lang='lat' dir='ltr'><strong>(Annal.</strong></span> <span class='ocrx_word' id='word_1_389' title='bbox 808 4909 839 4956; x_wconf 80' lang='lat' dir='ltr'><strong>de</strong></span> <span class='ocrx_word' id='word_1_390' title='bbox 848 4910 875 4956; x_wconf 86' lang='lat' dir='ltr'><strong>Iu.</strong></span> <span class='ocrx_word' id='word_1_391' title='bbox 887 4909 942 4957; x_wconf 56' lang='grc' dir='ltr'><strong>δυσ.</strong></span> <span class='ocrx_word' id='word_1_392' title='bbox 959 4907 1141 4964; x_wconf 63' lang='lat' dir='ltr'><strong>Mantineion,</strong></span> <span class='ocrx_word' id='word_1_393' title='bbox 1156 4907 1191 4966; x_wconf 93' lang='lat' dir='ltr'><strong>ll,</strong></span> <span class='ocrx_word' id='word_1_394' title='bbox 1208 4908 1273 4967; x_wconf 77' lang='lat'><strong>139.)</strong></span> <span class='ocrx_word' id='word_1_395' title='bbox 1285 4907 1335 4954; x_wconf 84' lang='lat' dir='ltr'><strong>Sur</strong></span> <span class='ocrx_word' id='word_1_396' title='bbox 1346 4921 1374 4954; x_wconf 81' lang='lat' dir='ltr'><strong>sa</strong></span> <span class='ocrx_word' id='word_1_397' title='bbox 1385 4905 1484 4953; x_wconf 79' lang='lat' dir='ltr'><strong>tamille</strong></span> <span class='ocrx_word' id='word_1_398' title='bbox 1496 4905 1550 4952; x_wconf 86' lang='lat' dir='ltr'><strong>voir</strong></span> <span class='ocrx_word' id='word_1_399' title='bbox 1561 4901 1659 4950; x_wconf 70' lang='lat' dir='ltr'><strong>Ausul.</strong></span> 
     </span>
     <span class='ocr_line' id='line_1_41' title="bbox 296 4978 1567 5046; baseline -0.002 -18"><span class='ocrx_word' id='word_1_400' title='bbox 296 4980 330 5028; x_wconf 81' lang='lat' dir='ltr'><strong>de</strong></span> <span class='ocrx_word' id='word_1_401' title='bbox 346 4981 374 5029; x_wconf 78' lang='lat' dir='ltr'><strong>lo</strong></span> <span class='ocrx_word' id='word_1_402' title='bbox 392 4981 444 5030; x_wconf 67' lang='lat' dir='ltr'><strong>Sic.</strong></span> <span class='ocrx_word' id='word_1_403' title='bbox 457 4982 481 5030; x_wconf 69' lang='lat' dir='ltr'><strong>el</strong></span> <span class='ocrx_word' id='word_1_404' title='bbox 487 4983 605 5042; x_wconf 68' lang='lat' dir='ltr'><strong>Enrrrlnl,</strong></span> <span class='ocrx_word' id='word_1_405' title='bbox 618 4986 643 5030; x_wconf 68' lang='lat'><strong>2²</strong></span> <span class='ocrx_word' id='word_1_406' title='bbox 656 4982 732 5043; x_wconf 69' lang='lat' dir='ltr'><strong>b&#39;drie,</strong></span> <span class='ocrx_word' id='word_1_407' title='bbox 746 4990 764 5031; x_wconf 89' lang='lat' dir='ltr'><strong>t.</strong></span> <span class='ocrx_word' id='word_1_408' title='bbox 777 4983 821 5042; x_wconf 73' lang='lat' dir='ltr'><strong>lt.</strong></span> <span class='ocrx_word' id='word_1_409' title='bbox 835 4997 859 5046; x_wconf 87' lang='lat' dir='ltr'><strong>p.</strong></span> <span class='ocrx_word' id='word_1_410' title='bbox 872 4985 901 5030; x_wconf 81' lang='grc'><strong>61</strong></span> <span class='ocrx_word' id='word_1_411' title='bbox 915 4999 921 5039; x_wconf 88' lang='grc'><strong>;</strong></span> <span class='ocrx_word' id='word_1_412' title='bbox 938 4982 1012 5044; x_wconf 76' lang='lat' dir='ltr'><strong>Feys,</strong></span> <span class='ocrx_word' id='word_1_413' title='bbox 1029 4980 1127 5030; x_wconf 69' lang='lat' dir='ltr'><strong>Cartul.</strong></span> <span class='ocrx_word' id='word_1_414' title='bbox 1139 4979 1170 5028; x_wconf 76' lang='lat' dir='ltr'><strong>de</strong></span> <span class='ocrx_word' id='word_1_415' title='bbox 1182 4980 1324 5028; x_wconf 72' lang='lat' dir='ltr'><strong>St-Jlairn</strong></span> <span class='ocrx_word' id='word_1_416' title='bbox 1335 4978 1451 5042; x_wconf 72' lang='lat' dir='ltr'><strong>d&#39;l&#39;prea,</strong></span> <span class='ocrx_word' id='word_1_417' title='bbox 1465 4979 1485 5038; x_wconf 91' lang='lat' dir='ltr'><strong>l,</strong></span> <span class='ocrx_word' id='word_1_418' title='bbox 1500 4978 1567 5038; x_wconf 80' lang='lat'><strong>120).</strong></span> 
     </span>
    </p>
   </div>
   <div class='ocr_carea' id='block_1_8' title="bbox 0 0 1836 5675">
    <p class='ocr_par' dir='ltr' id='par_1_14' title="bbox 0 0 1836 5675">
     <span class='ocr_line' id='line_1_42' title="bbox 0 0 1836 5675; baseline 0 0"><span class='ocrx_word' id='word_1_419' title='bbox 0 0 1836 5675; x_wconf 95' lang='lat' dir='ltr'><strong> </strong></span> 
     </span>
    </p>
   </div>
  </div>
 </body>
</html>
