3650 5675
705 537 793 639 ma.
815 537 873 602 st
893 537 963 604 mn.
1476 542 1517 608 is
1571 571 1572 574 κ

196 696 283 757 343.
299 689 388 757 Item
403 711 503 776 supp.
516 698 609 775 quat.
637 689 783 755 Simonis
810 691 1063 774 consanguineo
1090 690 1236 756 Suedero
1265 690 1386 758 Uterlo
1402 701 1421 784 J,
1439 695 1516 760 cler.

150 793 343 880 Trajecten.
359 795 457 876 dioc,
474 794 606 860 decan.
622 802 658 859 et
682 796 775 879 preb.
800 795 882 859 eccl.
899 792 1141 860 Monasterien.
1159 815 1235 860 cum
1261 798 1337 862 ben.
1365 817 1423 861 seu
1439 800 1517 862 obe-

151 899 282 965 dientia
298 921 327 966 c.
343 921 372 964 c.
388 900 443 964 vel
459 921 485 965 s,
502 921 541 980 c.,
558 898 728 965 consuetis
750 899 792 964 ab
810 899 890 964 olim
918 899 1090 965 canonicis
1116 899 1239 964 ibidem
1255 901 1426 984 assignari,
1443 923 1516 968 vac.
1630 943 1635 950 -

150 1004 208 1067 vel
225 1011 348 1083 vacat„
363 1003 474 1068 cidem
489 1001 671 1088 dignemini
687 1002 874 1089 providere.
884 1044 928 1052 —
946 1002 1023 1068 Fiat
1041 1001 1081 1068 R.

196 1149 286 1209 344.
301 1141 390 1207 Item
406 1163 501 1228 supp.
515 1150 606 1227 quat.
621 1141 727 1228 [mag.
737 1141 757 1220 J
760 1141 885 1229 acobo]
900 1141 1069 1222 Lamuira,
1080 1142 1167 1207 diac.
1182 1140 1350 1208 Morinen.
1364 1143 1461 1224 dioc,
1473 1143 1516 1208 de

152 1249 232 1312 ben.
247 1248 340 1326 eccl,
356 1248 384 1312 si
400 1267 429 1312 c.
446 1267 476 1312 c.
493 1251 532 1312 60
548 1247 615 1326 lib,
631 1246 659 1311 si
674 1266 797 1312 veros
814 1267 843 1311 c.
859 1267 901 1330 40
928 1246 984 1311 lib.
1000 1249 1150 1311 valorem
1167 1267 1316 1311 annuum
1337 1266 1405 1311 non
1422 1267 1518 1312 exce-

150 1351 256 1416 dente
270 1357 294 1432 ⁸,
310 1359 487 1437 spectante
502 1350 547 1416 ad
561 1351 638 1416 coll.
655 1352 731 1415 abb.
744 1357 779 1414 et
795 1370 893 1414 conv.
909 1350 1103 1415 monasterii
1118 1349 1149 1414 S.
1162 1348 1318 1415 Winnoci
1332 1349 1516 1434 BergensiS,

152 1453 196 1521 O.
211 1454 245 1519 S.
260 1452 311 1534 B.
329 1455 419 1520 dicte
434 1454 531 1535 dioc„
554 1454 645 1540 [vac.
665 1454 721 1519 vel
736 1453 876 1539 vacat.,]
894 1453 1005 1518 eidem
1028 1453 1210 1538 dignemini
1234 1454 1431 1539 providere3
1448 1475 1516 1520 non

152 1561 241 1624 obst.
256 1558 347 1643 quod
362 1557 451 1623 idem
466 1557 486 1635 J
489 1560 614 1623 acobus
630 1558 664 1622 in
681 1556 720 1622 B.
737 1555 787 1623 M.
805 1556 1080 1642 Falcobergensis
1107 1578 1182 1623 can.
1207 1567 1242 1622 et
1266 1560 1368 1643 preb„
1385 1567 1419 1623 et
1436 1559 1468 1621 in
1485 1558 1516 1622 S.

152 1660 343 1746 walburgis
359 1660 550 1742 FumensiS,
566 1661 716 1745 ejusdem
730 1661 828 1740 dioc..
845 1680 920 1726 can.
931 1662 990 1725 sub
1002 1682 1077 1746 exp.
1089 1663 1181 1747 preb.
1195 1661 1343 1726 noscitur
1355 1661 1516 1726 obtinere.

151 1803 197 1813 -
214 1763 293 1828 Fiat
306 1762 348 1830 R.

199 1868 280 1946 Dat.
294 1868 396 1933 Avin.
415 1889 432 1952 3
449 1867 625 1934 nominali
643 1875 677 1932 a⁰
697 1875 736 1933 1⁰.
754 1867 805 1950 (2,
826 1870 928 1951 159‘')·
978 1841 982 1850 ’

206 2003 321 2088 345.
1248 2037 1342 2102 1343,
1359 2037 1380 2099 5
1397 2021 1474 2082 ulai.

197 2124 300 2209 Supp.
332 2122 435 2207 Hugo
459 2123 493 2186 la
519 2121 647 2204 Rocha,
673 2123 769 2187 miles
793 2129 828 2186 et
858 2121 993 2187 humilis
1022 2123 1245 2187 menescallus
1275 2129 1396 2202 vester,
1425 2129 1517 2205 quat.

156 2228 364 2314 [Reginaldo
378 2228 422 2294 de
437 2228 563 2294 Sancto
590 2228 733 2307 Asterio,
759 2228 1006 2312 Petragoricen.
1022 2227 1119 2307 dioc,
1148 2246 1223 2292 can.
1249 2223 1421 2306 Leodien.,
1438 2246 1517 2291 con-

153 2334 340 2418 sanguineo
354 2331 445 2418 suo],
458 2341 470 2366 ²
484 2332 527 2398 de
541 2333 695 2418 panoch.
711 2332 852 2398 cecide
876 2331 1044 2412 Condato,
1060 2332 1150 2398 dicte
1166 2332 1264 2410 dioc„
1280 2331 1323 2396 de
1335 2332 1408 2417 jure
1432 2351 1516 2410 vac..

152 2437 247 2520 cujus
262 2435 430 2502 finctus...
448 2436 551 2501 annui
568 2457 734 2501 summam
762 2456 802 2520 50
829 2437 884 2501 lib.
900 2434 979 2501 Tur.
995 2457 1100 2521 pam„
1117 2457 1182 2501 sec.
1198 2443 1267 2502 tax,
1283 2435 1423 2515 decime,
1447 2454 1516 2499 non

152 2540 331 2620 excedunt,
348 2539 530 2624 dignemini
546 2540 722 2626 providere
737 2563 746 2620 ;
762 2560 832 2604 non
849 2542 934 2604 obst.
959 2539 1276 2624 archipresbiteratu
1291 2539 1333 2602 de
1349 2538 1516 2616 Jemiaco,

150 2642 369 2709 Xanctonen.
385 2643 481 2724 dioc,
498 2651 532 2707 et
547 2664 595 2728 gr.
611 2643 673 2708 sibi
688 2664 748 2729 per
763 2664 824 2708 vos
839 2643 929 2708 facta
945 2643 1004 2707 sub
1021 2662 1096 2727 exp.
1114 2642 1157 2706 ad
1169 2643 1244 2707 coll.
1267 2641 1367 2726 episc.
1390 2640 1516 2706 Ruthe-

152 2768 232 2813 nen.
246 2788 292 2797 —
306 2745 385 2812 Fiat
402 2747 442 2814 R.

198 2853 279 2919 Dat.
294 2854 395 2918 Avin.
414 2874 431 2937 3
448 2874 528 2919 non.
543 2852 624 2917 maii
641 2860 674 2918 a⁰
694 2863 733 2919 1⁰.
750 2853 801 2936 (2,
821 2854 908 2937 160).

205 2989 458 3075 346-348.
1249 3020 1344 3084 1343,
1362 3018 1381 3083 7
1398 3001 1474 3066 mm.

197 3108 300 3193 Supp.
315 3109 432 3192 Agnus
455 3106 497 3172 de
523 3106 637 3187 Turre,
651 3106 740 3172 dom.
756 3106 798 3171 de
819 3106 1003 3190 Oliergues‚
1019 3105 1123 3184 miles,
1146 3103 1399 3171 claromonten.
1419 3104 1516 3184 dioc,

152 3219 246 3297 quat.
285 3210 393 3298 [fratri
419 3231 479 3276 suo
503 3208 620 3295 Petro]
647 3210 690 3275 de
716 3209 830 3290 Turre,
856 3211 933 3275 cler.
959 3207 1211 3275 Claromonten.
1238 3210 1335 3290 dioc„
1369 3210 1411 3275 de
1443 3229 1516 3275 can.

153 3316 238 3381 eccl.
257 3314 419 3380 Leodien.
431 3313 614 3398 dignemini
625 3314 825 3399 providere;
846 3316 939 3398 preb.
960 3334 1050 3393 vero,
1065 3312 1154 3399 [vac.
1177 3314 1231 3377 vel
1244 3312 1384 3398 vacat.],
1404 3312 1487 3379 cons
1504 3352 1517 3363 ·

154 3420 295 3485 rendam
306 3418 428 3499 eidem,
440 3418 613 3484 collationi
629 3427 737 3503 apost.
747 3417 930 3502 dignemini
940 3438 1109 3483 reservare
1122 3440 1131 3497 3
1143 3438 1212 3481 non
1225 3420 1310 3482 obst.
1323 3416 1413 3501 quod
1428 3416 1517 3482 idem

156 3523 275 3589 Petrus
298 3544 374 3588 can.
390 3523 472 3588 eccl.
489 3524 606 3607 colleg.
622 3522 654 3588 S.
671 3522 855 3587 Audomari
868 3521 890 3602 b,
917 3520 1085 3587 Morinen.
1110 3520 1207 3601 dioc,
1233 3524 1292 3587 sub
1320 3542 1395 3607 exp.
1425 3524 1516 3606 preb.

155 3628 305 3693 noscitur
320 3627 483 3692 obtinere.
498 3666 542 3675 —
558 3626 635 3691 Fiat
652 3626 692 3692 R.

200 3770 285 3830 347.
302 3763 391 3830 Item
407 3785 502 3850 supp.
518 3764 606 3828 idem
623 3763 719 3828 miles
744 3771 835 3848 quat.
855 3762 1020 3848 [Johanni
1048 3762 1089 3827 de
1117 3762 1291 3841 Narbona,
1320 3760 1413 3845 clen]
1434 3759 1519 3824 Nar-

154 3872 279 3934 bonen.
294 3869 393 3949 dioc„
408 3869 451 3934 de
478 3888 552 3934 can.
579 3870 661 3933 eccl.
685 3868 874 3933 Tomacen.
898 3866 1080 3950 dignemini
1098 3865 1294 3951 providere;
1320 3866 1412 3950 preb.
1428 3882 1518 3943 vem,

159 3972 250 4059 [vac.
276 3974 332 4037 vel
346 3971 488 4058 vacat.]‚
505 3971 743 4038 conferendam
759 3971 878 4051 eidem,
896 3970 1067 4036 collationi
1084 3978 1192 4055 apost.
1209 3966 1391 4051 dignemini
1418 3985 1519 4029 reser-

156 4099 248 4144 mre.
263 4118 308 4128 -
323 4076 401 4143 Fiat
418 4078 459 4142 R.

201 4223 287 4284 348.
305 4215 392 4281 Item
409 4236 503 4301 supp.
521 4214 608 4279 idem
625 4214 730 4293 miles,
747 4220 839 4297 quat.
853 4212 1009 4298 [Hugoni
1036 4208 1215 4288 Guillelmi‚
1232 4208 1314 4272 alias
1330 4207 1372 4272 de
1390 4206 1518 4291 Ruppe,

156 4320 254 4407 clem]
283 4318 537 4385 Claromonten.
553 4319 652 4399 dioc,
668 4318 800 4384 decan.
825 4318 907 4381 eccl.
925 4318 1041 4399 colleg.
1059 4314 1089 4378 S.
1106 4312 1287 4378 Audomari
1304 4320 1324 4392 ⁰,
1350 4308 1518 4375 Morinen.

155 4426 255 4507 dioc,
270 4423 454 4509 dignemini
469 4422 667 4508 providere;
694 4424 786 4507 preb.
811 4441 902 4500 vero,
922 4420 1012 4505 [vac.
1039 4419 1094 4481 vel
1125 4414 1265 4501 vacat.],
1282 4414 1519 4481 conferendam

156 4529 267 4595 eidem
283 4528 455 4595 collationi
473 4537 580 4612 apost.
597 4526 780 4612 dignemini
796 4544 965 4590 reservare
982 4548 990 4603 ;
1018 4543 1086 4588 non
1103 4524 1189 4588 obst.
1206 4520 1296 4605 quod
1312 4520 1399 4585 idem
1418 4518 1520 4603 Hugo

157 4654 234 4701 can.
244 4634 326 4700 eccl.
344 4632 526 4697 Ennaziaci
542 4634 603 4697 sub
619 4652 694 4716 exp.
711 4633 814 4715 preb„
825 4637 860 4694 et
872 4628 1018 4695 corarias
1030 4628 1064 4692 in
1076 4627 1106 4693 S.
1120 4626 1255 4705 Sirenei,
1267 4633 1301 4691 et
1313 4623 1520 4690 Vertazionis

189 4824 218 4884 e)
235 4821 292 4872 (bd.
305 4820 449 4870 Excudent.
461 4848 494 4855 ——
505 4820 535 4882 b)
551 4819 609 4869 (bd.
620 4819 749 4869 Ademari.
761 4847 793 4852 --
804 4818 831 4880 c)
848 4814 904 4866 (bd.
916 4818 1044 4867 Adcmari.

193 4991 216 5039 l.
227 4990 312 5050 Brom,
324 5004 350 5039 v.
360 4987 447 5037 index.
458 5014 491 5023 -
501 4990 525 5037 2.
537 4987 598 5035 Voir
609 5002 635 5035 n.
650 4986 702 5036 lli.
