3650 5675
174 4735 191 4778 ἱ

718 510 804 581 1345,
828 508 864 572 17
886 505 1047 573 decembre.
1495 512 1557 577 245

197 652 449 738 Malbodiensis,
466 656 682 725 Cameracen.
698 658 798 737 dioc,
814 664 905 742 quat.
933 656 1014 742 ipsis
1038 658 1143 721 altare
1168 658 1326 742 portatile
1352 659 1557 745 [concedere

197 758 408 845 dignemini]
430 760 567 827 -Fiat
585 762 625 828 R.

242 862 321 927 Dat.
336 863 436 929 Avin.
454 884 471 947 5
488 864 532 930 id.
548 864 621 931 dec.
637 873 670 930 a⁰
681 872 725 949 4⁰.
743 868 792 948 (8,
813 866 901 948 132).

249 999 361 1081 970
1152 1035 1246 1099 1345,
1273 1036 1312 1099 [7
1333 1021 1512 1083 dri'crubre.

242 1114 393 1202 Exponit
407 1118 439 1183 S.
452 1117 491 1183 V.
508 1118 628 1201 Guido,
645 1120 697 1185 tit.
715 1120 746 1184 S.
763 1117 888 1184 Cecilie
903 1119 1012 1204 presb.
1029 1118 1129 1198 card,
1146 1119 1235 1202 quod
1251 1118 1376 1186 dudum
1393 1121 1480 1186 facta
1495 1121 1557 1185 sibi

197 1219 303 1303 gratia
325 1223 473 1306 generali
497 1223 531 1287 in
557 1224 731 1310 provincia
759 1214 899 1288 Remen.
926 1243 988 1308 per
1013 1222 1044 1287 S.
1067 1222 1106 1287 E.
1133 1220 1176 1287 de
1203 1223 1453 1309 quibuscunque
1474 1227 1555 1290 eccl.

198 1325 380 1407 beneficiis,
397 1327 562 1412 aliquibus
577 1329 740 1394 duntaxat
756 1328 916 1413 exceptis,
936 1347 1039 1411 usque
1056 1326 1099 1391 ad
1126 1347 1290 1393 summam
1311 1349 1391 1393 1000
1407 1329 1462 1393 lib.
1479 1327 1557 1394 Tur.

199 1447 264 1492 sec.
280 1434 350 1493 tax.
366 1428 506 1511 decime,
523 1451 600 1495 cum
614 1432 828 1519 prerogativa
844 1430 934 1515 quod
950 1431 1202 1515 quibuscunque
1225 1432 1328 1497 etiam
1342 1441 1454 1498 restra
1469 1443 1557 1500 auct.

199 1529 465 1616 impetrantibus
494 1532 603 1618 ipsum
630 1533 664 1598 in
689 1534 769 1599 data
792 1534 1059 1620 precedentibus,
1084 1534 1291 1621 preferretur,
1315 1543 1352 1600 ut
1379 1536 1411 1600 in
1440 1537 1559 1603 litteris

199 1643 307 1719 apost.
324 1655 423 1721 super
438 1636 510 1722 ipsa
525 1638 632 1722 gratia
647 1637 810 1703 confectis
837 1637 990 1705 seriosius
1014 1638 1215 1719 continetur,
1231 1640 1439 1725 processibus
1455 1641 1558 1706 etiam

200 1759 298 1824 super
321 1739 440 1804 eadem
466 1761 513 1825 gr.
538 1742 769 1824 subsequutis;
797 1741 944 1822 demum,
960 1762 1033 1807 vac.
1050 1761 1134 1822 can,
1150 1744 1243 1827 preb.
1270 1750 1305 1807 et
1329 1744 1502 1809 scolastria
1525 1744 1557 1809 S.

201 1842 375 1935 Gangerici
392 1844 610 1911 Cameracen.
623 1866 684 1932 per
695 1848 748 1911 ob.
761 1845 892 1911 Thome
908 1846 950 1912 de
966 1845 998 1910 S.
1014 1845 1156 1932 Sulpitio
1170 1852 1193 1927 ¹¹,
1209 1847 1265 1930 qui
1283 1848 1316 1911 in
1335 1848 1399 1913 illis
1410 1849 1559 1934 partibus

199 1948 289 2013 diem
306 1949 424 2015 clausit
435 1958 624 2021 extremum
634 1960 652 2031 ¹,
669 1950 758 2015 idem
771 1950 948 2015 cardinalis
959 1970 1046 2029 can,
1056 1952 1149 2035 preb.
1161 1957 1198 2014 et
1210 1952 1419 2015 scolastriam
1430 1952 1560 2036 predic·

201 2062 254 2119 tos
264 2036 323 2139 ptr
338 2064 590 2139 procuratorem
602 2057 798 2141 legitimum,
811 2056 899 2122 infra
907 2074 1090 2121 mensema
1102 2061 1255 2138 tempore
1271 2053 1352 2118 inibi
1364 2063 1446 2120 note
1461 2075 1561 2120 vaca-

200 2157 312 2235 tionis,
328 2158 441 2223 debite
457 2160 660 2245 acceptavit,
673 2161 864 2246 provisione
880 2167 994 2225 autem
1022 2158 1135 2241 aliqua
1161 2177 1253 2242 per...
1269 2165 1484 2223 executorem
1500 2166 1559 2222 aut

203 2280 437 2347 quemcunque
451 2263 554 2329 alium
580 2264 641 2331 sibi
664 2286 733 2331 non
761 2265 861 2344 facta,
879 2263 969 2329 idem
999 2262 1087 2327 card.
1104 2262 1139 2327 in
1165 2261 1321 2326 manibus
1337 2260 1368 2325 S.
1386 2262 1424 2325 V.
1440 2282 1562 2326 renun-

204 2366 308 2431 ciavit
323 2366 517 2451 simpliciter
532 2368 638 2452 gratie
663 2368 844 2447 antedicte,
869 2386 1023 2450 cumque,
1050 2367 1208 2430 obstante
1231 2364 1350 2447 gratia,
1365 2364 1503 2429 decreto
1529 2364 1561 2427 in

204 2469 323 2535 eadem
338 2471 493 2556 apposito
519 2478 554 2537 et
581 2472 819 2556 acceptatione
837 2469 1005 2555 predictis,
1021 2468 1132 2533 nullus
1155 2476 1267 2552 preter
1282 2467 1313 2531 S.
1330 2466 1370 2531 V.
1386 2467 1563 2552 disponere

204 2575 353 2659 potuerit
363 2573 406 2641 de
422 2594 498 2641 can.
515 2584 549 2641 et
564 2578 656 2660 preb.
670 2583 705 2640 et
715 2575 889 2641 scolastria
904 2573 1089 2659 prelibatis,
1102 2579 1137 2635 et
1152 2591 1213 2656 per
1227 2590 1437 2660 consequens
1453 2570 1563 2635 adbuc

203 2684 327 2742 vacare
342 2686 533 2759 noscantur,
546 2679 721 2763 presertim
737 2698 814 2743 cum
830 2676 920 2742 idem
936 2676 1024 2740 card.
1040 2694 1147 2759 nuper
1161 2674 1252 2738 omni
1265 2674 1329 2758 juri
1345 2674 1436 2757 quod
1451 2682 1564 2759 posset

204 2781 329 2852 habere
342 2782 375 2847 in
391 2782 471 2869 ipsis
486 2783 519 2848 in
533 2784 688 2848 manibus
704 2781 734 2848 S.
757 2780 797 2846 V.
823 2800 979 2867 expresse
1005 2778 1252 2843 renunciaverit
1267 2800 1276 2858 ;
1301 2798 1395 2863 supp.
1413 2786 1505 2861 quat.
1521 2776 1564 2843 de

206 2886 294 2970 ipsis,
316 2895 353 2951 ut
368 2887 572 2972 premittitur
586 2888 640 2952 vel
668 2888 732 2952 alio
749 2905 884 2971 quoquo
911 2885 1015 2950 modo
1029 2883 1237 2962 vacantibus,
1255 2880 1449 2947 Guiclrardo
1475 2882 1565 2946 Salo-

206 2990 317 3056 monis
331 3001 352 3070 2,
369 3010 442 3077 cap.
458 2998 492 3055 et
507 2991 609 3056 famil.
633 3011 693 3056 suo
717 2990 945 3068 commensali,
962 2987 1145 3072 dignemini
1170 2986 1344 3070 providere
1355 3009 1362 3064 ;
1388 3006 1458 3050 non
1482 2989 1567 3052 obst.

207 3093 298 3175 quod
314 3094 347 3157 in
365 3095 483 3180 colleg.
500 3096 581 3160 eccl.
593 3093 778 3173 Cebaziaci,
790 3094 919 3179 capelle
932 3091 969 3156 B.
984 3089 1033 3156 M.
1046 3089 1316 3156 Montisferrandi
1330 3097 1450 3154 canet
1464 3093 1567 3174 preb,

207 3217 340 3262 necnon
367 3199 519 3283 parroch.
546 3199 628 3264 eccl.
654 3198 695 3264 de
722 3195 857 3277 Hersin,
896 3194 1149 3261 Claromonten.
1174 3203 1210 3258 et
1232 3195 1445 3259 Attrebaten.
1470 3193 1567 3273 dioc,

208 3301 369 3382 obtineat,
382 3302 538 3388 quodque
555 3323 629 3369 can.
646 3304 705 3367 sub
721 3321 798 3387 exp.
817 3303 910 3386 preb.
927 3301 960 3363 in
987 3298 1078 3364 dicta
1102 3299 1184 3364 eccl.
1200 3297 1232 3361 S.
1249 3296 1423 3382 Gangerici
1450 3295 1568 3362 Came-

208 3424 319 3470 racen.
336 3405 434 3472 fuerit
449 3414 631 3488 assecutus,
648 3407 772 3470 virtute
790 3404 884 3486 cujus
898 3403 1005 3488 gratie
1021 3402 1131 3468 dictos
1143 3423 1217 3468 can.
1229 3409 1265 3466 et
1279 3404 1371 3486 preb.
1389 3399 1420 3466 S.
1437 3399 1568 3484 Gauge-

206 3509 275 3589 rici,
292 3530 351 3595 per
366 3513 420 3576 ob.
444 3510 525 3576 dicti
542 3509 683 3590 Thome,
701 3518 737 3574 ut
761 3509 933 3595 prefertur,
950 3528 1034 3588 vac,
1051 3508 1242 3592 acceptavit
1256 3512 1291 3570 et
1307 3504 1473 3590 provideri
1490 3503 1567 3569 fecit

208 3614 241 3677 in
259 3634 337 3680 casu
353 3614 386 3678 in
403 3635 470 3698 quo
485 3614 547 3680 sibi
558 3621 593 3678 et
608 3634 676 3678 non
688 3614 742 3678 alii
758 3613 969 3678 deberentur.
984 3652 1028 3660 -
1045 3609 1122 3676 Fiat
1138 3609 1179 3674 R.

252 3718 330 3784 Dat.
346 3718 447 3784 Avin.
468 3722 505 3784 16
521 3717 586 3782 kal.
599 3718 729 3802 Januar.
745 3723 778 3781 a⁰
794 3723 837 3800 4⁰.
855 3715 904 3800 (8,
927 3720 1029 3798 mol).

260 3856 364 3940 971.
539 3922 546 3929 ..
1171 3880 1265 3946 1545,
1287 3879 1327 3941 r7
1347 3861 1525 3924 decembre.

253 3973 354 4059 Supp.
371 3973 545 4058 Philippus
560 3970 602 4036 de
619 3969 777 4050 Vitriaco,
803 3989 876 4055 cap.
901 3975 1023 4048 vester,
1048 3965 1242 4048 dominique
1266 3963 1352 4047 regis
1368 3964 1445 4028 cler.
1462 3964 1569 4028 consi-

208 4079 329 4161 liarius
346 4086 381 4143 et
398 4076 594 4161 Radulplrus
618 4074 829 4160 Carpentarii
845 4085 865 4154 ³,
892 4082 985 4157 quat.
1013 4093 1090 4138 cum
1113 4070 1186 4155 ipsi,
1210 4068 1368 4133 videlicet
1396 4067 1569 4153 Philippus

209 4203 283 4249 can.
300 4191 336 4247 et
350 4184 442 4267 preb.
458 4182 540 4247 eccl.
557 4180 588 4246 S.
607 4178 769 4244 Mederici
795 4177 965 4257 Parisieu,
990 4185 1026 4241 et
1053 4175 1249 4260 Radulphus
1275 4193 1347 4238 can.
1373 4180 1407 4236 et
1428 4175 1521 4257 preb.
1538 4172 1568 4234 S.

207 4286 402 4367 Audomari,
419 4284 587 4352 Morinen.
604 4283 702 4364 dioc,
718 4302 778 4370 per
798 4288 1032 4367 procuratores
1056 4278 1218 4364 ydoneos,
1244 4277 1407 4342 habentes
1436 4275 1481 4340 ad
1504 4275 1569 4340 lroc

208 4391 352 4478 speciale
387 4389 596 4470 mandatum,
633 4408 673 4451 ex
705 4406 806 4453 causa
839 4382 1098 4469 permutationis
1125 4388 1160 4446 et
1189 4401 1259 4445 non
1290 4379 1373 4447 alias
1403 4378 1564 4444 canonice

209 4494 373 4575 faciende,
388 4495 423 4559 in
439 4493 593 4560 manibus
611 4491 651 4556 R.
678 4489 714 4556 P.
742 4490 832 4555 dom.
858 4486 1031 4566 Gnidonis,
1048 4487 1100 4551 tit.
1128 4485 1159 4550 S.
1185 4484 1310 4550 Cecilie
1334 4487 1441 4570 presb.
1464 4483 1565 4566 card,

241 4685 270 4746 a)
283 4684 344 4732 cod.
356 4681 474 4746 Srrplitiu.

244 4889 266 4935 l.
279 4885 400 4935 Pamilier
410 4885 442 4932 ‹le
454 4881 569 4944 l'evdque
581 4883 641 4945 (luy
652 4881 684 4930 ‹le
694 4881 822 4939 Cambrar’,
835 4879 886 4931 cite
898 4879 922 4929 le
934 4881 964 4928 24
984 4879 1121 4929 novembre
1134 4878 1196 4925 1329
1208 4875 1342 4941 (Berliere,
1357 4875 1458 4923 [terent.
1470 4873 1570 4936 auulyl.

210 4975 236 5010 n.
249 4961 300 5022 80).
314 4987 344 4998 -
357 4963 380 5007 2.
392 4957 454 5006 Voir
470 4973 495 5008 11.
510 4959 563 5006 151.
575 4985 608 4994 -
624 4957 646 5004 3.
660 4957 722 5004 Voir
733 4969 757 5005 n.
771 4959 825 5006 aab.
