3650 5675
712 522 798 595 1352,
823 521 857 585 15
876 520 1003 602 janvier.
1478 527 1540 590 607

181 676 255 739 bac.
272 674 304 737 in
320 675 434 755 theol,
461 672 648 740 Tornacen.
675 674 771 755 dioc,
798 673 840 739 de
866 673 1003 759 paroch.
1019 673 1101 738 eccl.
1117 671 1159 738 de
1182 673 1365 756 Conneliis,
1383 676 1540 743 Parisien.

180 778 277 858 dioc,
289 799 362 844 vac.
375 798 434 863 per
445 778 705 863 resignationem
717 778 843 843 factam
856 798 916 863 per
927 784 1177 862 procuratorem
1191 776 1292 843 Helie
1303 779 1346 843 de
1358 779 1508 847 Corsone
1521 794 1540 848 ¹.

225 880 313 947 Item
337 881 519 967 dignemini
546 883 721 969 providere
748 881 897 948 Antonio
914 882 1015 947 Sause
1028 895 1049 961 ²,
1066 880 1250 966 presbitero
1265 880 1480 965 Tomacensi,
1497 887 1539 951 de

184 986 377 1071 capellaniis
402 1006 494 1073 perp.
510 986 685 1073 hospitalis
709 1006 892 1073 pauperum
910 983 948 1050 B.
966 983 1015 1050 M.
1032 983 1255 1050 Tornacensis
1271 994 1306 1050 et
1321 985 1363 1051 de
1381 986 1538 1070 Hamere,

181 1088 368 1155 Tomacen.
381 1090 478 1171 dioc,
490 1110 563 1157 vac.
576 1111 635 1177 per
646 1090 906 1175 resignationem
924 1088 1047 1154 factam
1061 1109 1121 1174 per
1135 1098 1383 1174 procuratorem
1402 1091 1538 1158 Roberti

182 1192 224 1259 de
247 1193 455 1263 Bondevilla.
471 1196 541 1277 (21,
559 1194 595 1259 P.
618 1193 663 1275 II,
681 1196 748 1279 30).

226 1296 313 1363 Item
329 1298 510 1385 dignemini
526 1298 701 1386 providere
716 1298 860 1365 Nicolao
876 1297 918 1364 de
934 1296 1189 1378 Sinardimonte,
1202 1299 1386 1383 presbitero
1403 1302 1541 1367 Ambia-

182 1422 258 1469 nen.
276 1402 373 1483 dioc,
390 1403 431 1468 de
448 1404 603 1489 portione
618 1403 753 1489 paroch.
770 1402 910 1469 ecclesie
927 1400 958 1467 S.
974 1401 1157 1466 Salvatoris
1172 1399 1359 1485 Brugensis,
1387 1423 1459 1469 vac.
1483 1425 1542 1490 per

181 1506 436 1590 resignationem
462 1507 585 1573 factam
611 1527 671 1593 per
697 1514 947 1593 procuratorem
972 1525 1059 1590 mag.
1087 1504 1224 1571 Roberti
1242 1504 1384 1573 Infantis
1399 1519 1420 1590 ³,
1437 1508 1489 1573 lic.
1508 1509 1540 1573 in

179 1610 242 1694 leg.
258 1650 302 1659 —-
318 1608 395 1675 Fiat
411 1632 471 1697 pro
488 1610 642 1677 omnibus
659 1610 698 1677 R.

223 1712 302 1779 Dat.
319 1715 417 1781 Asin.
439 1718 474 1779 18
492 1714 557 1781 kal.
574 1715 654 1781 febr.
668 1722 702 1780 a⁰
721 1722 782 1781 10⁰.
800 1718 870 1799 (21,
888 1713 925 1779 P.
942 1711 988 1795 II,
1006 1715 1073 1797 30).

229 1852 547 1940 2344-2346.
579 1862 581 1866 ⁴
1185 1888 1281 1953 1552,
1300 1888 1340 1951 15
1349 1868 1494 1950 shrrvrer.

223 1970 496 2038 Permntoliones¹

225 2074 311 2141 Item
328 2098 403 2142 cum
420 2076 592 2154 Johannes
608 2076 729 2142 Reneri
746 2076 787 2143 de
805 2073 910 2161 Hoyo
919 2089 940 2157 ⁴,
957 2096 1032 2142 can.
1048 2085 1082 2140 et
1098 2076 1260 2162 plebanus
1275 2079 1415 2144 ecclesie
1431 2079 1468 2145 B.
1488 2078 1536 2146 M.

181 2178 429 2261 Namurcensis,
461 2180 619 2246 Leodien.
650 2181 737 2247 dioc.
768 2188 802 2245 et
829 2179 1005 2258 lohannes
1032 2179 1201 2246 Lamberti
1241 2180 1397 2262 Hochelr,
1428 2193 1537 2249 rector

178 2284 314 2371 paroch.
339 2285 479 2351 ecclesie
499 2285 541 2350 de
569 2283 710 2369 Cherey,
738 2285 827 2351 dicte
843 2284 940 2363 dioc,
957 2293 992 2348 et
1007 2284 1160 2349 altarium
1183 2283 1245 2350 XI.
1261 2286 1389 2350 milium
1406 2288 1486 2370 virg.
1503 2297 1537 2353 et

181 2386 217 2453 B.
236 2387 284 2454 M.
301 2390 439 2455 sitorum
457 2389 489 2453 in
503 2389 579 2455 coll.
596 2389 627 2453 S.
645 2387 872 2455 Bartholomei
900 2397 935 2453 et
958 2388 1155 2473 parrochiali
1180 2388 1211 2453 S.
1239 2388 1372 2473 Georgii
1389 2392 1537 2456 ecclesiis

178 2489 338 2559 Leodien.
362 2492 452 2559 dicta
480 2512 539 2559 sua
564 2490 728 2559 beneficia
758 2490 875 2577 [causa
900 2488 1171 2575 permutationis]
1205 2492 1413 2575 resignarint,
1441 2515 1536 2580 supp.

178 2603 269 2680 quat.
286 2596 432 2674 Johanni
451 2596 571 2661 Reneri
589 2595 630 2660 de
646 2595 782 2681 paroch.
799 2594 880 2658 eccl.
897 2593 939 2658 de
955 2591 1086 2677 Cherey
1103 2600 1137 2658 et
1159 2593 1319 2659 altaribus
1335 2602 1368 2659 et
1385 2594 1404 2674 J
1407 2597 1534 2661 ohanni

178 2698 349 2766 Lambe'rti
365 2700 524 2787 predictis
539 2699 581 2765 de
609 2718 682 2765 can.
709 2704 744 2761 et
767 2696 949 2781 plebanatu
979 2694 1115 2780 prelatis
1145 2694 1327 2778 dignemini
1351 2698 1536 2782 providere.

180 2802 251 2886 (21,
269 2803 305 2870 P.
322 2802 367 2884 Il,
386 2807 454 2890 32).

223 2952 332 3012 2345.
349 2943 446 3025 Item,
464 2965 540 3009 cum
557 2942 753 3007 Guillelnrus
769 2941 811 3006 de
828 2938 985 3006 Flandria
996 2947 1016 3020 ⁵,
1030 2940 1167 3026 scriptor
1187 2940 1402 3006 etfamiliaris
1416 2951 1536 3025 vester,

178 3069 250 3115 can.
266 3058 300 3114 et
315 3052 406 3135 preb.
434 3046 574 3114 ecclesie
602 3045 740 3126 Eduen.,
765 3065 804 3110 ac
829 3043 1000 3109 abbatiam
1028 3042 1059 3107 S.
1076 3043 1236 3129 Stephani
1260 3042 1302 3108 de
1318 3043 1439 3126 Strata,
1458 3044 1532 3131 [ac]

178 3153 352 3218 ecclesiam
376 3153 529 3239 panoch.
556 3150 598 3216 de
625 3148 814 3234 Millereyo,
840 3147 971 3213 Eduen.
995 3146 1092 3226 dioc,
1123 3167 1288 3212 annexam
1320 3148 1439 3228 eidem,
1472 3170 1536 3233 que

177 3255 312 3341 quidem
327 3257 460 3322 abbatia
477 3257 510 3320 in
526 3255 617 3320 dicta
632 3252 775 3319 ecclesia
793 3252 923 3317 Eduen.
939 3250 1085 3335 dignitas
1100 3259 1274 3336 reputatur
1289 3273 1297 3331 ;
1314 3259 1348 3315 et
1364 3250 1537 3328 lohannes

177 3359 370 3426 Laurentii⁶
385 3380 457 3426 can.
475 3368 509 3424 et
532 3361 630 3445 preb.
640 3357 779 3423 ecclesie
795 3356 827 3422 S.
842 3355 1027 3420 Audomari
1043 3354 1086 3420 de
1102 3355 1133 3419 S.
1150 3355 1353 3437 Andomaro,
1368 3354 1535 3422 Morinen.

176 3463 272 3544 dioc,
290 3485 372 3549 quos
388 3485 492 3550 nuper
508 3465 706 3528 obtinebant
722 3462 755 3525 in
771 3461 925 3525 manibus
943 3457 1040 3546 [ΚΡ.
1056 3458 1145 3524 dom.
1159 3457 1206 3533 G(
1207 3459 1371 3544 uillelmi),
1389 3461 1536 3546 episcopi

178 3566 370 3647 Lexovien,
394 3567 585 3651 recipientis
607 3565 826 3632 demandato
844 3564 882 3630 E.
899 3565 930 3629 S.
947 3562 986 3629 V.
1003 3563 1063 3628 sibi
1080 3563 1170 3628 facto
1193 3583 1290 3647 super
1313 3563 1377 3628 boc
1400 3566 1536 3630 oraculo

179 3671 253 3734 vive
279 3670 387 3756 vocIs]
418 3693 457 3734 ex
483 3691 580 3735 causa
606 3669 860 3754 permutationis
884 3689 943 3755 per
967 3689 1002 3732 se
1033 3667 1122 3752 ipsos
1148 3667 1414 3749 reSIgnaverint3
1440 3690 1534 3754 supp.

177 3785 267 3859 quat.
284 3775 464 3840 Guillelmo
491 3774 533 3840 de
558 3795 632 3839 can.
658 3783 692 3838 et
717 3776 808 3858 preb.
834 3772 975 3837 ecclesie
991 3771 1021 3836 S.
1039 3770 1231 3850 Audomari,
1248 3779 1282 3834 et
1297 3769 1445 3847 Johanni
1462 3793 1535 3857 pre·

175 3879 274 3954 xdictis
288 3880 330 3946 de
347 3899 420 3944 can.
438 3887 473 3943 et
488 3881 579 3964 preb.
608 3876 747 3958 Eduen.,
774 3898 813 3942 ac
838 3876 972 3942 abbatia
997 3884 1031 3940 et
1054 3875 1206 3960 parroclr.
1230 3874 1371 3940 ecclesia
1388 3875 1534 3960 prefatis,

178 3983 357 4068 dignemini
374 3982 557 4069 prouidere,
574 3990 638 4047 etc.
655 4023 691 4032 -
715 3980 789 4046 Fiat
803 3981 836 4046 iu
854 3980 960 4045 forma
977 3978 1017 4042 R.

220 4129 329 4190 2346.
346 4122 443 4203 Item,
469 4142 545 4189 cum
575 4122 721 4201 Jacobus
745 4121 885 4187 Comitis
896 4130 918 4201 ⁷,
945 4119 1090 4184 decanus
1106 4118 1246 4183 ecclesie
1263 4118 1293 4184 S.
1312 4117 1400 4181 Petri
1418 4116 1534 4180 Arien-

177 4227 220 4294 sis
243 4248 282 4293 ac
305 4228 496 4313 capellanus
521 4247 612 4312 perp.
638 4227 679 4292 de
704 4223 868 4304 Markete,
887 4223 1053 4287 Morinen.
1070 4231 1104 4286 et
1120 4224 1331 4285 Attrebaten.
1348 4220 1482 4297 diores..
1499 4228 1535 4284 et

176 4330 195 4408 J
198 4331 348 4397 ohannes
364 4330 512 4396 Gervasii
524 4331 544 4409 ⁸,
558 4330 740 4396 canonicus
751 4327 974 4414 prebendatus
990 4327 1128 4390 ecclesie
1142 4326 1172 4388 S.
1186 4323 1349 4401 Johannis
1363 4323 1532 4403 Leodien.,

176 4435 266 4501 dicta
292 4455 350 4499 sua
373 4434 537 4500 beneficia
565 4455 665 4500 causa
691 4430 947 4518 permutationis
973 4429 1007 4494 in
1032 4431 1185 4494 manibus
1216 4427 1397 4516 [ejusdem]
1423 4449 1532 4514 perse

178 4538 266 4625 ipsos
281 4559 361 4626 pure
378 4548 412 4604 et
428 4539 529 4603 libere
552 4538 751 4623 resignarint
769 4559 777 4614 ;
806 4553 910 4619 supp,
928 4540 1019 4617 quat.
1035 4531 1166 4610 Jacobo
1181 4533 1223 4596 de
1240 4554 1313 4597 can.
1331 4541 1364 4596 et
1381 4535 1482 4618 preb,
1499 4542 1533 4596 et

178 4640 197 4722 J
201 4643 323 4709 ohanni
340 4642 506 4728 predictis,
522 4641 564 4707 de
581 4641 745 4708 decanatu
763 4637 830 4725 [et]
859 4638 1045 4722 capellama
1068 4637 1203 4722 prelatis
1225 4636 1406 4720 dignemini
1424 4637 1534 4720 provi-

212 4884 233 4930 l.
247 4883 309 4932 Voir
321 4896 345 4931 n.
358 4883 395 4937 83,
416 4884 486 4940 1182,
501 4884 615 4931 18311-
633 4885 654 4931 2.
668 4881 729 4929 l'oir·
741 4896 765 4928 n.
780 4882 848 4928 1552.
862 4905 893 4915 -
910 4878 933 4925 3.
946 4877 1007 4924 Voir
1023 4889 1048 4922 n.
1062 4873 1147 4922 lara-
1170 4903 1175 4909 -
1193 4877 1215 4922 1.
1228 4875 1290 4921 Voir
1302 4877 1371 4923 2313,
1433 4877 1455 4921 5,
1474 4874 1535 4921 l'oir

179 4971 205 5005 n.
218 4959 272 5016 162,
285 4957 337 5016 tlt,
353 4958 405 5018 748,
419 4959 471 5016 856,
487 4957 556 5016 13511,
573 4957 640 5005 1980.
653 4983 683 4994 -
697 4958 718 5003 6.
733 4955 772 5003 CI.
791 4968 815 5002 n.
829 4954 898 5000 1822.
911 4979 942 4985 --
956 4953 977 5000 1.
993 4950 1054 4998 Voir
1071 4964 1095 4997 n.
1110 4950 1178 4996 lans.
1191 4978 1222 4984 -
1235 4952 1257 4996 8.
1275 4947 1338 4995 Vob
1352 4962 1378 4997 n.
1392 4951 1461 4996 1019.
