3650 5675
289 549 352 613 204
858 546 946 620 1345,
970 546 1003 610 12
1025 564 1116 613 mars.

288 700 554 766 nominationem
577 700 669 766 dom.
693 699 779 784 regis
802 697 954 779 Francie,
970 718 1043 764 can.
1068 699 1190 765 existat
1214 702 1274 765 sub
1298 721 1373 786 exp.
1389 703 1482 787 preb.
1497 741 1541 751 —
1564 700 1650 783 Fiat,

289 803 394 869 etiam
411 803 437 870 si
453 804 796 890 archipresbyteratus
811 804 866 867 vel
880 822 968 888 pers.
984 802 1118 869 existat.
1130 802 1171 868 R.

332 948 416 1009 825.
448 940 537 1007 Item
567 962 663 1027 supp.
695 948 786 1026 quat.
821 940 1087 1027 [consanguineo
1117 962 1175 1007 suo
1205 963 1374 1028 german0,
1391 941 1577 1009 Bertrando
1608 944 1650 1009 de

291 1043 476 1127 Rocovilla‚
493 1044 588 1131 clen]
607 1043 790 1111 Tholosan.
816 1044 914 1125 dioc,
940 1044 1082 1110 similem
1105 1045 1249 1129 gratiam
1273 1046 1381 1112 iacere
1409 1046 1592 1131 dignemini
1616 1056 1651 1113 et

287 1148 398 1214 velitis
413 1148 456 1214 ad
486 1149 595 1214 coll...
623 1148 818 1233 archiepisc.
845 1146 1119 1234 Cesaraugustan.
1134 1158 1169 1214 et
1190 1150 1261 1235 ejus
1276 1149 1411 1235 capituli
1428 1149 1651 1215 communiter

288 1254 342 1316 vel
364 1252 518 1331 divisim;
545 1273 613 1317 non
642 1254 728 1317 obst.
752 1251 843 1336 quod
866 1250 956 1316 idem
981 1250 1183 1318 Bertrandus
1206 1254 1288 1319 eccl.
1315 1253 1358 1319 de
1380 1252 1542 1319 Caussera
1556 1262 1592 1319 et
1607 1254 1650 1319 de

287 1354 400 1437 Senis,
417 1355 585 1421 Auxitane
599 1356 698 1437 dioc,
723 1356 775 1421 cui
792 1375 870 1421 cura
886 1354 1040 1420 imminet
1062 1356 1258 1438 animarum,
1278 1357 1429 1423 obtineat
1449 1365 1485 1422 et
1504 1356 1595 1442 quod
1616 1358 1649 1422 in

287 1459 369 1524 eccl.
386 1457 530 1525 Vauren.
546 1480 588 1523 ex
603 1458 712 1544 gratia
728 1458 759 1524 S.
776 1457 826 1540 V.,
843 1458 887 1523 ad
902 1459 1170 1526 nominationem
1185 1461 1266 1527 dicti
1290 1462 1380 1527 dom.
1396 1462 1482 1547 regis
1498 1461 1650 1542 Francie,

287 1582 361 1627 can.
379 1563 501 1629 existat
516 1567 577 1630 sub
593 1584 669 1650 exp.
685 1566 779 1650 preb.
794 1604 838 1613 -
853 1562 930 1628 Fiat
946 1562 987 1629 R.

332 1666 415 1732 Dat.
428 1688 481 1753 ap.
498 1666 746 1733 Villamnovam
762 1689 783 1752 4
797 1666 841 1733 id.
857 1675 952 1733 mart
969 1675 1001 1733 a⁰
1019 1675 1060 1752 3⁰.
1077 1669 1126 1751 (6,
1144 1670 1209 1743 88).
