3650 5675
285 516 342 582 120
797 517 885 593 1343,
908 518 1131 586 7141111111.

286 675 397 734 certus
412 668 650 734 canonicorum
677 687 834 734 numerus
860 677 912 736 est
929 671 1109 752 institutus,
1133 671 1318 756 dignemini
1339 673 1514 759 providere
1530 690 1539 755 ς
1555 677 1646 760 preb.

287 793 377 853 vero,
400 792 531 838 necnon
549 781 687 853 curtem,
715 773 903 854 ecclesiam,
931 774 1186 860 prestimonium
1213 796 1272 840 seu
1295 776 1521 842 obedientiam
1547 799 1647 846 cano·

287 878 370 943 uicis
385 878 468 943 ecci.
483 877 565 943 dicti
581 878 773 944 monasterii
790 879 954 945 duntaxat
977 880 1138 965 assignari
1155 889 1327 963 consueta,
1344 883 1370 948 si
1387 884 1484 948 simul
1501 890 1560 949 aut
1574 904 1647 948 suc-

287 983 414 1048 cessive
429 990 557 1047 vacant
583 989 641 1048 aut
657 1002 735 1048 cum
750 985 955 1065 vacaverint,
973 985 1174 1050 conferenda
1202 986 1322 1066 eidem,
1338 988 1562 1068 reservando;
1579 1009 1646 1053 non

287 1089 373 1152 obst.
390 1085 630 1152 consuetudine
646 1107 705 1153 seu
720 1096 860 1169 statut0,
877 1088 996 1172 quibus
1012 1089 1122 1154 caveri
1134 1089 1256 1155 dicitur
1273 1090 1405 1172 ibidem,
1422 1091 1512 1175 quod
1538 1093 1646 1157 nullus

286 1190 476 1275 hujusmodi
501 1199 640 1270 curtem,
667 1191 855 1272 ecclesiam,
876 1193 1131 1278 prestimonium
1159 1214 1217 1260 seu
1243 1194 1470 1260 obedientiam
1495 1197 1645 1262 obtinere

286 1296 407 1375 valeat,
423 1294 486 1359 nisi
503 1315 577 1360 can.
593 1293 715 1359 existat
731 1304 809 1360 actu
824 1296 1071 1381 prebendatus;
1100 1318 1158 1362 seu
1173 1298 1264 1381 quod
1285 1299 1320 1363 in
1336 1299 1417 1364 eccl.
1435 1297 1466 1366 S.
1482 1297 1502 1376 J
1505 1299 1646 1366 ohannis

287 1398 446 1465 Leodien.
463 1419 535 1464 can.
551 1405 587 1463 et
612 1402 705 1484 preb.
721 1400 869 1465 noscitur
893 1401 1055 1482 obtinere,
1083 1422 1122 1466 ac
1138 1421 1235 1487 super
1260 1423 1334 1468 can.
1351 1410 1385 1468 et
1408 1406 1500 1488 preb.
1516 1405 1597 1469 eccl.
1615 1404 1646 1468 S.

286 1503 458 1568 Adelberti
484 1510 578 1568 extra
601 1523 714 1568 muros
736 1505 921 1587 Aquenses,
949 1503 1109 1570 Leodien.
1133 1503 1231 1587 dioc,
1261 1507 1410 1572 noscitur
1440 1507 1578 1592 litigare.
1604 1547 1647 1558 -

289 1605 364 1672 Fiat
381 1605 421 1672 R.

330 1709 411 1776 Dat.
427 1730 480 1795 ap.
497 1709 745 1776 Villamnovam
762 1733 780 1778 2
796 1732 875 1779 non.
892 1721 959 1779 oct.
976 1721 1010 1778 a⁰
1027 1721 1068 1780 2⁰.
1085 1715 1131 1796 (3,
1151 1715 1255 1800 248⁰).

336 1847 454 1934 530.
1317 1885 1411 1951 1343,
1430 1885 1449 1951 7
1464 1871 1602 1936 octob're.

330 1964 430 2032 Motu
445 1965 580 2052 proprio
595 1965 809 2051 providemus
824 1966 1015 2050 Guillelmo,
1028 1967 1059 2033 S.
1074 1967 1123 2034 M.
1138 1967 1171 2034 in
1185 1968 1364 2036 Cosmedin
1381 1969 1465 2037 diac.
1476 1973 1562 2039 card.
1574 1985 1592 2056 ¹,
1603 1973 1645 2038 de

286 2091 359 2136 can.
388 2078 423 2136 et
446 2072 539 2156 preb.
564 2067 780 2135 Cameracen.
804 2091 877 2137 vac.
904 2092 964 2158 per
991 2081 1134 2138 mortem
1162 2069 1327 2150 Johannis
1350 2074 1392 2140 de
1420 2073 1604 2162 Batpalmis
1622 2090 1642 2158 ²,

285 2176 377 2260 cujus
391 2177 469 2241 ben.
496 2182 577 2240 ante
602 2174 702 2262 ipsius
725 2183 870 2240 mortem
894 2177 1076 2243 extiterunt
1100 2186 1277 2244 reservata.
1293 2219 1336 2228 —
1353 2177 1428 2246 Fiat
1452 2189 1547 2247 motu
1569 2203 1643 2268 pro-

286 2279 370 2365 pri0.
387 2277 428 2346 R.
465 2291 468 2299 ⁴

328 2382 406 2449 Dat.
422 2403 476 2470 ap.
492 2381 741 2450 Villamnovam
758 2405 837 2450 non.
854 2394 921 2452 oct.
938 2393 970 2451 a⁰
988 2393 1029 2452 2⁰.
1047 2387 1094 2471 (3,
1112 2387 1201 2473 254).
1321 2425 1323 2428 ·

334 2521 442 2608 531.
1303 2560 1397 2623 1343,
1416 2561 1455 2625 14
1473 2544 1602 2607 octobre

327 2641 428 2727 Supp.
444 2638 627 2721 johannes,
643 2643 747 2706 abbas
762 2641 794 2706 S.
811 2640 900 2706 Petri
910 2641 1005 2726 juxta
1019 2641 1218 2708 Gandavum
1233 2653 1254 2725 ³,
1272 2652 1361 2728 quat.
1378 2644 1439 2710 sibi
1463 2652 1498 2710 et
1524 2646 1645 2712 dilecte

283 2765 341 2810 sue
356 2743 454 2812 matri
472 2739 662 2829 Margarete
677 2744 719 2810 de
736 2743 852 2810 Puttin
864 2746 1047 2831 dignemini
1072 2746 1241 2832 indulgere
1261 2746 1380 2834 [absol.
1398 2747 1431 2811 in
1448 2756 1510 2814 art.
1526 2748 1641 2835 mort]

326 2844 517 3019 Issztdlirin.
533 2952 639 3039 pridie
655 2953 699 3019 id.
716 2961 782 3020 oct.
799 2962 832 3020 a⁰
850 2962 892 3020 2⁰.
909 2955 958 3039 (3,
977 2975 1014 3039 25
1041 2956 1066 3040 ).

334 3090 580 3176 532-548.
1294 3128 1387 3192 1343,
1405 3129 1444 3192 14
1462 3111 1598 3173 octobre.

327 3208 428 3295 Supp.
454 3208 628 3296 Philippus
653 3209 695 3275 de
719 3210 873 3292 Arbosi0,
899 3210 1046 3277 decanus
1069 3210 1247 3296 Brugensis
1271 3225 1290 3293 ⁴,
1315 3212 1450 3277 nuntius
1479 3234 1520 3277 ex
1547 3218 1643 3298 parte

284 3312 545 3399 Flamingorum,
573 3323 668 3379 extra
693 3312 885 3380 Flandriam
911 3324 1049 3401 propter
1064 3335 1179 3381 eorum
1196 3316 1391 3382 fidelitatem
1419 3316 1644 3397 existentium,

285 3417 328 3483 ad
344 3414 384 3482 V.
401 3416 433 3482 S.
449 3418 652 3503 presentiam
676 3417 871 3499 destinatus,
888 3426 979 3503 quat.
995 3418 1086 3484 fratri
1111 3440 1172 3484 suo
1186 3440 1355 3505 germano,
1371 3440 1460 3505 mag.
1488 3420 1589 3485 Petro
1604 3419 1646 3485 de

283 3521 437 3612 Arbosi0,
462 3523 550 3602 cler,
577 3520 619 3586 de
643 3524 719 3587 ben.
744 3522 826 3587 eccl.
854 3542 883 3587 c.
900 3542 928 3587 c.
945 3524 999 3587 vel
1023 3542 1048 3587 s.
1075 3543 1114 3603 c.,
1142 3532 1316 3609 spectante
1343 3524 1567 3590 communiter
1592 3524 1646 3588 vel

283 3624 416 3690 divisim
440 3624 483 3691 ad
517 3626 614 3691 coll...
642 3625 753 3710 episc,
778 3624 850 3691 dec.
875 3634 910 3690 et
939 3646 1009 3712 cap.
1036 3625 1187 3709 Trecen,
1215 3629 1439 3713 cujuscunque
1465 3626 1647 3693 taxationis

283 3727 414 3793 decime
429 3726 556 3794 dictum
573 3731 649 3794 ben.
670 3728 801 3809 existat,
818 3728 910 3795 dicto
928 3728 1029 3794 Petro
1049 3728 1231 3814 dignemini
1247 3730 1423 3817 providere
1439 3754 1447 3811 ;
1472 3752 1540 3796 non
1560 3733 1644 3796 obst.

283 3832 374 3916 quod
396 3850 469 3898 can.
487 3842 523 3898 et
538 3835 630 3919 preb.
646 3832 736 3899 dicte
752 3834 833 3898 eccl.
850 3833 1002 3915 Trecen,
1018 3834 1060 3900 de
1076 3853 1141 3919 qua
1156 3832 1213 3898 diu
1239 3842 1290 3899 est
1315 3834 1459 3919 litigavit
1475 3842 1509 3899 et
1536 3833 1646 3899 adhuc

283 3935 402 4021 litigat,
418 3938 567 4003 noscitur
581 3936 743 4003 obtinere.
758 3978 802 3985 —
818 3936 894 4003 Fiat
909 3959 1013 4023 usque
1030 3938 1073 4004 ad
1090 3956 1130 4023 70
1147 3938 1202 4002 lib.
1219 3960 1248 4005 c.
1264 3959 1303 4020 c.,
1322 3958 1362 4023 50
1378 3959 1403 4004 s.
1420 3959 1449 4004 c.
1467 3936 1506 4003 R.

328 4079 410 4141 533.
427 4072 515 4138 Item
542 4075 650 4160 suppl.
666 4083 757 4157 quat.
775 4074 913 4158 Hugoni
929 4074 971 4140 de
987 4074 1139 4155 Arbosi0,
1157 4074 1406 4159 consanguineo
1432 4094 1502 4155 suo,
1518 4076 1645 4141 nullum

282 4180 360 4244 ben.
377 4179 459 4245 eccl.
476 4178 652 4258 obtinenti,
668 4178 710 4244 de
725 4181 802 4244 ben.
831 4200 888 4244 seu
913 4178 971 4245 off.
987 4200 1013 4245 s.
1029 4200 1068 4261 c.,
1096 4179 1395 4260 administratione,
1412 4182 1466 4245 vel
1491 4180 1646 4245 matricu-

283 4281 363 4347 laria
378 4302 436 4348 seu
462 4282 613 4347 custodia
634 4284 689 4346 vel
715 4282 904 4368 leprosaria,
921 4291 1095 4369 spectante
1120 4282 1344 4349 communiter
1375 4284 1428 4347 vel
1444 4281 1577 4349 divisim
1602 4283 1644 4349 ad

283 4386 381 4451 coll...
398 4394 473 4465 etc,
490 4393 666 4471 utsupra...
683 4386 795 4470 episc,
812 4383 884 4451 dec.
899 4393 933 4451 et
946 4407 1018 4472 cap.
1044 4384 1184 4468 Eduen,
1201 4385 1383 4471 dignemini
1400 4385 1586 4473 providere.
1604 4426 1647 4435 —

285 4486 362 4553 Fiat
377 4509 481 4572 usque
497 4488 540 4554 ad
556 4510 597 4573 40
613 4488 659 4554 lib
674 4488 725 4555 R..

327 4628 412 4694 534.
437 4625 524 4691 Item
540 4646 636 4713 supp.
653 4625 814 4694 Nicolaus
830 4626 1008 4694 Guiduchii
1025 4636 1044 4710 ⁵,
1061 4628 1198 4693 nuntius
1214 4636 1251 4693 ut
1267 4647 1376 4713 supra,
1393 4633 1482 4710 quat.
1499 4622 1518 4703 J
1522 4625 1644 4691 obanni

318 4830 339 4879 1,
352 4826 500 4876 Guillaume
510 4826 543 4874 de
555 4824 580 4874 la
591 4825 679 4888 Jugee,
693 4841 776 4875 neveu
787 4827 823 4875 du
836 4827 911 4890 Pape.
924 4828 1135 4877 110111121ομ-
1152 4830 1175 4877 2.
1187 4828 1250 4875 Voir
1261 4842 1286 4877 n.
1298 4830 1353 4877 510.
1372 4854 1403 4861 —-
1421 4826 1444 4874 3.
1462 4824 1527 4874 Jenn
1544 4826 1576 4873 do
1593 4826 1646 4873 Pit·

285 4903 362 4959 them,
382 4900 455 4959 abbe,
470 4898 878 4962 133749fevrier1375((r'a11.
891 4902 986 4961 cleriei,
1000 4902 1029 4962 V,
1042 4903 1089 4950 203
1102 4916 1108 4959 ;
1126 4902 1183 4949 Van
1202 4901 1324 4959 Lakmon,
1347 4900 1452 4949 (burton
1471 4898 1502 4946 da
1514 4898 1647 4947 St-Piarve

283 4978 300 5025 ὰ
316 4974 398 5034 Gurtd,
412 4976 446 5036 11,
466 4990 508 5037 pp.
521 4974 667 5035 LIX-LX).
679 5003 711 5009 -
723 4977 745 5023 1.
758 4976 819 5023 Voir
836 4990 861 5023 n.
874 4978 929 5025 185.
940 5004 973 5011 —-
984 4980 1006 5025 b.
1022 4975 1129 5038 Denifle,
1146 4974 1269 5035 6111111111,
1285 4976 1318 5034 11,
1337 4976 1392 5024 628.
