3650 5675
279 479 340 542 aco
825 475 912 549 1848,
938 475 1004 538 rer-o
1023 473 1098 555 jun

277 630 379 718 ipsius
394 633 534 699 ecclesie
548 618 696 713 rectoris,
714 630 820 716 quiin
837 629 936 696 Rom.
954 629 1043 695 curia
1070 649 1176 716 nuper
1198 629 1288 695 diem
1304 631 1422 696 clausit
1437 639 1636 716 extremum,

276 736 458 823 dignemini
473 736 669 822 providere;
686 756 755 802 non
773 738 859 801 obst.
876 733 965 818 quod
987 734 1020 797 in
1039 731 1178 800 Remen.
1194 741 1229 799 et
1244 731 1459 802 Xanctonen.
1487 737 1637 803 ecclesiis

277 841 495 907 canonicatus
510 847 545 906 et
560 841 748 926 prebendas
770 859 811 906 ac
833 859 926 924 perp.
954 838 1116 923 capellan.
1141 837 1253 904 altaris
1280 837 1317 905 B.
1334 838 1498 917 Johannis
1523 841 1577 907 siti
1601 841 1634 908 in

277 947 359 1011 eccl.
375 945 418 1010 de
433 946 562 1026 Alosto,
580 945 793 1011 Cameracen.
809 943 907 1021 dioc,
924 941 1072 1008 noscitur
1093 941 1254 1008 obtinere.
1276 979 1308 991 -
1330 943 1405 1010 Fiat
1421 943 1461 1009 R.

321 1048 399 1115 Dat.
415 1050 515 1115 Avin.
531 1049 598 1116 kal.
611 1050 694 1135 junii
710 1057 743 1114 a⁰
760 1055 802 1133 7⁰.
819 1049 893 1131 (30,
911 1046 945 1111 P.
964 1045 1008 1126 ΙΙ,
1034 1047 1083 1130 9⁰)

336 1189 1429 1282 1353.15,18,
1448 1205 1489 1262 1⁰⁰
1497 1201 1585 1280 juia.

319 1307 420 1394 Supp.
437 1305 610 1386 Johannes
633 1306 676 1371 de
691 1304 834 1384 Ameli0,
862 1303 940 1369 cler.
967 1322 1100 1368 camere
1126 1310 1236 1367 vestre
1252 1313 1270 1382 ¹,
1299 1310 1389 1386 quat.
1409 1301 1572 1388 [Arnaldo
1593 1303 1635 1369 de

275 1412 418 1493 Amelio,
434 1431 593 1496 germano
609 1407 697 1496 suo],
724 1407 767 1474 de
794 1427 866 1474 can.
897 1415 933 1472 et
959 1409 1050 1493 preb.
1068 1406 1243 1490 collegiata
1259 1407 1340 1472 eccl.
1357 1405 1388 1472 S.
1405 1405 1634 1474 Bartholomei

275 1511 445 1598 Leodien.,
461 1537 534 1582 vac.
551 1515 584 1580 in
602 1513 701 1580 Rom.
717 1512 807 1579 curia
823 1532 883 1597 per
905 1513 959 1577 ob.
991 1509 1150 1576 Bemardi
1177 1510 1218 1575 de
1250 1509 1412 1576 Viridario
1426 1523 1447 1592 ²,
1464 1512 1633 1596 quondam

274 1621 426 1687 canonici
442 1620 532 1686 dicte
549 1621 641 1701 eccl,
658 1619 713 1703 qui
731 1617 870 1682 indicta
897 1615 988 1681 curia
1020 1615 1112 1696 obiit,
1129 1614 1311 1700 dignemini
1335 1615 1510 1700 providere
1529 1639 1537 1698 ;
1564 1637 1633 1682 non

273 1727 359 1790 obst.
383 1725 473 1810 quod
489 1724 641 1810 parroch.
661 1723 742 1788 eccl.
758 1722 801 1788 de
817 1719 1023 1801 Cassanolio,
1039 1719 1123 1786 dioc.
1140 1721 1326 1804 Agennen,
1343 1739 1383 1785 ac
1399 1741 1474 1786 can.
1490 1729 1525 1786 et
1541 1723 1632 1808 preb.

273 1828 450 1895 Belvacen.
471 1827 538 1915 [et]
557 1826 766 1892 Suessionen.
783 1824 933 1890 noscitur
948 1823 1110 1890 obtinere.
1125 1865 1168 1874 —-
1186 1823 1261 1890 Fiat
1278 1823 1318 1890 R.

318 1933 396 1999 Dat.
411 1934 511 1998 Avin.
526 1932 594 1998 kal.
607 1931 690 2017 junii
706 1938 738 1995 a⁰
755 1938 797 2013 7⁰.
815 1935 889 2009 (30,
906 1928 943 1995 Ρ.
961 1928 1006 2009 ΙΙ,
1027 1931 1095 2013 17⁰)

331 2071 471 2156 1354·
1338 2082 1432 2164 1348,
1450 2087 1492 2144 ,u
1501 2080 1588 2162 juin.

319 2189 420 2274 Supp.
438 2187 659 2272 Engelbertus
674 2184 717 2250 de
732 2185 865 2264 Altena,
893 2183 971 2248 cler.
988 2182 1161 2249 Colonieu.
1177 2183 1273 2264 dioc,
1301 2185 1356 2268 qui
1373 2183 1416 2249 de
1441 2184 1630 2270 progenie...

278 2291 480 2376 Engelberti,
498 2289 645 2376 episcopi
662 2287 834 2369 Leodien.,
850 2287 952 2353 traxit
968 2287 1140 2372 originem,
1147 2296 1238 2372 quat.
1252 2289 1313 2354 sibi
1328 2287 1370 2354 de
1386 2289 1467 2354 eccl.
1479 2289 1630 2375 parroch.

275 2396 318 2462 de
333 2393 409 2478 Lar,
426 2394 586 2462 Leodien.
602 2393 699 2475 dioc,
715 2412 789 2458 vac.
816 2392 850 2456 in
876 2391 966 2457 curia
984 2391 1082 2458 Rom.
1108 2413 1168 2478 per
1194 2395 1247 2458 ob.
1264 2391 1432 2477 quondam
1448 2391 1468 2470 J
1471 2394 1565 2459 acobi
1588 2393 1631 2460 de

276 2501 466 2585 Quarmeal,
482 2499 630 2585 ejusdem
646 2499 728 2564 eccl.
740 2496 878 2564 rectoris
901 2496 981 2561 dum
998 2496 1144 2578 vivebat,
1161 2497 1216 2581 qui
1232 2517 1338 2584 nuper
1358 2497 1391 2561 in
1407 2497 1524 2563 eadem
1540 2498 1631 2565 curia
1753 2489 1757 2496 ’

273 2604 362 2671 diem
379 2605 496 2671 clausit
511 2611 762 2685 evtremum,...³
776 2601 958 2687 dignemini
975 2601 1170 2687 providere;
1195 2623 1271 2668 cum
1287 2601 1369 2688 ipso,
1385 2603 1476 2686 quod
1498 2603 1631 2670 defectu

272 2710 374 2775 etatis
388 2731 488 2795 quem
504 2709 628 2795 patitur
643 2708 677 2773 in
704 2715 758 2773 22⁰
773 2708 829 2772 vel
844 2706 932 2772 circa
959 2727 1017 2770 sue
1044 2707 1144 2772 etatis
1167 2727 1258 2773 anno
1274 2707 1484 2789 constitutus,
1500 2717 1535 2774 et
1551 2729 1630 2793 qua-

273 2835 416 2900 cumque
441 2813 682 2881 coustitutione
708 2811 873 2879 contraria
899 2831 1114 2897 nequaquam
1142 2815 1237 2894 obst,
1262 2811 1388 2879 dictam
1416 2814 1497 2881 eccl.
1527 2814 1630 2880 libere

272 2918 419 3004 recipere
435 2927 468 2983 et
484 2917 575 2984 licite
590 2918 732 2983 retinere
748 2918 868 2998 valeat,
878 2914 922 2981 de
937 2916 1097 2983 uberioris
1111 2915 1202 2983 dono
1217 2918 1321 3002 gratie
1337 2918 1575 3005 dispensantes
1587 2960 1631 2969 —

273 3021 350 3089 Fiat
366 3022 406 3088 R.

316 3126 396 3193 Dat.
411 3127 511 3191 Avin.
527 3125 592 3193 kal.
605 3126 687 3212 Junii
705 3134 737 3191 a⁰
754 3132 795 3209 7⁰.
814 3126 888 3211 (30,
905 3123 942 3191 Ρ.
960 3123 1005 3206 ΙΙ,
1024 3144 1040 3209 3
1065 3124 1091 3209 ).

327 3264 464 3348 1355.
914 3304 916 3309 ·
1337 3282 1431 3363 1348,
1448 3286 1490 3345 1⁰⁰
1498 3280 1586 3361 juin.

315 3385 437 3470 Supp...
455 3381 525 3449 Leo
548 3383 590 3449 de
614 3382 772 3468 Neapoli,
794 3383 940 3448 servieus
955 3402 1123 3449 armorum
1139 3382 1227 3465 S.V.,
1244 3391 1334 3468 quat.
1354 3384 1523 3471 [carisimo
1539 3384 1628 3452 fratri

271 3488 403 3567 Jacobo
418 3486 587 3573 quondam
603 3508 691 3571 mag.
708 3485 866 3552 Martucii
884 3485 989 3552 Medii
1006 3486 1135 3572 capitiS,
1152 3488 1228 3553 cler.
1246 3486 1484 3574 Neapolitano,
1500 3488 1543 3555 de
1553 3509 1629 3555 can.

272 3600 307 3658 et
321 3594 414 3678 preb.
430 3593 512 3657 eccl.
528 3590 571 3655 de
588 3589 725 3657 Incourt
736 3598 759 3670 ⁰,
777 3589 936 3656 Leodien.
953 3590 1050 3672 dioc,
1066 3611 1140 3656 vac.
1156 3612 1216 3676 per
1230 3600 1374 3658 mortem
1391 3592 1530 3659 Gerardi
1546 3594 1627 3660 dicti

271 3697 313 3762 de
328 3698 412 3762 Aras
427 3694 622 3761 leodiensis
637 3707 657 3769 ⁴,
673 3693 856 3779 dignemini
873 3695 1048 3781 providere
1064 3718 1072 3775 ;
1089 3716 1157 3762 nou
1174 3698 1259 3762 obst.
1282 3698 1374 3781 quod
1397 3718 1469 3764 cau.
1486 3706 1521 3763 et
1535 3700 1627 3784 preb.

271 3802 352 3866 eccl.
366 3799 397 3867 S.
410 3799 530 3884 Angeli
546 3799 589 3864 de
605 3797 775 3884 Octayn0,
787 3797 921 3864 Nolane
933 3798 1030 3878 dioc,
1044 3807 1078 3864 et
1087 3799 1252 3866 decimam
1267 3802 1431 3867 bonorum
1448 3801 1627 3868 feudalium

271 3906 304 3969 in
321 3904 400 3969 villa
416 3903 562 3984 Casorie,
579 3907 740 3968 Aversan.
763 3902 860 3982 dioc,
885 3903 1033 3968 noscitur
1055 3904 1216 3985 obtinere,
1240 3926 1298 3970 seu
1314 3906 1403 3989 quod
1418 3908 1495 3972 ben.
1512 3906 1545 3971 in
1561 3906 1626 3972 civ.

271 4009 325 4073 vel
340 4008 426 4074 dioc.
442 4010 602 4074 Aversan.
625 4007 773 4073 noscitur
788 4015 976 4092 expectare.
999 4044 1030 4055 -
1049 4005 1126 4072 Fiat
1137 4006 1177 4074 R.

314 4111 392 4178 Dat.
409 4113 508 4177 Avin.
524 4111 589 4177 kal.
604 4111 686 4197 junii
702 4118 735 4176 a⁰
751 4119 793 4194 7⁰.
813 4113 883 4195 (15,
901 4131 919 4191 9
924 4112 984 4191 3⁰).

324 4247 1447 4346 1356.1348,
1464 4263 1485 4327 6
1494 4262 1581 4344 juin.

313 4368 414 4453 Supp.
432 4366 544 4451 Hug0,
560 4366 612 4432 tit.
628 4366 659 4431 S.
676 4364 845 4431 Laurentii
862 4365 895 4429 in
912 4365 1061 4431 Damaso
1076 4367 1184 4450 presb.
1202 4366 1302 4447 card,
1318 4374 1411 4450 quat.
1433 4366 1625 4452 [capellano

269 4491 361 4537 suo...
375 4469 561 4555 Bemardo]
579 4469 621 4535 de
635 4468 793 4534 Nexonio
805 4479 824 4550 ⁵,
835 4469 877 4534 de
888 4468 1039 4555 parroch.
1052 4469 1133 4534 eccl.
1144 4469 1175 4533 S.
1189 4469 1322 4534 Andree
1334 4470 1376 4535 de
1394 4468 1625 4551 Monteniaco,

300 4634 329 4695 a)
345 4632 402 4683 tud.
415 4634 523 4681 Oucom:

300 4787 321 4832 l.
335 4784 396 4830 Voir
418 4782 522 4840 Donido,
545 4779 668 4837 (ltartul,
689 4781 723 4839 Il,
745 4782 798 4840 423,
818 4784 884 4839 1311,
905 4782 1085 4843 Baunrgnvlon,
1104 4782 1208 4843 (batem,
1228 4783 1330 4841 CLVII,
1353 4783 1453 4832 CClllI
1465 4784 1580 4834 estable.
1594 4813 1626 4822 -

265 4860 287 4906 2.
301 4858 335 4905 Oe
348 4856 461 4905 lleruard
472 4857 541 4903 avait
554 4853 681 4916 remplacd
692 4868 790 4902 comme
802 4855 875 4904 clrun.
887 4856 920 4902 do
933 4855 1134 4917 81-1111611161611111
1147 4858 1265 4917 Ayrneric
1276 4856 1308 4905 (16
1320 4857 1421 4905 Amelio
1432 4858 1508 4919 (Voir
1519 4872 1544 4907 n.
1556 4860 1604 4906 558
1618 4874 1624 4917 ;

265 4931 364 4991 Kivsulr,
378 4928 452 4989 Koll,
467 4932 532 4989 270.)
544 4954 576 4964 -
588 4931 610 4975 3.
625 4929 804 4979 voirn.1334.
819 4958 847 4965 -
859 4932 881 4979 4.
895 4930 956 4979 Voir
968 4945 992 4978 n.
1007 4931 1074 4989 1361,
1091 4932 1159 4979 1373.
1174 4960 1202 4967 -
1216 4934 1238 4983 .”1,
1251 4930 1313 4978 l'oir
1325 4946 1349 4981 u.
1363 4934 1400 4992 12,
1414 4934 1448 4993 19,
1464 4934 1533 4983 llll.
