3650 5675
688 505 774 581 1352,
800 505 863 570 6-11
886 506 1014 574 octobre
1446 560 1451 569 ·
1474 517 1536 584 641

177 652 300 740 [quat]
318 653 432 741 Sigero
447 654 489 720 de
506 676 578 723 can
595 663 629 721 et
644 658 737 742 preb.
753 662 788 720 et
802 654 821 733 J
825 655 949 721 ohanni
975 658 1134 745 predictis
1160 662 1203 728 de
1228 663 1373 731 rectoria
1399 666 1535 733 alterius
1570 714 1576 719 -

173 759 361 929 pairarpizseu
392 760 556 846 portionis
582 769 617 827 et
640 760 836 848 capellaniis
859 762 995 847 prefatis
1019 764 1197 887 providere
1227 766 1456 857 [dignemini].
1488 810 1533 822 -

218 966 298 1033 Dat.
313 967 413 1034 Avin.
431 988 448 1033 2
464 936 543 1034 non.
560 975 627 1035 oct.
643 975 676 1033 a⁰
696 976 756 1033 11⁰.
770 968 853 1053 (22,
876 969 963 1053 129).

224 1102 534 1191 2482-2483.
711 1110 713 1115 ’
1198 1143 1294 1208 1352,
1310 1126 1330 1190 6
1346 1128 1485 1195 octobre.

216 1221 360 1288 Rutulus
376 1225 664 1305 confirmationum
681 1226 875 1290 auctoritate
890 1228 1073 1292 ordmeria.

216 1324 278 1390 B¹⁰⁰
294 1324 402 1393 Pater.
419 1328 582 1413 Dignetur
598 1330 629 1393 S.
646 1328 686 1395 V.
703 1330 899 1397 collationes
916 1329 1170 1416 infrascriptae...
1187 1334 1417 1403 confirmare...

216 1428 302 1495 Item
319 1430 394 1496 coll.
412 1431 534 1497 factam
549 1432 569 1509 J
573 1432 696 1499 ohanni
712 1433 754 1499 de
777 1432 997 1519 Ongheleghe
1011 1434 1054 1500 de
1077 1437 1194 1522 capell.
1221 1438 1402 1525 episcopali
1425 1460 1526 1524 quam

172 1533 345 1600 obtinebat
360 1536 393 1600 in
410 1536 491 1603 eccl.
508 1536 667 1603 Leodien.
681 1546 715 1603 et
728 1536 876 1603 Gerardo
888 1536 999 1603 Brune
1008 1538 1050 1604 de
1060 1541 1213 1624 panoch.
1229 1542 1366 1608 ecclde
1379 1542 1527 1625 Zelhem,

173 1634 331 1703 Leodien.
347 1638 444 1720 dioc,
459 1660 532 1707 vac.
548 1661 608 1726 per
622 1640 883 1725 resignationem
908 1661 1008 1707 causa
1031 1643 1287 1728 permutationis
1314 1646 1346 1710 in
1372 1648 1527 1713 manibus

173 1741 327 1807 ordinarii
344 1742 480 1811 factam.
498 1746 575 1828 (22,
597 1747 683 1831 131).

216 1880 323 1945 2483.
341 1879 428 1946 Item
445 1881 519 1947 coll.
536 1872 661 1948 factam
674 1882 779 1948 Petro
793 1881 835 1947 de
848 1880 1008 1966 Clarques
1023 1882 1066 1947 de
1081 1884 1234 1969 parroch.
1247 1886 1328 1951 eccl.
1344 1883 1387 1950 de
1403 1883 1529 1951 Metro-

172 2004 241 2065 ner,
259 1982 427 2051 Morinen.
443 1986 540 2067 dioc,
557 2007 629 2053 vac.
645 2007 705 2072 per
719 1988 857 2052 liberam
871 1985 1131 2071 resignationem
1159 2007 1258 2052 causa
1273 1988 1529 2073 permutationis

172 2088 294 2155 iactam
319 2110 378 2175 per
402 2089 595 2167 Johannem
623 2091 665 2157 de
689 2090 883 2172 Werdreka,
898 2098 1065 2156 rectorem
1087 2090 1174 2155 illius
1189 2092 1339 2174 ecclesie,
1356 2113 1433 2158 cum
1456 2093 1529 2178 ipso

173 2190 272 2257 Petro
295 2193 329 2257 in
345 2194 497 2259 manibus
513 2194 669 2260 ordinarii
686 2202 762 2261 cuin
774 2195 921 2280 quodam
936 2197 1014 2260 ben.
1030 2195 1112 2259 eccl.
1132 2195 1313 2279 vulgariter
1334 2204 1529 2281 nuncupato

172 2297 203 2359 lo
227 2296 327 2363 Cloke
348 2297 382 2362 in
399 2301 481 2365 eccl.
497 2299 529 2365 S.
546 2299 635 2364 Petri
651 2298 861 2381 Casletensis,
878 2298 969 2384 quod
984 2297 1074 2363 idem
1090 2297 1207 2363 Petrus
1229 2298 1320 2385 prius
1343 2300 1529 2365 obtinebat.

171 2444 214 2452 -
230 2402 307 2468 Fiat
324 2402 364 2469 R.
1414 2404 1417 2409 ’

215 2506 292 2573 Dat.
307 2509 408 2574 Avin.
427 2529 444 2573 2
461 2528 540 2574 non.
557 2517 623 2574 oct.
641 2516 674 2575 a⁰
695 2514 755 2573 11⁰.
773 2509 849 2593 (22,
870 2510 967 2591 135⁰).

222 2645 374 2727 2484.
1200 2675 1295 2739 1352,
1313 2674 1332 2738 7
1348 2657 1486 2721 octobre.

214 2762 315 2849 Supp.
333 2763 580 2850 B(ertrandus),
597 2762 808 2828 Lomberien.
824 2761 936 2848 episc,
954 2761 994 2826 E.
1010 2761 1042 2827 S.
1058 2760 1302 2842 thesaurarius,
1319 2766 1411 2845 quat.
1428 2759 1528 2825 servi-

171 2867 233 2932 tori
251 2889 311 2934 suo
326 2867 475 2946 Johanni
502 2867 667 2946 Johannis
681 2867 723 2933 de
744 2866 861 2931 Huten
878 2876 896 2947 ¹,
913 2867 991 2931 cler.
1017 2865 1177 2931 Leodien.
1204 2863 1301 2945 dioc,
1328 2864 1371 2929 de
1394 2884 1467 2929 can.
1489 2873 1524 2929 et

171 2973 262 3054 preb.
277 2972 469 3037 monasterii
480 2972 513 3035 in
529 2969 705 3051 Munuelt,
717 2970 803 3036 dioc.
819 2969 1009 3049 Treveren,
1025 2989 1099 3034 vac.
1115 2988 1174 3053 per
1186 2969 1239 3032 ob.
1252 2967 1272 3044 J
1275 2967 1416 3034 ohannis
1426 2968 1446 3045 J
1450 2989 1527 3034 aco·

171 3075 219 3139 lot
235 3085 256 3152 ⁰,
273 3073 374 3159 ipsius
389 3074 582 3140 monasterii
599 3095 672 3139 can.
688 3075 790 3159 preb,
807 3072 862 3157 qui
879 3072 912 3137 in
930 3073 1019 3138 curia
1046 3072 1145 3158 Rom.
1172 3072 1263 3138 diem
1287 3071 1406 3138 clausit
1419 3080 1528 3137 extre-

171 3197 273 3257 mum,
290 3177 471 3262 dignemini
491 3176 711 3264 [providere].
727 3218 770 3226 -
787 3175 863 3241 Fiat
880 3174 921 3242 R.

173 3313 177 3322 ·
214 3279 290 3344 Dat.
306 3281 406 3346 Avin.
422 3301 502 3346 non.
519 3289 586 3347 oct.
602 3288 635 3346 a⁰
656 3287 715 3346 11⁰.
733 3282 808 3365 (22,
830 3279 917 3365 144).

222 3413 371 3498 2485.
1197 3446 1292 3511 1352,
1310 3447 1329 3512 7
1345 3431 1483 3494 octobre.

213 3531 314 3617 Supp.
329 3531 504 3610 Johannes
519 3533 561 3599 de
578 3533 853 3618 Champanhaco,
877 3533 959 3598 alias
973 3531 1015 3596 de
1032 3530 1297 3617 Curamontayo,
1321 3540 1420 3598 natus
1436 3532 1526 3598 Petri

169 3635 211 3700 de
227 3633 477 3722 Campanhaco,
494 3644 586 3721 quat.
603 3637 664 3702 sibi
680 3636 722 3702 de
747 3656 820 3701 can.
847 3643 883 3701 et
909 3638 1002 3720 preb.
1018 3635 1158 3700 ecclesie
1185 3635 1217 3698 S.
1244 3633 1337 3699 Pauli
1354 3621 1526 3714 Leodien.,

170 3759 242 3805 vac.
258 3761 317 3825 per
333 3743 387 3806 ob.
403 3741 573 3826 quondam
590 3740 731 3806 Henrici
754 3739 834 3805 dicti
860 3739 970 3824 Beyer
992 3739 1035 3803 dc
1050 3737 1218 3824 Bopardia
1232 3753 1254 3819 ³,
1271 3737 1372 3823 ipsius
1388 3738 1527 3802 ecclesie

170 3845 332 3924 canonici,
348 3845 404 3929 qui
419 3865 526 3931 nuper
541 3853 636 3910 extra
654 3845 750 3910 Rom.
767 3844 892 3910 curiam
908 3844 1062 3923 decessit,
1078 3852 1113 3908 et
1128 3855 1208 3908 ante
1224 3842 1294 3926 ejus
1309 3843 1363 3906 ob.
1378 3860 1526 3906 reserva-

168 3947 221 4029 tie,
237 3947 419 4033 dignemini
436 3948 611 4034 providere
628 3972 636 4029 ;
652 3970 722 4014 non
739 3951 824 4015 obst.
841 3949 933 4034 quod
960 3948 1069 4013 eidem
1094 3945 1114 4024 J
1117 3945 1242 4012 ohanni
1256 3964 1363 4030 nuper
1385 3945 1427 4011 de
1450 3964 1525 4010 can.

169 4061 203 4116 et
218 4054 310 4137 preb.
326 4054 466 4119 ecclesie
481 4053 650 4119 Turonen.
666 4061 747 4118 tunc
763 4073 838 4118 vac.
853 4055 999 4137 gratiose
1014 4049 1226 4137 providistis3
1243 4069 1384 4133 quorum
1396 4068 1526 4134 posses-

169 4155 298 4220 sionem
314 4156 464 4221 nondum
480 4163 532 4221 est
547 4164 726 4236 assecutus,
742 4163 778 4221 et
793 4156 913 4221 ceteris
928 4175 997 4220 non
1014 4157 1121 4224 obst...
1136 4195 1180 4202 -
1196 4151 1273 4218 Fiat
1290 4151 1330 4217 R.

213 4257 292 4322 Dat.
308 4258 407 4323 Avin.
424 4279 503 4324 non.
520 4267 586 4324 oct.
604 4265 637 4323 a⁰
657 4266 718 4325 11⁰.
735 4259 813 4344 (22,
833 4259 920 4343 147).

220 4393 367 4476 2486.
1170 4422 1266 4487 1352,
1283 4423 1324 4467 11
1341 4405 1481 4485 octobre.

212 4512 314 4599 Supp.
330 4511 432 4577 frater
445 4510 466 4588 J
469 4509 629 4590 ohannes,
645 4509 698 4574 tit.
714 4509 746 4575 S.
762 4509 884 4575 Sabine
900 4511 1008 4594 presb.
1024 4507 1228 4589 cardinalis⁴,
1237 4516 1330 4592 quat.
1343 4505 1420 4592 [suo
1432 4505 1528 4571 fami-

168 4615 239 4681 liari
271 4625 306 4682 et
329 4614 528 4681 buticulario
553 4613 742 4680 Raimundo
765 4613 808 4679 de
836 4613 957 4694 Fonte,
984 4611 1184 4698 presbitero]
1213 4611 1300 4678 dion.
1326 4610 1528 4689 Ruthenen,

202 4882 224 4928 1.
236 4877 336 4937 Kirech,
349 4879 425 4938 Kott,
439 4882 493 4929 193.
509 4907 538 4916 -
550 4882 572 4928 2.
586 4879 625 4928 Ib.
636 4907 668 4914 —
681 4881 703 4928 3.
715 4879 777 4927 Voir
789 4893 814 4926 n.
828 4879 874 4926 136
887 4895 892 4936 3
906 4877 1007 4938 Kirsch,
1019 4876 1096 4937 Kott,
1110 4878 1208 4926 191-
1225 4877 1247 4925 4.
1259 4876 1325 4924 Jean
1336 4873 1367 4923 de
1379 4874 1531 4936 Molendino,

174 4954 265 5002 ancien
277 4951 381 5014 general
391 4954 435 5002 des
448 4955 629 5002 Dominicains.
