3650 5675
751 543 838 615 1345.
861 543 881 606 4
903 561 991 607 mars.
1494 544 1550 609 201

190 717 288 783 pers,
314 698 368 761 vel
385 696 441 762 off.
457 696 605 761 existant
625 703 660 761 et
682 716 796 761 curam
816 696 1003 762 animarum
1025 697 1184 779 habeant,
1201 719 1277 764 cum
1293 719 1333 764 ea
1348 698 1552 782 integritate,

190 820 295 884 usque
304 800 349 866 ad
357 800 569 881 decennium,
582 798 683 865 libere
699 799 871 886 percipere
887 801 1034 879 valeant,
1047 801 1250 885 quotidianis
1265 801 1553 867 distributionibus

190 903 365 969 dumtaxat
389 903 550 990 exceptis,
574 924 650 969 curn
677 924 742 988 qua
766 904 841 970 illos
865 904 1085 991 perciperent,
1102 906 1129 970 si
1145 904 1179 969 in
1195 906 1353 987 ecclesiis,
1378 906 1553 990 inquibus

190 1006 354 1073 beneficia
378 1007 450 1094 ipsa
478 1008 642 1089 obtinent,
667 1010 722 1072 vel
749 1008 950 1073 obtinebunt
975 1008 1204 1094 imposterum,
1232 1010 1452 1095 personaliter
1474 1010 1552 1074 resi-

191 1111 319 1192 derent,
335 1119 371 1176 et
385 1111 430 1191 ad
443 1111 653 1177 residendum
671 1111 804 1177 interim
827 1111 861 1176 in
874 1111 1000 1177 eisdem
1015 1113 1154 1177 minime
1169 1120 1347 1178 teneantur
1360 1136 1368 1193 ;
1385 1133 1495 1197 neque
1510 1113 1553 1179 ad

192 1214 226 1279 id
241 1235 260 1279 a
276 1234 445 1298 quoquam
469 1216 607 1299 valeant
635 1215 786 1295 coartari,
814 1223 903 1281 auct.
929 1224 1038 1302 apost.
1062 1215 1243 1301 dignemini
1268 1216 1461 1301 indulgere3
1483 1238 1552 1282 non

191 1320 278 1383 obst.
289 1318 332 1383 de
347 1318 456 1403 prima
470 1318 649 1383 residentia
664 1339 733 1384 non
749 1318 847 1398 facta,
864 1326 962 1385 etc...
977 1359 1021 1368 -
1037 1318 1115 1383 Fiat
1129 1319 1172 1384 ad
1188 1319 1450 1403 quinquennium
1467 1318 1508 1385 R.

234 1427 313 1488 816.
345 1420 432 1487 ltem
457 1442 552 1508 supp.
577 1430 667 1506 quat.
695 1422 725 1486 ei
746 1422 780 1487 in
801 1422 908 1487 forma
932 1423 1030 1488 solita
1053 1422 1238 1488 concedere
1253 1423 1437 1508 dignemini
1466 1423 1551 1510 [ind.

190 1524 225 1589 in
242 1534 305 1591 art.
322 1526 435 1609 mort]
451 1566 494 1575 -
512 1524 588 1591 Fiat
605 1524 644 1591 R.

234 1698 313 1757 817.
341 1688 428 1755 Item
453 1690 535 1775 sign.
553 1690 643 1774 quod
658 1690 840 1771 Johannes,
857 1689 926 1755 dux
941 1688 1132 1769 Brabantie,
1145 1697 1179 1754 et
1196 1688 1334 1773 quidam
1349 1688 1404 1753 alii
1421 1689 1551 1756 nobiles

188 1794 291 1861 vicini
322 1794 462 1859 ecclesie
490 1792 661 1875 Leodien.,
691 1796 781 1859 bona
811 1793 1018 1859 decanorum
1043 1801 1078 1858 et
1102 1792 1325 1878 capitulorum
1347 1793 1483 1878 majoris
1517 1800 1552 1859 et

190 1896 444 1981 collegiatarum
469 1896 610 1961 aliamm
629 1896 900 1962 secundariarum
917 1894 1077 1961 Leodien.
1094 1896 1319 1976 ecclesiarum,
1334 1896 1368 1960 in
1384 1896 1550 1961 dictorum

188 2000 284 2067 ducis
299 2008 333 2065 et
348 2001 510 2066 nobilium
527 2001 590 2065 sita
606 2000 819 2080 districtibus
837 2000 878 2066 de
895 2021 986 2065 novo
1009 2008 1222 2080 arrestarunt,
1240 2020 1298 2065 seu
1313 2020 1373 2086 per
1388 1999 1551 2084 quosdam

191 2104 325 2191 ignotos
340 2106 500 2170 satellites
516 2125 631 2170 eorum
647 2105 779 2171 occulte
795 2104 895 2169 fultos
912 2104 1045 2183 auxili0,
1063 2103 1262 2168 Bellimanni
1285 2105 1483 2190 appellatos,
1496 2104 1553 2188 qui

189 2210 273 2274 alias
289 2216 491 2295 attemptare
506 2229 575 2274 non
592 2217 831 2294 presumerent,
848 2209 975 2274 faciunt
1002 2217 1036 2274 et
1052 2208 1204 2274 fecerunt
1219 2208 1330 2293 sepius
1346 2208 1501 2293 occupari
1518 2216 1554 2273 et

189 2313 353 2395 arrestari,
379 2334 419 2378 ac
442 2312 709 2400 jurisdictionem
725 2312 990 2377 ecclesiasticam
1006 2312 1040 2376 in
1056 2332 1172 2377 eorum
1188 2310 1392 2377 districtibus
1407 2319 1443 2376 et
1458 2311 1552 2376 tenis

189 2419 385 2503 perturbant
410 2425 445 2482 et
470 2418 706 2503 perturbarunt
720 2416 815 2480 annis
831 2416 980 2502 pluribus
992 2416 1062 2500 jam
1077 2414 1209 2500 elapsis,
1237 2414 1322 2480 adeo
1337 2415 1428 2498 quod
1443 2415 1553 2480 nullus

186 2624 321 2689 visitare
346 2624 470 2709 eisque,
496 2624 593 2689 annis
616 2623 762 2708 pluribus
775 2624 846 2707 jam
863 2622 993 2708 elapsis,
1020 2621 1169 2707 dampna
1193 2621 1335 2707 plurima
1358 2629 1392 2686 et
1415 2622 1551 2708 injurias

188 2725 383 2807 inferendo;
409 2748 612 2811 quamquam
636 2726 726 2791 idem
752 2725 820 2791 dux
845 2734 879 2789 et
903 2725 969 2806 alii,
994 2735 1030 2790 ut
1046 2745 1066 2789 a
1080 2724 1248 2810 premissis
1269 2725 1551 2806 arrestationibus,

186 2831 491 2918 perturbationibus
507 2840 542 2897 et
567 2829 691 2916 injuriis
717 2839 818 2914 atque
841 2829 996 2915 dampnis
1017 2829 1218 2895 desisterent
1243 2829 1392 2914 requisiti
1418 2829 1551 2915 pluries,

188 2934 222 2999 id
232 2933 370 2999 ‘efficere
386 2955 454 2999 non
471 2942 637 3000 curarunt.
662 2935 774 3018 Quare
790 2934 937 3020 prefatus
952 2936 1080 3000 electus
1095 2953 1191 3020 supp.
1204 2942 1295 3019 quat.
1322 2935 1370 2998 eis
1385 2942 1420 2999 et
1436 2955 1551 2999 eorum

186 3037 324 3104 cuilibet
345 3057 385 3103 ac
408 3039 556 3103 ecclesiis
580 3037 759 3103 antedictis
783 3046 900 3103 contra
922 3037 1069 3124 prelatos
1092 3038 1224 3119 ducem,
1250 3037 1381 3103 nobiles
1408 3045 1444 3102 et
1469 3038 1552 3102 alios

186 3264 272 3325 rum,
309 3253 482 3330 presentes
508 3254 542 3310 et
570 3243 708 3326 futuros,
743 3253 997 3311 conservatores
1011 3245 1083 3309 sine
1106 3245 1319 3331 prefinitione
1340 3245 1502 3331 temporis
1518 3246 1551 3310 in

186 3347 293 3412 sonna
320 3347 518 3414 Viennensis
545 3348 688 3430 concilii,
716 3349 771 3432 qui
800 3357 887 3414 auct.
912 3356 1021 3434 apost.
1046 3349 1090 3413 ad
1111 3349 1359 3413 restitutionem
1387 3358 1422 3413 et
1445 3369 1551 3413 cessa-

186 3449 317 3516 tionem
343 3455 508 3518 bonorum
534 3462 569 3518 et
589 3452 859 3537 jurisdictionum
882 3460 1124 3538 occupatorum
1140 3462 1175 3517 et
1190 3459 1435 3532 arrestatorum,
1453 3472 1551 3517 occu-

187 3553 374 3639 pandorum
401 3576 459 3620 seu
483 3556 751 3621 arrestandorum
778 3557 1009 3642 imposterum,
1040 3576 1117 3621 cum
1147 3556 1302 3641 dampnis
1332 3564 1367 3620 et
1397 3555 1551 3639 expensis

188 3663 224 3722 et
251 3657 421 3740 interesse,
446 3659 649 3742 eosdemque
676 3679 735 3745 per
758 3659 1115 3725 excommunicationis
1134 3659 1168 3724 in
1185 3659 1365 3743 singulares
1391 3678 1552 3744 personas

187 3780 228 3826 ac
244 3759 411 3827 interdicti
437 3763 470 3826 in
494 3763 589 3827 terris
612 3762 758 3847 ipsorum
775 3762 960 3827 sententias
975 3764 1191 3847 compellant,
1220 3761 1402 3846 dignemini
1431 3781 1550 3825 conce-

187 3862 267 3928 dere
293 3864 448 3949 gratiose.
463 3905 507 3914 -
530 3863 606 3928 Fiat
621 3863 664 3930 ad
680 3864 944 3949 quinquennium
962 3864 994 3928 in
1011 3865 1117 3930 forma
1132 3865 1175 3930 de
1191 3863 1492 3943 conservatoribus,
1510 3863 1550 3929 R.

231 4025 313 4084 818.
333 4015 421 4082 Item
432 4017 514 4103 sign.
528 4018 558 4082 S.
577 4017 616 4083 V.
632 4019 740 4085 dictus
756 4022 892 4102 electuS,
910 4021 1010 4104 quod,
1026 4021 1106 4086 licet
1122 4022 1223 4106 episc.
1241 4019 1411 4101 Leodien.,
1428 4021 1484 4105 qui
1500 4031 1551 4086 est

187 4139 250 4205 pro
276 4128 439 4206 tempore,
464 4122 589 4206 regalia
614 4143 672 4187 sua
696 4131 731 4188 et
755 4123 857 4209 ipsius
881 4125 1021 4188 ecclesie
1041 4123 1203 4198 Leodien,
1219 4127 1261 4189 ab
1277 4124 1477 4210 imperatore
1493 4144 1551 4188 seu

186 4243 263 4308 rege
289 4222 528 4306 Romanorum,
554 4225 611 4309 qui
634 4246 696 4312 pro
720 4235 874 4313 tempore
897 4236 959 4307 est,
982 4228 1129 4312 recipere
1152 4236 1317 4308 teneatur,
1336 4248 1400 4293 nec
1427 4228 1459 4291 in
1488 4228 1551 4292 illis

186 4327 418 4394 administrare
438 4329 545 4413 possit
568 4350 628 4416 per
650 4351 685 4396 se
708 4330 763 4396 vel
788 4332 901 4411 alium,
926 4330 987 4395 nisi
1008 4332 1099 4416 prius
1115 4331 1186 4417 ipsa
1201 4334 1244 4396 ab
1261 4331 1333 4417 ipso
1348 4331 1550 4416 imperatore

187 4451 246 4496 seu
262 4451 340 4516 rege
356 4431 586 4497 Romanorum
602 4435 763 4520 receperit
777 4457 785 4515 ;
803 4443 929 4514 tamen,
946 4436 1023 4518 quia
1040 4435 1150 4499 nullus
1162 4434 1204 4499 ad
1216 4455 1353 4521 presens
1368 4435 1551 4519 imperator

186 4536 241 4600 vel
266 4556 323 4601 rex
348 4534 578 4601 Romanorum
594 4539 716 4620 existit,
733 4560 835 4623 aquo
861 4539 1049 4623 hujusmodi
1070 4538 1193 4623 regalia
1208 4539 1280 4624 peti
1294 4539 1433 4624 possint,
1455 4558 1551 4624 supp.

185 4641 296 4706 dictus
311 4640 449 4720 electus,
465 4648 557 4724 quat.
568 4642 628 4706 sibi
640 4650 675 4706 et
687 4642 796 4708 eidem
810 4643 951 4708 ecclesie
963 4664 1062 4729 super
1077 4642 1143 4708 hoc
1158 4642 1201 4708 de
1218 4650 1386 4728 oportuno
1401 4643 1550 4708 remedio

184 4743 411 4830 providentes,
438 4743 547 4809 eidem
571 4748 690 4826 electo,
713 4746 757 4811 de
783 4755 891 4833 apost.
916 4746 1125 4833 plenitudine
1150 4746 1340 4832 potestatis,
1365 4746 1550 4811 concedere

184 4846 379 4932 dignemini,
395 4855 433 4912 ut
458 4847 528 4932 ipse
554 4848 743 4934 hujusmodi
767 4852 889 4935 regalia
911 4851 1049 4937 perinde
1065 4852 1099 4915 in
1115 4851 1270 4915 omnibus
1286 4857 1320 4914 et
1335 4870 1395 4936 per
1426 4850 1549 4930 omnia,

183 4972 244 5038 per
259 4973 295 5017 se
310 4952 364 5017 vel
382 4951 484 5016 alium
501 4973 559 5017 seu
576 4953 669 5034 alioS,
686 4974 725 5019 ac
737 4953 913 5038 judicibus,
941 4955 1084 5020 scabinis
1099 4962 1134 5020 et
1154 4953 1341 5039 justitiariis
1355 4952 1398 5018 ad
1413 4954 1549 5037 requisi-
