3650 5675
592 935 945 1056 crnountue
978 943 1189 1078 nuntie

466 1218 525 1300 19
563 1219 664 1300 mal
704 1218 833 1305 1346
871 1265 916 1276 -
958 1220 1014 1302 18
1052 1221 1154 1302 mai
1192 1221 1321 1304 1347

261 1605 370 1689 981.
1280 1623 1375 1704 1346,
1393 1643 1434 1686 20
1451 1626 1527 1690 neni.

253 1722 354 1808 Supp.
387 1720 557 1788 Menricus
587 1721 691 1802 Galli,
722 1724 863 1789 nuncius
893 1734 928 1788 et
958 1727 1153 1791 secretarius
1188 1725 1435 1815 E[ngelberti],
1469 1729 1571 1814 episc.

209 1824 407 1892 Leodiensis
421 1840 445 1906 ¹,
458 1834 550 1910 quat.
577 1826 637 1891 sibi
663 1826 705 1892 de
729 1828 939 1913 prepositura
961 1831 1043 1895 eccl.
1063 1829 1264 1911 Zeflicensis,
1281 1829 1456 1898 Colonien.
1473 1832 1570 1912 dioc,

208 1929 391 2014 dignemini
408 1930 584 2016 providere
600 1954 609 2010 ;
625 1951 694 1996 non
712 1930 796 1998 obst.
813 1932 904 2016 quod
920 1934 954 1998 in
971 1934 1001 1999 S.
1014 1934 1106 2000 Pauli
1123 1925 1282 2000 Leodien.
1299 1943 1334 2000 et
1351 1936 1383 2002 in
1396 1936 1428 2002 S.
1439 1937 1572 2003 Andree

209 2032 385 2098 Colonien.
396 2054 437 2099 ac
452 2034 644 2116 Sosatiensi,
654 2034 828 2102 Colonien.
841 2038 938 2119 dioc,
951 2039 1109 2120 ecclesiis,
1121 2060 1194 2106 can.
1211 2047 1245 2104 et
1261 2043 1353 2126 preb.
1364 2063 1403 2108 ac
1419 2043 1574 2126 parroclr.

207 2137 291 2202 eccl.
307 2136 338 2201 S.
355 2135 488 2204 Thome
504 2138 712 2220 SosatiensiS,
728 2140 818 2206 dicte
834 2141 932 2223 dioc..
948 2143 1097 2210 noscitur
1112 2145 1274 2210 obtinere.
1292 2181 1335 2188 -
1351 2143 1378 2208 F
1380 2145 1428 2214 iat
1444 2143 1483 2211 R.

251 2240 331 2305 Dat.
346 2241 446 2307 Avin.
467 2262 503 2325 13
519 2240 586 2308 lral.
600 2243 683 2328 junii
699 2253 732 2308 a⁰
749 2254 790 2328 5⁰.
809 2245 875 2330 (11,
893 2249 953 2331 51).

257 2395 1371 2496 9821546,
1389 2433 1429 2477 ar
1448 2415 1525 2478 broi.

250 2514 351 2599 Supp.
379 2513 502 2593 Gurdo,
525 2514 578 2579 tit.
607 2514 639 2578 S.
667 2513 793 2579 Cecilie
813 2517 923 2600 presb.
940 2516 1040 2593 card,
1068 2525 1158 2598 quat.
1190 2537 1265 2600 cap.
1296 2537 1356 2581 suo
1387 2515 1571 2581 Guillelmo

206 2617 349 2702 Coynde
365 2628 385 2698 ²,
410 2638 498 2703 mag.
524 2619 557 2682 in
581 2627 643 2683 art.
660 2625 695 2682 et
711 2619 744 2681 in
757 2619 830 2703 jure
845 2618 964 2705 perito,
987 2619 1041 2703 qui
1058 2622 1101 2684 ab
1117 2627 1207 2684 etate
1223 2629 1339 2686 tenera
1355 2621 1415 2683 sibi
1432 2620 1571 2684 servivit

204 2732 306 2805 atque
333 2722 436 2786 servit
462 2721 637 2809 ipsumque
661 2721 864 2786 cardinalem
890 2730 926 2786 et
953 2722 1068 2788 fratres
1095 2723 1165 2807 ejus
1187 2723 1343 2788 instruxit
1363 2723 1396 2787 in
1422 2723 1573 2788 scientiis

203 2825 392 2911 primitivis,
407 2825 450 2891 de
465 2825 779 2911 archipresbiteratu
801 2823 1000 2907 Libratensi‚
1021 2847 1098 2891 cum
1114 2826 1266 2911 parroch.
1286 2828 1367 2892 eccl.
1391 2824 1568 2892 Bertiniaci

205 2930 266 2995 sibi
290 2951 422 2995 annexa
444 2951 503 2995 seu
526 2930 629 3009 unita,
653 2929 905 2995 Claromonten.
923 2929 999 2995 dioc
1003 2981 1052 3009 .....
1069 2930 1252 3015 dignemini
1277 2930 1475 3016 providere;
1500 2950 1567 2994 non

205 3037 291 3099 obst.
304 3034 395 3118 quod
415 3054 490 3100 can.
507 3043 542 3099 et
556 3036 649 3119 preb.
665 3034 699 3097 in
716 3033 895 3112 Vivanen„
911 3034 1099 3099 chorariam
1115 3044 1149 3100 et
1166 3055 1240 3100 can.
1257 3037 1317 3099 sub
1334 3054 1409 3120 exp.
1425 3037 1517 3120 preb.
1534 3035 1567 3099 in

205 3138 457 3203 Claromonten.
470 3138 620 3203 ecclesiis
635 3158 676 3202 ac
691 3138 843 3223 parroch.
859 3139 942 3203 eccl.
959 3137 990 3203 S.
1009 3137 1100 3203 Pauli
1113 3138 1411 3204 Vallismaronne...
1425 3148 1459 3205 et
1474 3160 1567 3225 perp.

204 3244 322 3328 capell.
339 3243 378 3308 B.
395 3242 445 3309 M.
456 3243 576 3319 Alosti‚
590 3241 805 3307 cameracen.
821 3241 919 3319 dioc„
936 3242 1097 3307 obtineat.
1114 3282 1152 3291 -
1174 3242 1249 3309 Fiat
1267 3241 1307 3308 R.

250 3347 327 3412 Dat.
344 3347 443 3412 Avin.
464 3367 499 3410 12
517 3346 583 3411 kal.
596 3346 679 3431 junii
696 3354 728 3410 a⁰
746 3354 787 3429 5⁰.
806 3348 873 3431 (11,
892 3346 938 3429 5).

257 3502 372 3586 983
1275 3518 1370 3600 1346,
1389 3535 1430 3597 25
1447 3519 1524 3581 nrrri.

249 3619 350 3705 Supp.
369 3618 537 3684 Henricus
552 3619 662 3697 PaniS,
679 3619 755 3683 cler.
774 3616 942 3682 Morinen.
966 3618 1062 3698 dios„
1087 3619 1249 3685 tredecim
1273 3622 1368 3684 annis
1392 3620 1511 3704 elapsis
1534 3627 1568 3683 et

205 3724 348 3809 amplius
369 3744 456 3809 mag.
480 3724 514 3787 in
538 3730 610 3802 art„
633 3722 716 3787 alias
735 3722 769 3786 in
786 3731 898 3788 vestre
913 3725 1014 3787 beate
1030 3723 1210 3787 creationis
1225 3723 1338 3807 gratiis
1355 3723 1397 3787 ad
1414 3723 1489 3787 coll.
1507 3722 1566 3786 sibi

204 3827 354 3892 totaliter
376 3828 528 3892 inutilem
551 3827 711 3911 signatus,
734 3825 777 3891 ad
799 3845 935 3911 presens
957 3825 1086 3890 veroin
1105 3846 1171 3890 cur.
1190 3826 1288 3890 Rom.
1305 3826 1460 3905 existens
1478 3846 1518 3890 ac
1535 3826 1567 3888 in

204 3931 314 3996 rotulo
331 3930 571 3996 Universitatis
594 3931 681 3994 inter
705 3938 859 4013 regentes
881 3930 915 3992 in
940 3929 1061 3993 artium
1084 3928 1241 3993 facultate
1258 3935 1518 3992 connumeratus
1534 3935 1568 3991 et

203 4034 392 4119 inscriptus,
419 4041 521 4119 quat,
549 4054 610 4118 pro
635 4033 726 4098 omni
751 4034 857 4118 gratia
880 4032 942 4096 sibi
968 4031 1179 4110 faciendam
1204 4031 1445 4095 monasterium
1463 4031 1499 4096 B.
1519 4030 1567 4096 M.

204 4136 418 4217 Watinensis,
445 4138 514 4202 ord.
542 4136 573 4201 S.
601 4138 696 4219 Aug,
722 4136 812 4201 dicte
836 4136 934 4213 dioc,
960 4136 1031 4219 ipse
1055 4136 1168 4199 valeat
1191 4135 1294 4218 recipi
1319 4134 1353 4197 in
1377 4155 1451 4199 can.
1475 4138 1565 4199 etin

204 4241 362 4320 iratrem;
391 4262 467 4306 cum
490 4261 531 4305 ex
556 4249 648 4305 certa
673 4260 774 4305 causa
800 4240 871 4323 ipse
895 4238 1073 4303 inclinatus
1089 4239 1131 4301 sit
1147 4237 1274 4320 ingredi
1298 4238 1493 4321 religionem
1508 4260 1515 4316 ;
1533 4248 1567 4303 et

203 4364 302 4429 super
316 4345 382 4410 hoc
397 4345 477 4409 dare
492 4343 674 4429 dignemini
690 4351 887 4408 executores
898 4351 936 4407 ut
948 4342 981 4405 in
995 4340 1102 4406 forma
1117 4342 1131 4420 ;'
1140 4348 1275 4426 paratus
1287 4349 1338 4405 est
1350 4342 1439 4405 enim
1454 4343 1567 4407 omnia

203 4456 337 4513 terrena
358 4447 529 4513 dimittere
554 4456 588 4513 et
607 4450 667 4512 sub
688 4447 830 4531 regulari
845 4446 963 4510 habitu
979 4466 1040 4531 pro
1056 4465 1153 4529 posse
1171 4444 1320 4510 Domino
1347 4444 1507 4510 famulari.
1525 4486 1567 4495 -

205 4548 282 4615 Fiat
298 4552 331 4614 in
347 4550 455 4615 forma
472 4550 513 4616 R.

247 4653 325 4719 Dat.
338 4655 437 4719 Avin.
454 4658 472 4720 8
489 4653 555 4719 kal.
568 4655 651 4739 junii
668 4662 702 4719 a⁰
719 4662 761 4738 5⁰.
778 4655 843 4736 (ll,
863 4653 922 4737 5').

236 4934 259 4979 1.
271 4931 333 4978 Voir
345 4947 370 4979 n.
381 4934 436 4980 931).
449 4960 480 4965 -
492 4933 515 4987 2.
526 4932 549 4977 V
550 4934 589 4981 oir
600 4948 624 4981 n.
638 4936 692 4982 150.
