3650 5675
304 494 366 559 458
837 490 924 563 1849,
947 488 1127 569 8-l'jui11et.

305 655 341 710 et
355 644 510 721 retinere,
527 649 603 722 etc,
619 660 678 727 per
701 639 815 714 omnia
837 645 875 705 ut
901 659 1011 725 supra,
1039 638 1222 723 dignemini
1250 639 1507 705 misericorditer
1526 638 1665 723 ,dispen-

306 769 389 814 sarc.
413 786 456 796 —
473 744 550 811 Fiat
565 744 608 810 R.

348 851 428 916 Dat.
444 849 543 914 Avin.
572 847 638 913 kal.
651 847 723 933 julii
740 854 774 911 a⁰
790 849 831 911 8⁰.
848 846 917 930 (19,
938 846 1004 931 69).

359 984 657 1069 1757-1758.
1276 1007 1279 1013 ⁴
1354 1016 1449 1080 1349,
1465 994 1620 1080 jjuillel.

347 1106 448 1191 Supp.
461 1126 463 1131 ·
476 1103 707 1189 EngelbertuS,
732 1102 918 1188 episcopus,
935 1108 970 1165 et
995 1100 1203 1166 devotissimi
1230 1100 1332 1188 vestri
1359 1109 1509 1166 oratores
1532 1099 1664 1166 vicede-

303 1230 406 1275 canus
421 1216 457 1273 et
472 1207 656 1294 capitulum
672 1204 813 1272 ecclesie
829 1203 1002 1285 Leodien.,
1027 1212 1195 1287 quatenus
1222 1224 1299 1270 cum
1313 1224 1421 1292 nuper
1437 1203 1566 1290 Egidio,
1583 1211 1665 1269 nato

301 1306 654 1393 Theodericidomini
670 1310 713 1376 de
730 1308 918 1395 Rupeforti,
936 1308 1062 1389 militis,
1079 1308 1202 1375 clerico
1218 1308 1319 1394 ipsius
1347 1308 1495 1395 episcopi
1521 1328 1663 1374 consan-

302 1418 434 1501 guineo,
450 1414 506 1500 qui
522 1414 565 1480 de
588 1413 769 1499 majoribus
795 1412 964 1478 nobilibus
988 1413 1092 1478 totius
1117 1412 1226 1498 patrie
1254 1411 1413 1479 Leodien.
1440 1413 1544 1478 traxit
1568 1412 1664 1497 origi-

304 1542 381 1585 nem
400 1530 418 1599 ¹,
434 1519 617 1605 peripsum
634 1518 839 1603 episcopum,
864 1515 1065 1582 auctoritate
1088 1524 1275 1582 vestrarum
1298 1518 1484 1589 litterarum
1506 1516 1665 1602 apostoli-

304 1643 417 1689 carum
447 1621 574 1687 dudum
590 1620 699 1685 eidem
715 1619 876 1705 episcopo
901 1619 1047 1703 gratiose
1074 1640 1319 1701 concessarum,
1346 1621 1436 1705 quod
1462 1621 1504 1686 de
1531 1640 1606 1685 can.
1630 1626 1666 1683 et

304 1727 396 1811 preb.
411 1745 486 1790 vac.
501 1725 555 1789 vel
570 1732 680 1789 vacat.
697 1722 799 1809 ipsius
815 1721 956 1787 ecclesie
971 1732 1087 1809 posset
1098 1744 1242 1809 persone
1253 1724 1387 1810 ydonee
1402 1723 1587 1810 providere,
1600 1730 1666 1787 etc.

303 1828 474 1914 provisum
489 1827 587 1893 fuerit
602 1828 646 1894 de
662 1847 737 1893 can.
753 1835 788 1891 et
803 1828 895 1912 preb.
910 1827 1053 1893 ecclesie
1075 1825 1247 1909 Leodien.,
1262 1836 1345 1894 tunc
1359 1847 1433 1893 vac.
1448 1847 1508 1913 per
1522 1834 1666 1891 mortem

305 1931 474 2017 quondam
489 1930 508 2009 J
512 1931 654 1997 ohannis
669 1931 711 1997 de
728 1931 897 2014 Hocxem,
913 1932 1016 2019 ipsius
1039 1932 1180 1997 ecclesie
1203 1931 1368 2012 canonici,
1392 1930 1448 2015 qui
1465 1931 1499 1995 in
1515 1930 1666 2016 partibus

304 2036 368 2101 illis
383 2033 472 2100 diem
489 2034 609 2100 clausit
625 2042 812 2099 extremum
827 2050 850 2115 ²,
867 2036 960 2121 cujus
989 2034 1188 2120 provisionis
1202 2042 1360 2120 pretextu
1374 2042 1426 2099 est
1441 2034 1512 2119 ipse
1528 2031 1666 2117 Egidins

303 2139 435 2205 illorum
450 2138 696 2224 possessionem
723 2138 900 2223 pacificam
928 2145 1110 2218 assecutus,
1137 2137 1320 2223 dignemini
1346 2136 1536 2223 huJusmodi
1556 2136 1667 2222 provi-

304 2243 433 2309 sionem
450 2250 484 2307 et
500 2261 698 2327 quecunque
713 2241 792 2307 inde
807 2251 923 2308 secuta
939 2241 1139 2307 confirmare
1154 2251 1190 2306 ct
1205 2244 1392 2327 approbare
1404 2248 1439 2307 et
1455 2242 1538 2307 alias
1553 2241 1665 2305 valere

304 2346 482 2412 decernere
495 2368 504 2426 ;
521 2366 590 2411 non
606 2347 692 2411 obst.
705 2345 731 2409 si
746 2345 912 2411 beneficia
928 2345 1031 2431 ipsius
1053 2344 1226 2428 quondam
1249 2343 1269 2421 J
1272 2343 1415 2410 ohannis
1429 2352 1531 2410 antea
1545 2342 1666 2408 fuerint

303 2454 481 2530 reservata,
508 2469 549 2514 ac
573 2450 599 2514 si
624 2456 794 2515 reservata
810 2448 949 2513 minime
974 2447 1175 2529 extitissent,
1199 2469 1397 2534 quacunque
1424 2448 1666 2514 constitutione

305 2554 471 2619 contraria
485 2573 555 2618 non
572 2555 669 2633 obst,
687 2573 764 2618 cum
780 2553 936 2618 omnibus
950 2572 1019 2617 non
1036 2553 1122 2616 obst.
1143 2588 1176 2600 -
1198 2550 1278 2618 Fiat
1294 2551 1335 2618 R.

351 2695 451 2758 1758.
469 2689 557 2755 Item
573 2690 656 2774 sign.
673 2690 704 2756 S.
721 2688 761 2756 V.
778 2689 867 2755 idem
884 2689 1071 2775 episcopus,
1094 2690 1184 2772 quod
1210 2689 1337 2755 dudum
1356 2709 1433 2754 cum
1461 2687 1667 2774 Engelberto

302 2797 345 2863 de
360 2796 484 2861 Altena
498 2804 519 2875 ³,
536 2814 634 2881 super
649 2794 784 2862 defectu
798 2794 962 2860 natalium
978 2814 1078 2878 quem
1106 2794 1232 2880 patitur
1260 2793 1303 2860 de
1327 2794 1439 2859 soluto
1472 2792 1605 2878 genitus
1631 2799 1667 2857 et

303 2901 423 2980 soluta,
440 2899 531 2985 quod
545 2898 735 2984 hujusmodi
752 2918 823 2964 non
840 2901 926 2963 obst.
942 2896 1086 2978 defectu,
1109 2907 1224 2984 posset
1251 2897 1295 2963 ad
1310 2894 1428 2963 omne's
1443 2897 1576 2963 ordines
1590 2917 1666 2983 pro·

304 3003 442 3084 moveri,
459 3011 494 3068 et
509 3003 591 3068 eccl.
606 3005 684 3068 ben.
701 3002 806 3067 etiam
821 3023 850 3068 c.
868 3023 896 3068 c.
913 3002 1075 3082 obtinere,
1099 3002 1163 3068 fnit
1178 3001 1383 3068 auctoritate
1407 3010 1514 3086 apost.
1541 3000 1666 3066 miseri-

305 3106 450 3173 corditer
475 3107 714 3192 dispensatum,
742 3094 897 3192 pretextu
926 3107 1019 3191 cujus
1043 3105 1302 3192 dispensationis
1328 3104 1417 3171 idem
1444 3103 1667 3189 Engelbertus

306 3217 365 3291 est,
382 3209 583 3276 auctoritate
598 3218 785 3275 vestrarum
801 3209 989 3274 litterarum
1005 3209 1066 3274 sibi
1081 3209 1225 3294 gratiose
1235 3229 1479 3289 concessarum,
1489 3208 1665 3274 ecclesiam

304 3313 347 3378 de
363 3310 447 3377 Lare
463 3334 494 3379 c.
510 3333 549 3394 c.,
566 3311 728 3378 Leodien.
744 3313 844 3393 dioc,
861 3331 960 3398 super
975 3332 1042 3396 qua
1058 3312 1192 3378 dubitat
1208 3312 1268 3378 sibi
1293 3311 1388 3377 litem
1414 3312 1553 3392 moveri,'
1579 3332 1665 3377 asse-

304 3424 421 3496 cutus;
438 3415 608 3481 humiliter
623 3437 718 3502 supp.
735 3416 825 3482 idem
841 3416 1029 3501 episcopus,
1047 3425 1213 3501 quatenus
1235 3414 1327 3500 quod
1352 3414 1525 3501 predictus
1541 3414 1666 3499 Engel-

302 3522 415 3585 bertus
430 3519 536 3605 possit
551 3518 662 3585 adhuc
688 3521 751 3585 tria
776 3521 841 3585 alia
864 3521 946 3586 eccl.
962 3523 1039 3585 ben.
1067 3519 1344 3606 compassibiliter
1370 3540 1437 3585 una
1462 3538 1539 3583 cum
1565 3519 1665 3604 priori

301 3623 448 3708 recipere
464 3629 500 3687 et
513 3623 668 3704 retinere,
685 3631 720 3688 et
735 3644 776 3689 ca
789 3623 903 3688 omnia
919 3630 1085 3689 eteorum
1111 3624 1294 3708 quodlibet,
1322 3622 1589 3707 quandocunque
1604 3622 1665 3688 sibi

303 3726 411 3792 visum
427 3725 535 3800 fuerit,
551 3734 743 3811 permutare
758 3749 767 3806 ;
785 3736 819 3791 et
836 3725 926 3810 quod
941 3726 983 3791 de
1000 3726 1187 3812 hujusmodi
1205 3726 1338 3792 defectu
1364 3747 1433 3792 non
1460 3734 1616 3792 teneatur
1630 3726 1665 3792 in

304 3830 414 3913 aliqua
430 3828 538 3915 gratia
552 3849 614 3915 pro
630 3830 703 3915 ipso
719 3829 931 3915 impetranda
946 3829 1055 3895 iacere
1075 3831 1284 3896 mentionem
1300 3853 1308 3911 ;
1326 3829 1467 3896 ecclesia
1482 3838 1516 3894 et
1531 3829 1667 3895 defectu

305 3933 475 4019 premissis
486 3942 558 4028 'non
575 3933 793 4015 obstantibus,
810 3933 993 4018 dignemini
1010 3954 1087 3999 cum
1114 3956 1156 4000 co
1179 3935 1437 4000 misericorditer
1462 3933 1667 4019 dispensare.

305 4078 348 4087 -
365 4035 443 4102 Fiat
460 4036 501 4103 R.
1164 4032 1168 4038 ’

348 4139 427 4206 Dat.
450 4139 549 4204 Avin.
575 4160 592 4224 5
616 4160 695 4205 non.
715 4139 787 4224 julii
814 4147 846 4204 a⁰
871 4141 913 4205 8⁰.
941 4140 1016 4224 (19,
1034 4142 1117 4227 90').

358 4277 498 4359 1759.
1355 4311 1451 4376 1349,
1468 4314 1487 4375 4
1497 4290 1622 4373 juzlle.

347 4394 449 4480 Supp.
477 4391 630 4481 H[ugo],
661 4393 751 4458 card.
778 4392 991 4475 Tutellensis,
1017 4405 1111 4479 quat.
1142 4395 1335 4482 [capellano
1360 4396 1578 4462 commensali
1605 4416 1669 4462 suo

337 4563 358 4609 l.
371 4561 453 4609 Gilles
463 4559 496 4608 (16
508 4559 744 4618 Rochefort,donnd
756 4559 852 4622 pariois
864 4574 964 4608 comme
975 4560 1017 4607 fils
1028 4559 1060 4607 de
1069 4559 1192 4619 Waut-icr,
1205 4561 1322 4621 seigneur
1333 4558 1482 4608 derranene
1492 4562 1520 4606 et
1531 4558 1668 4619 d'Ochain,

303 4637 330 4682 et
341 4630 454 4694 d'Agnts
464 4633 497 4681 de
508 4631 643 4694 Grandpre
656 4631 760 4692 (Animi.
773 4632 827 4681 Soc.
839 4632 950 4683 arolrdol.
958 4632 990 4680 de
1003 4633 1111 4692 llantur,
1124 4633 1186 4692 XX,
1199 4633 1267 4694 395),
1279 4638 1318 4682 est
1329 4632 1383 4682 cite
1391 4647 1491 4682 comme
1506 4631 1670 4682 archidiacre

303 4708 336 4756 dc
348 4707 424 4768 Liege
436 4707 460 4755 le
474 4707 500 4754 ll
514 4704 572 4767 juin
587 4706 648 4753 1366
661 4705 871 4765 (Schoonbroodt,
888 4706 945 4755 Var.
963 4706 990 4755 S.
1008 4706 1136 4767 Lamiam,
1149 4707 1169 4768 l,
1182 4722 1207 4770 p.
1220 4708 1287 4770 241),
1299 4721 1399 4756 comme
1409 4708 1535 4756 chonoine
1545 4706 1578 4755 (16
1589 4707 1671 4769 Lidge

305 4782 415 4840 en13bl,
426 4780 495 4836 1363,
507 4780 570 4827 1378
583 4779 628 4842 ((16
640 4778 735 4838 Theux,
749 4780 783 4838 ΙΙ,
798 4780 923 4840 102-103),
930 4781 954 4828 16
969 4783 999 4828 10
1009 4779 1105 4829 sevrier
1118 4782 1182 4831 1373
1194 4780 1387 4844 (0111616613.
1399 4781 1526 4838 lambert,
1540 4781 1584 4839 IV,
1598 4783 1671 4844 600).

307 4856 330 4902 11
341 4853 450 4903 succcdu
461 4855 477 4902 3
488 4853 554 4902 Jeon
567 4853 670 4902 Punlier
681 4867 780 4902 comme
791 4853 917 4903 chanoine
927 4854 1080 4917 prebendier
1090 4855 1224 4905 d'lncourt
1235 4855 1348 4916 (Kirscb,
1361 4855 1436 4915 rotz,
1449 4856 1517 4918 360).
1526 4883 1559 4893 -
1570 4857 1593 4904 2.
1605 4856 1672 4906 Voir

306 4943 332 4976 n.
345 4930 414 4988 1201,
428 4929 497 4986 1190,
512 4927 582 4974 1617.
593 4954 625 4961 -
643 4925 861 4976 3.Voirn.135⁴.
