<?xml version="1.0" encoding="UTF-8"?>
<!DOCTYPE html PUBLIC "-//W3C//DTD XHTML 1.0 Transitional//EN"
    "http://www.w3.org/TR/xhtml1/DTD/xhtml1-transitional.dtd">
<html xmlns="http://www.w3.org/1999/xhtml" xml:lang="en" lang="en">
 <head>
  <title>
</title>
<meta http-equiv="Content-Type" content="text/html;charset=utf-8" />
  <meta name='ocr-system' content='tesseract 3.04.00' />
  <meta name='ocr-capabilities' content='ocr_page ocr_carea ocr_par ocr_line ocrx_word'/>
</head>
<body>
  <div class='ocr_page' id='page_1' title='image "./suppliquesdeclm00berlgoog_0054.png"; bbox 0 0 3650 5675; ppageno 0'>
   <div class='ocr_carea' id='block_1_1' title="bbox 715 485 967 567">
    <p class='ocr_par' dir='ltr' id='par_1_1' title="bbox 715 485 967 567">
     <span class='ocr_line' id='line_1_1' title="bbox 715 485 967 567; baseline 0.004 -16"><span class='ocrx_word' id='word_1_1' title='bbox 715 486 801 560; x_wconf 81' lang='lat'><strong>1342,</strong></span> <span class='ocrx_word' id='word_1_2' title='bbox 826 486 870 551; x_wconf 85' lang='grc'><strong>1-2</strong></span> <span class='ocrx_word' id='word_1_3' title='bbox 889 485 967 567; x_wconf 89' lang='lat' dir='ltr'><strong>juin</strong></span> 
     </span>
    </p>
   </div>
   <div class='ocr_carea' id='block_1_2' title="bbox 159 637 1526 821">
    <p class='ocr_par' dir='ltr' id='par_1_2' title="bbox 159 637 1526 821">
     <span class='ocr_line' id='line_1_2' title="bbox 159 637 1526 726; baseline 0 -19"><span class='ocrx_word' id='word_1_4' title='bbox 159 642 201 707; x_wconf 87' lang='lat' dir='ltr'><strong>de</strong></span> <span class='ocrx_word' id='word_1_5' title='bbox 217 640 386 707; x_wconf 86' lang='lat' dir='ltr'><strong>Betbmria</strong></span> <span class='ocrx_word' id='word_1_6' title='bbox 406 637 571 724; x_wconf 75' lang='lat' dir='ltr'><strong>jurisper]</strong></span> <span class='ocrx_word' id='word_1_7' title='bbox 600 637 642 702; x_wconf 89' lang='lat' dir='ltr'><strong>de</strong></span> <span class='ocrx_word' id='word_1_8' title='bbox 669 658 742 703; x_wconf 87' lang='lat' dir='ltr'><strong>can.</strong></span> <span class='ocrx_word' id='word_1_9' title='bbox 759 638 842 703; x_wconf 91' lang='lat' dir='ltr'><strong>eccl.</strong></span> <span class='ocrx_word' id='word_1_10' title='bbox 857 638 1058 703; x_wconf 86' lang='lat' dir='ltr'><strong>Ambianen.</strong></span> <span class='ocrx_word' id='word_1_11' title='bbox 1074 638 1256 723; x_wconf 87' lang='lat' dir='ltr'><strong>dignemini</strong></span> <span class='ocrx_word' id='word_1_12' title='bbox 1281 640 1467 726; x_wconf 92' lang='lat' dir='ltr'><strong>providere.</strong></span> <span class='ocrx_word' id='word_1_13' title='bbox 1481 684 1526 694; x_wconf 91' lang='lat'>-</span> 
     </span>
     <span class='ocr_line' id='line_1_3' title="bbox 161 740 1170 821; baseline -0.002 -11"><span class='ocrx_word' id='word_1_14' title='bbox 161 744 239 810; x_wconf 86' lang='lat' dir='ltr'><strong>Fiat</strong></span> <span class='ocrx_word' id='word_1_15' title='bbox 254 746 289 809; x_wconf 88' lang='lat' dir='ltr'><strong>in</strong></span> <span class='ocrx_word' id='word_1_16' title='bbox 304 745 387 809; x_wconf 91' lang='lat' dir='ltr'><strong>eccl.</strong></span> <span class='ocrx_word' id='word_1_17' title='bbox 404 743 435 809; x_wconf 79' lang='lat' dir='ltr'><strong>S.</strong></span> <span class='ocrx_word' id='word_1_18' title='bbox 452 742 540 807; x_wconf 87' lang='lat' dir='ltr'><strong>Petri</strong></span> <span class='ocrx_word' id='word_1_19' title='bbox 558 741 736 807; x_wconf 88' lang='lat' dir='ltr'><strong>Fumensis</strong></span> <span class='ocrx_word' id='word_1_20' title='bbox 746 750 764 821; x_wconf 89' lang='lat'><strong>¹,</strong></span> <span class='ocrx_word' id='word_1_21' title='bbox 783 740 951 807; x_wconf 89' lang='lat' dir='ltr'><strong>Morinen.</strong></span> <span class='ocrx_word' id='word_1_22' title='bbox 966 742 1054 807; x_wconf 85' lang='lat' dir='ltr'><strong>dioc.</strong></span> <span class='ocrx_word' id='word_1_23' title='bbox 1069 781 1112 793; x_wconf 94' lang='lat'><em>-</em></span> <span class='ocrx_word' id='word_1_24' title='bbox 1129 741 1170 809; x_wconf 88' lang='lat' dir='ltr'><strong>R.</strong></span> 
     </span>
    </p>
   </div>
   <div class='ocr_carea' id='block_1_3' title="bbox 159 879 1526 1281">
    <p class='ocr_par' dir='ltr' id='par_1_3' title="bbox 159 879 1526 1281">
     <span class='ocr_line' id='line_1_4' title="bbox 203 879 1524 967; baseline 0.003 -19"><span class='ocrx_word' id='word_1_25' title='bbox 203 887 262 948; x_wconf 86' lang='grc'><strong>36.</strong></span> <span class='ocrx_word' id='word_1_26' title='bbox 280 880 367 946; x_wconf 89' lang='lat' dir='ltr'><strong>Item</strong></span> <span class='ocrx_word' id='word_1_27' title='bbox 383 890 475 966; x_wconf 86' lang='lat' dir='ltr'><strong>quat.</strong></span> <span class='ocrx_word' id='word_1_28' title='bbox 493 902 567 967; x_wconf 87' lang='lat' dir='ltr'><strong>cap.</strong></span> <span class='ocrx_word' id='word_1_29' title='bbox 590 902 650 946; x_wconf 91' lang='lat' dir='ltr'><strong>suo</strong></span> <span class='ocrx_word' id='word_1_30' title='bbox 676 879 813 965; x_wconf 91' lang='lat' dir='ltr'><strong>Hugoni</strong></span> <span class='ocrx_word' id='word_1_31' title='bbox 836 880 928 947; x_wconf 87' lang='lat' dir='ltr'><strong>dicto</strong></span> <span class='ocrx_word' id='word_1_32' title='bbox 944 880 1060 965; x_wconf 91' lang='lat' dir='ltr'><strong>Bonge</strong></span> <span class='ocrx_word' id='word_1_33' title='bbox 1072 880 1115 947; x_wconf 91' lang='lat' dir='ltr'><strong>de</strong></span> <span class='ocrx_word' id='word_1_34' title='bbox 1127 902 1202 947; x_wconf 89' lang='lat' dir='ltr'><strong>can.</strong></span> <span class='ocrx_word' id='word_1_35' title='bbox 1219 884 1301 949; x_wconf 88' lang='lat' dir='ltr'><strong>eccl.</strong></span> <span class='ocrx_word' id='word_1_36' title='bbox 1314 885 1524 952; x_wconf 75' lang='lat' dir='ltr'><strong>Attrebaten.</strong></span> 
     </span>
     <span class='ocr_line' id='line_1_5' title="bbox 160 983 1526 1072; baseline 0.002 -21"><span class='ocrx_word' id='word_1_37' title='bbox 160 984 343 1070; x_wconf 85' lang='lat' dir='ltr'><strong>dignemini</strong></span> <span class='ocrx_word' id='word_1_38' title='bbox 370 984 555 1072; x_wconf 82' lang='lat' dir='ltr'><strong>providere,</strong></span> <span class='ocrx_word' id='word_1_39' title='bbox 579 1004 646 1049; x_wconf 92' lang='lat' dir='ltr'><strong>non</strong></span> <span class='ocrx_word' id='word_1_40' title='bbox 673 986 757 1049; x_wconf 88' lang='lat' dir='ltr'><strong>obst.</strong></span> <span class='ocrx_word' id='word_1_41' title='bbox 774 983 864 1068; x_wconf 90' lang='lat' dir='ltr'><strong>quod</strong></span> <span class='ocrx_word' id='word_1_42' title='bbox 892 985 926 1048; x_wconf 92' lang='lat' dir='ltr'><strong>in</strong></span> <span class='ocrx_word' id='word_1_43' title='bbox 949 986 1031 1050; x_wconf 89' lang='lat' dir='ltr'><strong>eccl.</strong></span> <span class='ocrx_word' id='word_1_44' title='bbox 1048 983 1087 1050; x_wconf 90' lang='lat' dir='ltr'><strong>B.</strong></span> <span class='ocrx_word' id='word_1_45' title='bbox 1109 984 1197 1050; x_wconf 91' lang='lat' dir='ltr'><strong>Petri</strong></span> <span class='ocrx_word' id='word_1_46' title='bbox 1218 987 1365 1052; x_wconf 83' lang='lat' dir='ltr'><strong>Ariensis</strong></span> <span class='ocrx_word' id='word_1_47' title='bbox 1392 1008 1466 1053; x_wconf 89' lang='lat' dir='ltr'><strong>can.</strong></span> <span class='ocrx_word' id='word_1_48' title='bbox 1491 998 1526 1055; x_wconf 88' lang='lat' dir='ltr'><strong>et</strong></span> 
     </span>
     <span class='ocr_line' id='line_1_6' title="bbox 159 1086 1526 1177; baseline 0.004 -24"><span class='ocrx_word' id='word_1_49' title='bbox 159 1094 252 1177; x_wconf 88' lang='lat' dir='ltr'><strong>preb.</strong></span> <span class='ocrx_word' id='word_1_50' title='bbox 277 1110 317 1155; x_wconf 89' lang='lat' dir='ltr'><strong>ac</strong></span> <span class='ocrx_word' id='word_1_51' title='bbox 332 1092 414 1156; x_wconf 89' lang='lat' dir='ltr'><strong>eccl.</strong></span> <span class='ocrx_word' id='word_1_52' title='bbox 430 1089 583 1175; x_wconf 83' lang='lat' dir='ltr'><strong>parroclr.</strong></span> <span class='ocrx_word' id='word_1_53' title='bbox 603 1089 646 1154; x_wconf 88' lang='lat' dir='ltr'><strong>de</strong></span> <span class='ocrx_word' id='word_1_54' title='bbox 662 1088 857 1172; x_wconf 71' lang='lat' dir='ltr'><strong>Quinciacm</strong></span> <span class='ocrx_word' id='word_1_55' title='bbox 876 1086 1042 1155; x_wconf 88' lang='lat' dir='ltr'><strong>Morinen.</strong></span> <span class='ocrx_word' id='word_1_56' title='bbox 1059 1096 1093 1155; x_wconf 90' lang='lat' dir='ltr'><strong>et</strong></span> <span class='ocrx_word' id='word_1_57' title='bbox 1108 1091 1320 1156; x_wconf 76' lang='lat' dir='ltr'><strong>Attrebaten.</strong></span> <span class='ocrx_word' id='word_1_58' title='bbox 1339 1092 1436 1172; x_wconf 77' lang='lat' dir='ltr'><strong>dioc,</strong></span> <span class='ocrx_word' id='word_1_59' title='bbox 1449 1114 1526 1158; x_wconf 90' lang='lat' dir='ltr'><strong>nos-</strong></span> 
     </span>
     <span class='ocr_line' id='line_1_7' title="bbox 159 1192 1352 1281; baseline 0.002 -22"><span class='ocrx_word' id='word_1_60' title='bbox 159 1194 245 1259; x_wconf 84' lang='lat' dir='ltr'><strong>citur</strong></span> <span class='ocrx_word' id='word_1_61' title='bbox 267 1194 428 1259; x_wconf 87' lang='lat' dir='ltr'><strong>obtinere.</strong></span> <span class='ocrx_word' id='word_1_62' title='bbox 439 1235 482 1243; x_wconf 91' lang='lat'><em>-</em></span> <span class='ocrx_word' id='word_1_63' title='bbox 493 1192 569 1259; x_wconf 87' lang='lat' dir='ltr'><strong>Fiat</strong></span> <span class='ocrx_word' id='word_1_64' title='bbox 585 1194 618 1259; x_wconf 92' lang='lat' dir='ltr'><strong>in</strong></span> <span class='ocrx_word' id='word_1_65' title='bbox 634 1194 715 1265; x_wconf 88' lang='lat' dir='ltr'><strong>eccl.</strong></span> <span class='ocrx_word' id='word_1_66' title='bbox 732 1192 763 1259; x_wconf 85' lang='lat' dir='ltr'><strong>S.</strong></span> <span class='ocrx_word' id='word_1_67' title='bbox 781 1192 930 1281; x_wconf 84' lang='lat' dir='ltr'><strong>Nicolay</strong></span> <span class='ocrx_word' id='word_1_68' title='bbox 945 1194 1146 1260; x_wconf 81' lang='lat' dir='ltr'><strong>Ambianen.</strong></span> <span class='ocrx_word' id='word_1_69' title='bbox 1163 1194 1204 1260; x_wconf 92' lang='lat' dir='ltr'><strong>R.</strong></span> <span class='ocrx_word' id='word_1_70' title='bbox 1221 1194 1265 1280; x_wconf 83' lang='lat'><strong>(1,</strong></span> <span class='ocrx_word' id='word_1_71' title='bbox 1284 1205 1352 1271; x_wconf 83' lang='lat'><strong>21).</strong></span> 
     </span>
    </p>
   </div>
   <div class='ocr_carea' id='block_1_4' title="bbox 159 1328 1526 1730">
    <p class='ocr_par' dir='ltr' id='par_1_4' title="bbox 159 1328 1526 1730">
     <span class='ocr_line' id='line_1_8' title="bbox 203 1328 1526 1418; baseline 0.006 -23"><span class='ocrx_word' id='word_1_72' title='bbox 203 1336 261 1395; x_wconf 88' lang='grc'><strong>37.</strong></span> <span class='ocrx_word' id='word_1_73' title='bbox 279 1328 366 1395; x_wconf 83' lang='lat' dir='ltr'>Item</span> <span class='ocrx_word' id='word_1_74' title='bbox 382 1339 474 1415; x_wconf 92' lang='lat' dir='ltr'><strong>quat.</strong></span> <span class='ocrx_word' id='word_1_75' title='bbox 495 1329 530 1418; x_wconf 86' lang='lat' dir='ltr'><strong>[J</strong></span> <span class='ocrx_word' id='word_1_76' title='bbox 534 1331 669 1413; x_wconf 82' lang='lat' dir='ltr'><strong>ohanni,</strong></span> <span class='ocrx_word' id='word_1_77' title='bbox 686 1330 755 1397; x_wconf 88' lang='lat' dir='ltr'><strong>filio</strong></span> <span class='ocrx_word' id='word_1_78' title='bbox 770 1330 860 1401; x_wconf 90' lang='lat' dir='ltr'><strong>dom.</strong></span> <span class='ocrx_word' id='word_1_79' title='bbox 876 1330 919 1395; x_wconf 92' lang='lat' dir='ltr'><strong>de</strong></span> <span class='ocrx_word' id='word_1_80' title='bbox 932 1328 1061 1396; x_wconf 84' lang='lat' dir='ltr'><strong>Bours²</strong></span> <span class='ocrx_word' id='word_1_81' title='bbox 1076 1330 1181 1417; x_wconf 77' lang='lat' dir='ltr'><strong>cler.,]</strong></span> <span class='ocrx_word' id='word_1_82' title='bbox 1200 1333 1413 1401; x_wconf 84' lang='lat' dir='ltr'><strong>Attrebaten.</strong></span> <span class='ocrx_word' id='word_1_83' title='bbox 1428 1336 1526 1418; x_wconf 68' lang='lat' dir='ltr'><strong>dioc„</strong></span> 
     </span>
     <span class='ocr_line' id='line_1_9' title="bbox 159 1434 1525 1522; baseline 0.004 -21"><span class='ocrx_word' id='word_1_84' title='bbox 159 1434 202 1501; x_wconf 88' lang='lat' dir='ltr'><strong>de</strong></span> <span class='ocrx_word' id='word_1_85' title='bbox 229 1456 305 1501; x_wconf 90' lang='lat' dir='ltr'><strong>can.</strong></span> <span class='ocrx_word' id='word_1_86' title='bbox 332 1437 414 1502; x_wconf 90' lang='lat' dir='ltr'><strong>eccl.</strong></span> <span class='ocrx_word' id='word_1_87' title='bbox 441 1435 658 1502; x_wconf 90' lang='lat' dir='ltr'><strong>Cameracen.</strong></span> <span class='ocrx_word' id='word_1_88' title='bbox 686 1436 865 1522; x_wconf 84' lang='lat' dir='ltr'><strong>dignemini</strong></span> <span class='ocrx_word' id='word_1_89' title='bbox 893 1436 1068 1522; x_wconf 90' lang='lat' dir='ltr'><strong>providere</strong></span> <span class='ocrx_word' id='word_1_90' title='bbox 1087 1444 1122 1501; x_wconf 88' lang='lat' dir='ltr'><strong>et</strong></span> <span class='ocrx_word' id='word_1_91' title='bbox 1149 1441 1241 1521; x_wconf 91' lang='lat' dir='ltr'><strong>preb.</strong></span> <span class='ocrx_word' id='word_1_92' title='bbox 1264 1458 1441 1522; x_wconf 81' lang='lat' dir='ltr'><strong>reservare,</strong></span> <span class='ocrx_word' id='word_1_93' title='bbox 1456 1461 1525 1506; x_wconf 89' lang='lat' dir='ltr'><strong>non</strong></span> 
     </span>
     <span class='ocr_line' id='line_1_10' title="bbox 160 1539 1524 1624; baseline 0.004 -20"><span class='ocrx_word' id='word_1_94' title='bbox 160 1543 246 1605; x_wconf 91' lang='lat' dir='ltr'><strong>obst.</strong></span> <span class='ocrx_word' id='word_1_95' title='bbox 263 1540 353 1624; x_wconf 92' lang='lat' dir='ltr'><strong>quod</strong></span> <span class='ocrx_word' id='word_1_96' title='bbox 379 1540 413 1605; x_wconf 90' lang='lat' dir='ltr'><strong>in</strong></span> <span class='ocrx_word' id='word_1_97' title='bbox 438 1541 519 1607; x_wconf 92' lang='lat' dir='ltr'><strong>eccl.</strong></span> <span class='ocrx_word' id='word_1_98' title='bbox 536 1540 575 1606; x_wconf 92' lang='lat' dir='ltr'><strong>B.</strong></span> <span class='ocrx_word' id='word_1_99' title='bbox 592 1539 822 1607; x_wconf 83' lang='lat' dir='ltr'><strong>Bartlrolomei</strong></span> <span class='ocrx_word' id='word_1_100' title='bbox 837 1540 879 1605; x_wconf 91' lang='lat' dir='ltr'><strong>de</strong></span> <span class='ocrx_word' id='word_1_101' title='bbox 896 1539 1074 1620; x_wconf 85' lang='lat' dir='ltr'><strong>Betlrunia,</strong></span> <span class='ocrx_word' id='word_1_102' title='bbox 1092 1543 1303 1608; x_wconf 79' lang='lat' dir='ltr'><strong>Attrebaten.</strong></span> <span class='ocrx_word' id='word_1_103' title='bbox 1330 1542 1427 1623; x_wconf 69' lang='lat' dir='ltr'><strong>dioc„</strong></span> <span class='ocrx_word' id='word_1_104' title='bbox 1451 1565 1524 1610; x_wconf 90' lang='lat' dir='ltr'><strong>can.</strong></span> 
     </span>
     <span class='ocr_line' id='line_1_11' title="bbox 159 1644 1471 1730; baseline 0.005 -23"><span class='ocrx_word' id='word_1_105' title='bbox 159 1652 194 1709; x_wconf 86' lang='lat' dir='ltr'><strong>et</strong></span> <span class='ocrx_word' id='word_1_106' title='bbox 211 1647 302 1729; x_wconf 88' lang='lat' dir='ltr'>preb.</span> <span class='ocrx_word' id='word_1_107' title='bbox 315 1646 463 1711; x_wconf 89' lang='lat' dir='ltr'><strong>noscitur</strong></span> <span class='ocrx_word' id='word_1_108' title='bbox 479 1646 639 1711; x_wconf 88' lang='lat' dir='ltr'><strong>obtinere.</strong></span> <span class='ocrx_word' id='word_1_109' title='bbox 657 1686 697 1695; x_wconf 97' lang='lat'><em>-</em></span> <span class='ocrx_word' id='word_1_110' title='bbox 715 1644 792 1710; x_wconf 84' lang='lat' dir='ltr'><strong>Fiat</strong></span> <span class='ocrx_word' id='word_1_111' title='bbox 808 1645 841 1709; x_wconf 91' lang='lat' dir='ltr'><strong>in</strong></span> <span class='ocrx_word' id='word_1_112' title='bbox 858 1646 940 1710; x_wconf 90' lang='lat' dir='ltr'><strong>eccl.</strong></span> <span class='ocrx_word' id='word_1_113' title='bbox 957 1645 989 1711; x_wconf 84' lang='lat' dir='ltr'><strong>S.</strong></span> <span class='ocrx_word' id='word_1_114' title='bbox 1005 1644 1183 1730; x_wconf 89' lang='lat' dir='ltr'><strong>Gaugerici</strong></span> <span class='ocrx_word' id='word_1_115' title='bbox 1199 1645 1413 1714; x_wconf 88' lang='lat' dir='ltr'><strong>Cameracen.</strong></span> <span class='ocrx_word' id='word_1_116' title='bbox 1430 1647 1471 1713; x_wconf 90' lang='lat' dir='ltr'><strong>R.</strong></span> 
     </span>
    </p>
   </div>
   <div class='ocr_carea' id='block_1_5' title="bbox 159 1781 1526 2390">
    <p class='ocr_par' dir='ltr' id='par_1_5' title="bbox 159 1781 1526 2285">
     <span class='ocr_line' id='line_1_12' title="bbox 204 1781 1525 1869; baseline 0 -21"><span class='ocrx_word' id='word_1_117' title='bbox 204 1789 262 1849; x_wconf 88' lang='grc'><strong>38.</strong></span> <span class='ocrx_word' id='word_1_118' title='bbox 280 1781 367 1847; x_wconf 88' lang='lat' dir='ltr'>Item</span> <span class='ocrx_word' id='word_1_119' title='bbox 383 1791 475 1867; x_wconf 90' lang='lat' dir='ltr'><strong>quat.</strong></span> <span class='ocrx_word' id='word_1_120' title='bbox 496 1783 600 1869; x_wconf 85' lang='lat' dir='ltr'><strong>[mag.</strong></span> <span class='ocrx_word' id='word_1_121' title='bbox 611 1782 784 1869; x_wconf 86' lang='lat' dir='ltr'><strong>Stephano</strong></span> <span class='ocrx_word' id='word_1_122' title='bbox 799 1782 843 1847; x_wconf 90' lang='lat' dir='ltr'><strong>de</strong></span> <span class='ocrx_word' id='word_1_123' title='bbox 858 1783 889 1847; x_wconf 90' lang='lat' dir='ltr'><strong>le</strong></span> <span class='ocrx_word' id='word_1_124' title='bbox 905 1782 1038 1849; x_wconf 89' lang='lat' dir='ltr'><strong>Barrois</strong></span> <span class='ocrx_word' id='word_1_125' title='bbox 1046 1793 1067 1864; x_wconf 86' lang='lat'><strong>³,</strong></span> <span class='ocrx_word' id='word_1_126' title='bbox 1080 1784 1269 1850; x_wconf 84' lang='lat' dir='ltr'><strong>consiliario</strong></span> <span class='ocrx_word' id='word_1_127' title='bbox 1283 1783 1369 1867; x_wconf 89' lang='lat' dir='ltr'><strong>regis</strong></span> <span class='ocrx_word' id='word_1_128' title='bbox 1385 1782 1525 1848; x_wconf 89' lang='lat' dir='ltr'><strong>Francie</strong></span> 
     </span>
     <span class='ocr_line' id='line_1_13' title="bbox 159 1886 1526 1973; baseline 0.001 -24"><span class='ocrx_word' id='word_1_129' title='bbox 159 1886 192 1949; x_wconf 90' lang='lat' dir='ltr'><strong>in</strong></span> <span class='ocrx_word' id='word_1_130' title='bbox 206 1887 370 1971; x_wconf 87' lang='lat' dir='ltr'><strong>requestis</strong></span> <span class='ocrx_word' id='word_1_131' title='bbox 385 1888 501 1972; x_wconf 88' lang='lat' dir='ltr'><strong>palatii</strong></span> <span class='ocrx_word' id='word_1_132' title='bbox 517 1888 566 1952; x_wconf 92' lang='lat' dir='ltr'><strong>sui</strong></span> <span class='ocrx_word' id='word_1_133' title='bbox 589 1887 790 1967; x_wconf 85' lang='lat' dir='ltr'><strong>Parisiensis,</strong></span> <span class='ocrx_word' id='word_1_134' title='bbox 811 1886 1016 1973; x_wconf 86' lang='lat' dir='ltr'><strong>consiliario]</strong></span> <span class='ocrx_word' id='word_1_135' title='bbox 1046 1887 1128 1952; x_wconf 88' lang='lat' dir='ltr'><strong>item</strong></span> <span class='ocrx_word' id='word_1_136' title='bbox 1151 1887 1232 1953; x_wconf 89' lang='lat' dir='ltr'><strong>dicti</strong></span> <span class='ocrx_word' id='word_1_137' title='bbox 1259 1886 1363 1967; x_wconf 73' lang='lat' dir='ltr'><strong>duciS,</strong></span> <span class='ocrx_word' id='word_1_138' title='bbox 1386 1887 1526 1953; x_wconf 90' lang='lat' dir='ltr'><strong>decan.</strong></span> 
     </span>
     <span class='ocr_line' id='line_1_14' title="bbox 160 1990 1524 2078; baseline 0.001 -24"><span class='ocrx_word' id='word_1_139' title='bbox 160 1990 373 2057; x_wconf 84' lang='lat' dir='ltr'><strong>Aurelianen.</strong></span> <span class='ocrx_word' id='word_1_140' title='bbox 399 1992 578 2077; x_wconf 84' lang='lat' dir='ltr'><strong>dignemini</strong></span> <span class='ocrx_word' id='word_1_141' title='bbox 606 1990 780 2078; x_wconf 89' lang='lat' dir='ltr'><strong>providere</strong></span> <span class='ocrx_word' id='word_1_142' title='bbox 805 1992 872 2078; x_wconf 87' lang='lat' dir='ltr'><strong>[et]</strong></span> <span class='ocrx_word' id='word_1_143' title='bbox 892 1994 984 2077; x_wconf 91' lang='lat' dir='ltr'><strong>preb.</strong></span> <span class='ocrx_word' id='word_1_144' title='bbox 1000 2012 1177 2073; x_wconf 82' lang='lat' dir='ltr'><strong>reservare,</strong></span> <span class='ocrx_word' id='word_1_145' title='bbox 1200 2012 1270 2058; x_wconf 90' lang='lat' dir='ltr'><strong>non</strong></span> <span class='ocrx_word' id='word_1_146' title='bbox 1287 1994 1371 2057; x_wconf 91' lang='lat' dir='ltr'><strong>obst.</strong></span> <span class='ocrx_word' id='word_1_147' title='bbox 1389 1992 1524 2076; x_wconf 92' lang='lat' dir='ltr'><strong>quodin</strong></span> 
     </span>
     <span class='ocr_line' id='line_1_15' title="bbox 160 2092 1525 2180; baseline 0.001 -22"><span class='ocrx_word' id='word_1_148' title='bbox 160 2094 242 2159; x_wconf 86' lang='lat' dir='ltr'><strong>eccl.</strong></span> <span class='ocrx_word' id='word_1_149' title='bbox 270 2092 473 2160; x_wconf 74' lang='lat' dir='ltr'><strong>Noiiomen.</strong></span> <span class='ocrx_word' id='word_1_150' title='bbox 494 2105 529 2161; x_wconf 92' lang='lat' dir='ltr'><strong>et</strong></span> <span class='ocrx_word' id='word_1_151' title='bbox 545 2095 729 2180; x_wconf 81' lang='lat' dir='ltr'><strong>collegiatis</strong></span> <span class='ocrx_word' id='word_1_152' title='bbox 756 2095 786 2160; x_wconf 78' lang='lat' dir='ltr'><strong>S.</strong></span> <span class='ocrx_word' id='word_1_153' title='bbox 803 2094 966 2161; x_wconf 88' lang='lat' dir='ltr'><strong>Odomari</strong></span> <span class='ocrx_word' id='word_1_154' title='bbox 991 2094 1033 2160; x_wconf 93' lang='lat' dir='ltr'><strong>de</strong></span> <span class='ocrx_word' id='word_1_155' title='bbox 1058 2094 1196 2177; x_wconf 85' lang='lat' dir='ltr'><strong>Lileriis,</strong></span> <span class='ocrx_word' id='word_1_156' title='bbox 1214 2096 1245 2160; x_wconf 86' lang='lat' dir='ltr'><strong>S.</strong></span> <span class='ocrx_word' id='word_1_157' title='bbox 1262 2095 1352 2161; x_wconf 85' lang='lat' dir='ltr'><strong>Petri</strong></span> <span class='ocrx_word' id='word_1_158' title='bbox 1368 2095 1525 2176; x_wconf 59' lang='lat' dir='ltr'><strong>briensis,</strong></span> 
     </span>
     <span class='ocr_line' id='line_1_16' title="bbox 161 2196 1244 2285; baseline 0 -23"><span class='ocrx_word' id='word_1_159' title='bbox 161 2196 328 2264; x_wconf 87' lang='lat' dir='ltr'><strong>Morinen.</strong></span> <span class='ocrx_word' id='word_1_160' title='bbox 344 2196 441 2279; x_wconf 75' lang='lat' dir='ltr'><strong>dioc,</strong></span> <span class='ocrx_word' id='word_1_161' title='bbox 458 2220 532 2264; x_wconf 90' lang='lat' dir='ltr'><strong>can.</strong></span> <span class='ocrx_word' id='word_1_162' title='bbox 549 2209 583 2263; x_wconf 91' lang='lat' dir='ltr'><strong>et</strong></span> <span class='ocrx_word' id='word_1_163' title='bbox 599 2201 690 2285; x_wconf 88' lang='lat' dir='ltr'><strong>preb.</strong></span> <span class='ocrx_word' id='word_1_164' title='bbox 706 2198 854 2265; x_wconf 88' lang='lat' dir='ltr'><strong>noscitur</strong></span> <span class='ocrx_word' id='word_1_165' title='bbox 869 2199 1033 2265; x_wconf 91' lang='lat' dir='ltr'><strong>obtinere.</strong></span> <span class='ocrx_word' id='word_1_166' title='bbox 1050 2238 1092 2250; x_wconf 91' lang='lat'>-</span> <span class='ocrx_word' id='word_1_167' title='bbox 1109 2198 1187 2266; x_wconf 84' lang='lat' dir='ltr'><strong>Fiat</strong></span> <span class='ocrx_word' id='word_1_168' title='bbox 1204 2197 1244 2263; x_wconf 88' lang='lat' dir='ltr'><strong>R.</strong></span> 
     </span>
    </p>

    <p class='ocr_par' dir='ltr' id='par_1_6' title="bbox 203 2288 739 2390">
     <span class='ocr_line' id='line_1_17' title="bbox 203 2288 739 2390; baseline 0.006 -23"><span class='ocrx_word' id='word_1_169' title='bbox 203 2303 283 2369; x_wconf 89' lang='lat' dir='ltr'><strong>Dat.</strong></span> <span class='ocrx_word' id='word_1_170' title='bbox 300 2303 399 2369; x_wconf 83' lang='lat' dir='ltr'><strong>Avin.</strong></span> <span class='ocrx_word' id='word_1_171' title='bbox 414 2302 483 2369; x_wconf 88' lang='lat' dir='ltr'><strong>kal.</strong></span> <span class='ocrx_word' id='word_1_172' title='bbox 496 2304 589 2390; x_wconf 83' lang='lat' dir='ltr'><strong>junii.</strong></span> <span class='ocrx_word' id='word_1_173' title='bbox 609 2288 652 2389; x_wconf 60' lang='lat' dir='ltr'><strong>(lJ</strong></span> <span class='ocrx_word' id='word_1_174' title='bbox 671 2306 739 2388; x_wconf 89' lang='lat'><em>21).</em></span> 
     </span>
    </p>
   </div>
   <div class='ocr_carea' id='block_1_6' title="bbox 156 2440 1529 3583">
    <p class='ocr_par' dir='ltr' id='par_1_7' title="bbox 212 2440 1482 2535">
     <span class='ocr_line' id='line_1_18' title="bbox 212 2440 1482 2535; baseline -0.009 -11"><span class='ocrx_word' id='word_1_175' title='bbox 212 2440 393 2526; x_wconf 80' lang='grc'>39-42.</span> <span class='ocrx_word' id='word_1_176' title='bbox 1215 2471 1311 2535; x_wconf 64' lang='lat'><em>1342,</em></span> <span class='ocrx_word' id='word_1_177' title='bbox 1328 2472 1383 2516; x_wconf 82' lang='lat' dir='ltr'><strong>r-2</strong></span> <span class='ocrx_word' id='word_1_178' title='bbox 1394 2448 1482 2530; x_wconf 83' lang='lat' dir='ltr'><strong>jm&#39;n.</strong></span> 
     </span>
    </p>

    <p class='ocr_par' dir='ltr' id='par_1_8' title="bbox 156 2557 1529 3583">
     <span class='ocr_line' id='line_1_19' title="bbox 201 2557 1527 2647; baseline -0.005 -23"><span class='ocrx_word' id='word_1_179' title='bbox 201 2560 304 2647; x_wconf 89' lang='lat' dir='ltr'><strong>Supp.</strong></span> <span class='ocrx_word' id='word_1_180' title='bbox 321 2560 353 2625; x_wconf 89' lang='lat' dir='ltr'><strong>S.</strong></span> <span class='ocrx_word' id='word_1_181' title='bbox 369 2560 409 2625; x_wconf 88' lang='lat' dir='ltr'><strong>V.</strong></span> <span class='ocrx_word' id='word_1_182' title='bbox 428 2558 537 2625; x_wconf 91' lang='lat' dir='ltr'><strong>Maria</strong></span> <span class='ocrx_word' id='word_1_183' title='bbox 548 2558 591 2623; x_wconf 89' lang='lat' dir='ltr'><strong>de</strong></span> <span class='ocrx_word' id='word_1_184' title='bbox 601 2559 769 2637; x_wconf 86' lang='lat' dir='ltr'><strong>Annonia,</strong></span> <span class='ocrx_word' id='word_1_185' title='bbox 782 2557 913 2624; x_wconf 86' lang='lat' dir='ltr'><strong>ducissa</strong></span> <span class='ocrx_word' id='word_1_186' title='bbox 925 2558 1130 2640; x_wconf 86' lang='lat' dir='ltr'><strong>Borbonesii,</strong></span> <span class='ocrx_word' id='word_1_187' title='bbox 1142 2559 1259 2624; x_wconf 85' lang='lat' dir='ltr'><strong>relicta</strong></span> <span class='ocrx_word' id='word_1_188' title='bbox 1271 2559 1387 2624; x_wconf 89' lang='lat' dir='ltr'><strong>inclite</strong></span> <span class='ocrx_word' id='word_1_189' title='bbox 1397 2575 1527 2621; x_wconf 88' lang='lat' dir='ltr'><strong>memo-</strong></span> 
     </span>
     <span class='ocr_line' id='line_1_20' title="bbox 156 2658 1527 2745; baseline -0.005 -18"><span class='ocrx_word' id='word_1_190' title='bbox 156 2664 203 2729; x_wconf 88' lang='lat' dir='ltr'><strong>rie</strong></span> <span class='ocrx_word' id='word_1_191' title='bbox 219 2664 311 2730; x_wconf 91' lang='lat' dir='ltr'><strong>dom.</strong></span> <span class='ocrx_word' id='word_1_192' title='bbox 325 2664 486 2731; x_wconf 74' lang='lat' dir='ltr'><strong>Ludoiici</strong></span> <span class='ocrx_word' id='word_1_193' title='bbox 509 2662 603 2729; x_wconf 92' lang='lat' dir='ltr'><strong>ducis</strong></span> <span class='ocrx_word' id='word_1_194' title='bbox 629 2662 835 2743; x_wconf 86' lang='lat' dir='ltr'><strong>Borbonesii,</strong></span> <span class='ocrx_word' id='word_1_195' title='bbox 851 2662 944 2745; x_wconf 91' lang='lat' dir='ltr'><strong>quod</strong></span> <span class='ocrx_word' id='word_1_196' title='bbox 959 2662 1050 2727; x_wconf 92' lang='lat' dir='ltr'><strong>olim.</strong></span> <span class='ocrx_word' id='word_1_197' title='bbox 1063 2662 1117 2727; x_wconf 84' lang='lat' dir='ltr'><strong>fel.</strong></span> <span class='ocrx_word' id='word_1_198' title='bbox 1133 2682 1199 2729; x_wconf 89' lang='lat' dir='ltr'><strong>rec.</strong></span> <span class='ocrx_word' id='word_1_199' title='bbox 1215 2662 1306 2727; x_wconf 93' lang='lat' dir='ltr'><strong>dom.</strong></span> <span class='ocrx_word' id='word_1_200' title='bbox 1323 2658 1527 2725; x_wconf 86' lang='lat' dir='ltr'><strong>Benedictus</strong></span> 
     </span>
     <span class='ocr_line' id='line_1_21' title="bbox 156 2761 1529 2855; baseline -0.007 -22"><span class='ocrx_word' id='word_1_201' title='bbox 156 2788 247 2855; x_wconf 89' lang='lat' dir='ltr'><strong>papa</strong></span> <span class='ocrx_word' id='word_1_202' title='bbox 263 2766 343 2851; x_wconf 87' lang='lat' dir='ltr'>XII,</span> <span class='ocrx_word' id='word_1_203' title='bbox 359 2769 574 2855; x_wconf 88' lang='lat' dir='ltr'><strong>predecessor</strong></span> <span class='ocrx_word' id='word_1_204' title='bbox 587 2777 707 2850; x_wconf 82' lang='lat' dir='ltr'><strong>vester,</strong></span> <span class='ocrx_word' id='word_1_205' title='bbox 724 2767 826 2854; x_wconf 91' lang='lat' dir='ltr'><strong>ipsius</strong></span> <span class='ocrx_word' id='word_1_206' title='bbox 841 2766 971 2833; x_wconf 88' lang='lat' dir='ltr'><strong>ducisse</strong></span> <span class='ocrx_word' id='word_1_207' title='bbox 994 2766 1293 2854; x_wconf 85' lang='lat' dir='ltr'><strong>contemplatione,</strong></span> <span class='ocrx_word' id='word_1_208' title='bbox 1310 2764 1389 2830; x_wconf 87' lang='lat' dir='ltr'><strong>fecit</strong></span> <span class='ocrx_word' id='word_1_209' title='bbox 1404 2761 1529 2846; x_wconf 85' lang='lat' dir='ltr'><strong>clerico</strong></span> 
     </span>
     <span class='ocr_line' id='line_1_22' title="bbox 156 2867 1528 2956; baseline -0.007 -18"><span class='ocrx_word' id='word_1_210' title='bbox 156 2893 228 2954; x_wconf 88' lang='lat' dir='ltr'><strong>suo,</strong></span> <span class='ocrx_word' id='word_1_211' title='bbox 244 2871 377 2951; x_wconf 88' lang='lat' dir='ltr'><strong>Jacobo</strong></span> <span class='ocrx_word' id='word_1_212' title='bbox 391 2874 434 2940; x_wconf 87' lang='lat' dir='ltr'><strong>de</strong></span> <span class='ocrx_word' id='word_1_213' title='bbox 449 2867 609 2953; x_wconf 80' lang='lat' dir='ltr'><strong>Vitri&#39;acO,</strong></span> <span class='ocrx_word' id='word_1_214' title='bbox 625 2872 667 2938; x_wconf 87' lang='lat' dir='ltr'><strong>de</strong></span> <span class='ocrx_word' id='word_1_215' title='bbox 684 2893 757 2938; x_wconf 91' lang='lat' dir='ltr'><strong>can.</strong></span> <span class='ocrx_word' id='word_1_216' title='bbox 775 2871 856 2937; x_wconf 90' lang='lat' dir='ltr'><strong>eccl.</strong></span> <span class='ocrx_word' id='word_1_217' title='bbox 870 2872 901 2937; x_wconf 87' lang='lat' dir='ltr'><strong>S.</strong></span> <span class='ocrx_word' id='word_1_218' title='bbox 919 2871 1102 2936; x_wconf 90' lang='lat' dir='ltr'><strong>Donatiani</strong></span> <span class='ocrx_word' id='word_1_219' title='bbox 1129 2871 1172 2936; x_wconf 91' lang='lat' dir='ltr'><strong>de</strong></span> <span class='ocrx_word' id='word_1_220' title='bbox 1195 2871 1322 2956; x_wconf 89' lang='lat' dir='ltr'><strong>Brugis‚</strong></span> <span class='ocrx_word' id='word_1_221' title='bbox 1338 2868 1528 2934; x_wconf 89' lang='lat' dir='ltr'><strong>Tornacen.</strong></span> 
     </span>
     <span class='ocr_line' id='line_1_23' title="bbox 156 2971 1527 3065; baseline -0.006 -23"><span class='ocrx_word' id='word_1_222' title='bbox 156 2977 257 3056; x_wconf 74' lang='lat' dir='ltr'><strong>dioc„</strong></span> <span class='ocrx_word' id='word_1_223' title='bbox 273 2986 308 3043; x_wconf 89' lang='lat' dir='ltr'><strong>et</strong></span> <span class='ocrx_word' id='word_1_224' title='bbox 323 2981 415 3063; x_wconf 90' lang='lat' dir='ltr'><strong>preb.</strong></span> <span class='ocrx_word' id='word_1_225' title='bbox 437 2976 525 3064; x_wconf 88' lang='lat' dir='ltr'><strong>[vac.</strong></span> <span class='ocrx_word' id='word_1_226' title='bbox 541 2979 595 3043; x_wconf 91' lang='lat' dir='ltr'><strong>vel</strong></span> <span class='ocrx_word' id='word_1_227' title='bbox 611 2977 738 3064; x_wconf 78' lang='lat' dir='ltr'><strong>vacat]</strong></span> <span class='ocrx_word' id='word_1_228' title='bbox 758 3001 804 3064; x_wconf 87' lang='lat' dir='ltr'><strong>gr.</strong></span> <span class='ocrx_word' id='word_1_229' title='bbox 821 2999 921 3065; x_wconf 73' lang='lat' dir='ltr'><strong>spec.¹</strong></span> <span class='ocrx_word' id='word_1_230' title='bbox 938 2999 980 3044; x_wconf 86' lang='lat' dir='ltr'><strong>ex</strong></span> <span class='ocrx_word' id='word_1_231' title='bbox 996 2997 1061 3062; x_wconf 87' lang='lat' dir='ltr'><strong>qua</strong></span> <span class='ocrx_word' id='word_1_232' title='bbox 1076 2977 1185 3062; x_wconf 87' lang='lat' dir='ltr'><strong>gratia</strong></span> <span class='ocrx_word' id='word_1_233' title='bbox 1201 2977 1329 3041; x_wconf 91' lang='lat' dir='ltr'><strong>nullum</strong></span> <span class='ocrx_word' id='word_1_234' title='bbox 1346 2971 1527 3040; x_wconf 90' lang='lat' dir='ltr'><strong>comodum</strong></span> 
     </span>
     <span class='ocr_line' id='line_1_24' title="bbox 156 3079 1528 3168; baseline -0.006 -21"><span class='ocrx_word' id='word_1_235' title='bbox 156 3081 353 3167; x_wconf 86' lang='lat' dir='ltr'><strong>reportavit,</strong></span> <span class='ocrx_word' id='word_1_236' title='bbox 369 3081 449 3148; x_wconf 87' lang='lat' dir='ltr'><strong>licet</strong></span> <span class='ocrx_word' id='word_1_237' title='bbox 464 3082 584 3147; x_wconf 87' lang='lat' dir='ltr'><strong>exinde</strong></span> <span class='ocrx_word' id='word_1_238' title='bbox 607 3103 708 3146; x_wconf 89' lang='lat' dir='ltr'><strong>onera</strong></span> <span class='ocrx_word' id='word_1_239' title='bbox 732 3084 874 3168; x_wconf 88' lang='lat' dir='ltr'><strong>plurima</strong></span> <span class='ocrx_word' id='word_1_240' title='bbox 890 3082 1026 3148; x_wconf 92' lang='lat' dir='ltr'><strong>subierit</strong></span> <span class='ocrx_word' id='word_1_241' title='bbox 1042 3091 1076 3147; x_wconf 88' lang='lat' dir='ltr'><strong>et</strong></span> <span class='ocrx_word' id='word_1_242' title='bbox 1102 3101 1276 3165; x_wconf 83' lang='lat' dir='ltr'><strong>expensas.</strong></span> <span class='ocrx_word' id='word_1_243' title='bbox 1293 3079 1405 3164; x_wconf 78' lang='lat' dir='ltr'><strong>Quare</strong></span> <span class='ocrx_word' id='word_1_244' title='bbox 1431 3096 1528 3160; x_wconf 90' lang='lat' dir='ltr'><strong>supp.</strong></span> 
     </span>
     <span class='ocr_line' id='line_1_25' title="bbox 156 3177 1525 3272; baseline -0.007 -22"><span class='ocrx_word' id='word_1_245' title='bbox 156 3185 268 3250; x_wconf 86' lang='lat' dir='ltr'><strong>eidem</strong></span> <span class='ocrx_word' id='word_1_246' title='bbox 285 3184 316 3250; x_wconf 88' lang='lat' dir='ltr'><strong>S.</strong></span> <span class='ocrx_word' id='word_1_247' title='bbox 329 3183 369 3250; x_wconf 90' lang='lat' dir='ltr'><strong>V.</strong></span> <span class='ocrx_word' id='word_1_248' title='bbox 385 3183 515 3252; x_wconf 91' lang='lat' dir='ltr'><strong>ducissa</strong></span> <span class='ocrx_word' id='word_1_249' title='bbox 531 3185 672 3272; x_wconf 84' lang='lat' dir='ltr'><strong>prelata,</strong></span> <span class='ocrx_word' id='word_1_250' title='bbox 689 3193 781 3270; x_wconf 87' lang='lat' dir='ltr'><strong>quat.</strong></span> <span class='ocrx_word' id='word_1_251' title='bbox 798 3186 966 3270; x_wconf 85' lang='lat' dir='ltr'><strong>prefatam</strong></span> <span class='ocrx_word' id='word_1_252' title='bbox 981 3206 1027 3270; x_wconf 90' lang='lat' dir='ltr'><strong>gr.</strong></span> <span class='ocrx_word' id='word_1_253' title='bbox 1044 3184 1225 3269; x_wconf 89' lang='lat' dir='ltr'><strong>dignemini</strong></span> <span class='ocrx_word' id='word_1_254' title='bbox 1241 3186 1302 3248; x_wconf 90' lang='lat' dir='ltr'><strong>sub</strong></span> <span class='ocrx_word' id='word_1_255' title='bbox 1314 3189 1428 3246; x_wconf 88' lang='lat' dir='ltr'><strong>vestro</strong></span> <span class='ocrx_word' id='word_1_256' title='bbox 1439 3177 1525 3242; x_wconf 86' lang='lat' dir='ltr'><strong>felici</strong></span> 
     </span>
     <span class='ocr_line' id='line_1_26' title="bbox 157 3282 1526 3374; baseline -0.007 -20"><span class='ocrx_word' id='word_1_257' title='bbox 157 3290 297 3356; x_wconf 90' lang='lat' dir='ltr'><strong>nomine</strong></span> <span class='ocrx_word' id='word_1_258' title='bbox 321 3310 481 3355; x_wconf 85' lang='lat' dir='ltr'><strong>renovare</strong></span> <span class='ocrx_word' id='word_1_259' title='bbox 503 3311 596 3370; x_wconf 90' lang='lat' dir='ltr'><strong>;n0n</strong></span> <span class='ocrx_word' id='word_1_260' title='bbox 628 3293 713 3355; x_wconf 86' lang='lat' dir='ltr'><strong>obst.</strong></span> <span class='ocrx_word' id='word_1_261' title='bbox 745 3289 835 3374; x_wconf 92' lang='lat' dir='ltr'><strong>quod</strong></span> <span class='ocrx_word' id='word_1_262' title='bbox 866 3289 955 3355; x_wconf 88' lang='lat' dir='ltr'><strong>idem</strong></span> <span class='ocrx_word' id='word_1_263' title='bbox 986 3289 1134 3368; x_wconf 86' lang='lat' dir='ltr'><strong>Jacobus</strong></span> <span class='ocrx_word' id='word_1_264' title='bbox 1161 3309 1234 3353; x_wconf 86' lang='lat' dir='ltr'><strong>can.</strong></span> <span class='ocrx_word' id='word_1_265' title='bbox 1261 3292 1296 3351; x_wconf 91' lang='lat' dir='ltr'><strong>et</strong></span> <span class='ocrx_word' id='word_1_266' title='bbox 1324 3287 1418 3371; x_wconf 87' lang='lat' dir='ltr'><strong>preb.</strong></span> <span class='ocrx_word' id='word_1_267' title='bbox 1444 3282 1526 3346; x_wconf 90' lang='lat' dir='ltr'><strong>eccl.</strong></span> 
     </span>
     <span class='ocr_line' id='line_1_27' title="bbox 159 3383 1529 3474; baseline -0.007 -18"><span class='ocrx_word' id='word_1_268' title='bbox 159 3393 191 3457; x_wconf 86' lang='lat' dir='ltr'><strong>S.</strong></span> <span class='ocrx_word' id='word_1_269' title='bbox 207 3392 226 3471; x_wconf 92' lang='lat' dir='ltr'>J</span> <span class='ocrx_word' id='word_1_270' title='bbox 230 3393 373 3458; x_wconf 89' lang='lat' dir='ltr'><strong>ohannis</strong></span> <span class='ocrx_word' id='word_1_271' title='bbox 388 3392 582 3474; x_wconf 89' lang='lat' dir='ltr'><strong>deVirtuto,</strong></span> <span class='ocrx_word' id='word_1_272' title='bbox 600 3393 821 3459; x_wconf 87' lang='lat' dir='ltr'><strong>Catlralanen.</strong></span> <span class='ocrx_word' id='word_1_273' title='bbox 836 3394 934 3473; x_wconf 91' lang='lat' dir='ltr'><strong>dioc.,</strong></span> <span class='ocrx_word' id='word_1_274' title='bbox 946 3393 1096 3458; x_wconf 89' lang='lat' dir='ltr'><strong>noscitur</strong></span> <span class='ocrx_word' id='word_1_275' title='bbox 1111 3392 1273 3458; x_wconf 88' lang='lat' dir='ltr'><strong>obtinere.</strong></span> <span class='ocrx_word' id='word_1_276' title='bbox 1286 3427 1329 3439; x_wconf 93' lang='lat'>-</span> <span class='ocrx_word' id='word_1_277' title='bbox 1343 3386 1419 3452; x_wconf 90' lang='lat' dir='ltr'><strong>Fiat</strong></span> <span class='ocrx_word' id='word_1_278' title='bbox 1435 3393 1470 3449; x_wconf 89' lang='lat' dir='ltr'><strong>et</strong></span> <span class='ocrx_word' id='word_1_279' title='bbox 1485 3383 1529 3448; x_wconf 90' lang='lat' dir='ltr'><strong>de</strong></span> 
     </span>
     <span class='ocr_line' id='line_1_28' title="bbox 159 3493 741 3583; baseline 0.005 -23"><span class='ocrx_word' id='word_1_280' title='bbox 159 3493 242 3561; x_wconf 85' lang='lat' dir='ltr'><strong>data</strong></span> <span class='ocrx_word' id='word_1_281' title='bbox 257 3494 411 3561; x_wconf 89' lang='lat' dir='ltr'><strong>kalendis</strong></span> <span class='ocrx_word' id='word_1_282' title='bbox 419 3497 501 3581; x_wconf 76' lang='lat' dir='ltr'><strong>Junii</strong></span> <span class='ocrx_word' id='word_1_283' title='bbox 518 3517 608 3562; x_wconf 91' lang='lat' dir='ltr'><strong>anno</strong></span> <span class='ocrx_word' id='word_1_284' title='bbox 623 3498 741 3583; x_wconf 84' lang='lat' dir='ltr'><strong>primo.</strong></span> 
     </span>
    </p>
   </div>
   <div class='ocr_carea' id='block_1_7' title="bbox 160 3623 1536 4140">
    <p class='ocr_par' dir='ltr' id='par_1_9' title="bbox 160 3623 1536 4140">
     <span class='ocr_line' id='line_1_29' title="bbox 204 3623 1531 3722; baseline -0.011 -20"><span class='ocrx_word' id='word_1_285' title='bbox 204 3641 268 3702; x_wconf 80' lang='lat'><strong>40.</strong></span> <span class='ocrx_word' id='word_1_286' title='bbox 286 3634 375 3700; x_wconf 91' lang='lat' dir='ltr'><strong>Item</strong></span> <span class='ocrx_word' id='word_1_287' title='bbox 391 3655 486 3722; x_wconf 90' lang='lat' dir='ltr'><strong>supp.</strong></span> <span class='ocrx_word' id='word_1_288' title='bbox 508 3635 625 3700; x_wconf 87' lang='lat' dir='ltr'><strong>eadem</strong></span> <span class='ocrx_word' id='word_1_289' title='bbox 647 3635 777 3702; x_wconf 91' lang='lat' dir='ltr'><strong>ducissa</strong></span> <span class='ocrx_word' id='word_1_290' title='bbox 800 3645 893 3721; x_wconf 89' lang='lat' dir='ltr'><strong>quat.</strong></span> <span class='ocrx_word' id='word_1_291' title='bbox 918 3635 995 3701; x_wconf 88' lang='lat' dir='ltr'><strong>cler.</strong></span> <span class='ocrx_word' id='word_1_292' title='bbox 1016 3645 1052 3701; x_wconf 91' lang='lat' dir='ltr'><strong>et</strong></span> <span class='ocrx_word' id='word_1_293' title='bbox 1074 3635 1176 3701; x_wconf 86' lang='lat' dir='ltr'><strong>famil.</strong></span> <span class='ocrx_word' id='word_1_294' title='bbox 1198 3653 1259 3698; x_wconf 93' lang='lat' dir='ltr'><strong>suo</strong></span> <span class='ocrx_word' id='word_1_295' title='bbox 1282 3627 1464 3693; x_wconf 87' lang='lat' dir='ltr'><strong>Guillelmo</strong></span> <span class='ocrx_word' id='word_1_296' title='bbox 1486 3623 1531 3689; x_wconf 91' lang='lat' dir='ltr'><strong>de</strong></span> 
     </span>
     <span class='ocr_line' id='line_1_30' title="bbox 161 3725 1533 3826; baseline -0.015 -20"><span class='ocrx_word' id='word_1_297' title='bbox 161 3739 312 3806; x_wconf 88' lang='lat' dir='ltr'><strong>Cenereu</strong></span> <span class='ocrx_word' id='word_1_298' title='bbox 329 3740 485 3826; x_wconf 79' lang='lat' dir='ltr'><strong>Daynay,</strong></span> <span class='ocrx_word' id='word_1_299' title='bbox 501 3745 543 3805; x_wconf 93' lang='lat' dir='ltr'><strong>de</strong></span> <span class='ocrx_word' id='word_1_300' title='bbox 560 3741 722 3806; x_wconf 91' lang='lat' dir='ltr'><strong>consimili</strong></span> <span class='ocrx_word' id='word_1_301' title='bbox 746 3739 967 3807; x_wconf 79' lang='lat' dir='ltr'><strong>renovatione</strong></span> <span class='ocrx_word' id='word_1_302' title='bbox 993 3740 1027 3806; x_wconf 97' lang='lat' dir='ltr'><strong>in</strong></span> <span class='ocrx_word' id='word_1_303' title='bbox 1043 3741 1126 3806; x_wconf 87' lang='lat' dir='ltr'><strong>eccl.</strong></span> <span class='ocrx_word' id='word_1_304' title='bbox 1154 3737 1193 3802; x_wconf 93' lang='lat' dir='ltr'><strong>B.</strong></span> <span class='ocrx_word' id='word_1_305' title='bbox 1211 3733 1320 3800; x_wconf 90' lang='lat' dir='ltr'><strong>Marie</strong></span> <span class='ocrx_word' id='word_1_306' title='bbox 1346 3730 1388 3794; x_wconf 89' lang='lat' dir='ltr'><strong>de</strong></span> <span class='ocrx_word' id='word_1_307' title='bbox 1416 3725 1533 3789; x_wconf 85' lang='lat' dir='ltr'><strong>Sanies</strong></span> 
     </span>
     <span class='ocr_line' id='line_1_31' title="bbox 161 3831 1533 3936; baseline -0.017 -28"><span class='ocrx_word' id='word_1_308' title='bbox 161 3842 355 3924; x_wconf 86' lang='lat' dir='ltr'><strong>Bituricen.,</strong></span> <span class='ocrx_word' id='word_1_309' title='bbox 382 3842 563 3928; x_wconf 87' lang='lat' dir='ltr'><strong>dignemini</strong></span> <span class='ocrx_word' id='word_1_310' title='bbox 590 3844 793 3930; x_wconf 89' lang='lat' dir='ltr'><strong>providere;</strong></span> <span class='ocrx_word' id='word_1_311' title='bbox 821 3865 889 3910; x_wconf 91' lang='lat' dir='ltr'><strong>non</strong></span> <span class='ocrx_word' id='word_1_312' title='bbox 918 3845 1004 3910; x_wconf 91' lang='lat' dir='ltr'><strong>obst.</strong></span> <span class='ocrx_word' id='word_1_313' title='bbox 1029 3843 1120 3929; x_wconf 92' lang='lat' dir='ltr'><strong>quod</strong></span> <span class='ocrx_word' id='word_1_314' title='bbox 1135 3840 1226 3906; x_wconf 92' lang='lat' dir='ltr'><strong>idem</strong></span> <span class='ocrx_word' id='word_1_315' title='bbox 1243 3831 1442 3898; x_wconf 89' lang='lat' dir='ltr'><strong>Guillelmus</strong></span> <span class='ocrx_word' id='word_1_316' title='bbox 1457 3845 1533 3936; x_wconf 60' lang='lat' dir='ltr'><strong>can.</strong></span> 
     </span>
     <span class='ocr_line' id='line_1_32' title="bbox 161 3929 1533 4040; baseline -0.022 -25"><span class='ocrx_word' id='word_1_317' title='bbox 161 3958 196 4015; x_wconf 89' lang='lat' dir='ltr'><strong>et</strong></span> <span class='ocrx_word' id='word_1_318' title='bbox 211 3951 306 4035; x_wconf 92' lang='lat' dir='ltr'><strong>preb.</strong></span> <span class='ocrx_word' id='word_1_319' title='bbox 321 3949 356 4013; x_wconf 93' lang='lat' dir='ltr'><strong>in</strong></span> <span class='ocrx_word' id='word_1_320' title='bbox 373 3950 455 4014; x_wconf 90' lang='lat' dir='ltr'><strong>eccl.</strong></span> <span class='ocrx_word' id='word_1_321' title='bbox 473 3947 510 4013; x_wconf 90' lang='lat' dir='ltr'><strong>B.</strong></span> <span class='ocrx_word' id='word_1_322' title='bbox 536 3947 642 4014; x_wconf 85' lang='lat' dir='ltr'><strong>Marie</strong></span> <span class='ocrx_word' id='word_1_323' title='bbox 669 3947 711 4014; x_wconf 89' lang='lat' dir='ltr'><strong>de</strong></span> <span class='ocrx_word' id='word_1_324' title='bbox 736 3947 897 4029; x_wconf 85' lang='lat' dir='ltr'><strong>Medun0,</strong></span> <span class='ocrx_word' id='word_1_325' title='bbox 915 3957 950 4014; x_wconf 89' lang='lat' dir='ltr'><strong>et</strong></span> <span class='ocrx_word' id='word_1_326' title='bbox 968 3969 1060 4035; x_wconf 91' lang='lat' dir='ltr'><strong>perp.</strong></span> <span class='ocrx_word' id='word_1_327' title='bbox 1087 3942 1249 4010; x_wconf 82' lang='lat' dir='ltr'><strong>vicariam</strong></span> <span class='ocrx_word' id='word_1_328' title='bbox 1278 3929 1407 4018; x_wconf 87' lang='lat' dir='ltr'><strong>capelle</strong></span> <span class='ocrx_word' id='word_1_329' title='bbox 1430 3932 1533 4040; x_wconf 77' lang='lat' dir='ltr'><strong>castri</strong></span> 
     </span>
     <span class='ocr_line' id='line_1_33' title="bbox 160 4025 1536 4140; baseline -0.017 -22"><span class='ocrx_word' id='word_1_330' title='bbox 160 4052 252 4118; x_wconf 89' lang='lat' dir='ltr'><strong>dela</strong></span> <span class='ocrx_word' id='word_1_331' title='bbox 268 4051 417 4138; x_wconf 84' lang='lat' dir='ltr'><strong>Bruyere</strong></span> <span class='ocrx_word' id='word_1_332' title='bbox 432 4052 474 4118; x_wconf 90' lang='lat' dir='ltr'><strong>de</strong></span> <span class='ocrx_word' id='word_1_333' title='bbox 492 4051 666 4140; x_wconf 88' lang='lat' dir='ltr'><strong>Labespin,</strong></span> <span class='ocrx_word' id='word_1_334' title='bbox 685 4053 863 4119; x_wconf 89' lang='lat' dir='ltr'><strong>Bituricen.</strong></span> <span class='ocrx_word' id='word_1_335' title='bbox 880 4053 978 4134; x_wconf 66' lang='lat' dir='ltr'><strong>dioc„</strong></span> <span class='ocrx_word' id='word_1_336' title='bbox 994 4049 1143 4117; x_wconf 92' lang='lat' dir='ltr'><strong>noscitur</strong></span> <span class='ocrx_word' id='word_1_337' title='bbox 1159 4041 1326 4110; x_wconf 88' lang='lat' dir='ltr'><strong>obtinere.</strong></span> <span class='ocrx_word' id='word_1_338' title='bbox 1345 4070 1384 4082; x_wconf 88' lang='lat'>-</span> <span class='ocrx_word' id='word_1_339' title='bbox 1398 4027 1478 4092; x_wconf 83' lang='lat' dir='ltr'><strong>Flat</strong></span> <span class='ocrx_word' id='word_1_340' title='bbox 1493 4025 1536 4089; x_wconf 84' lang='lat' dir='ltr'><strong>R·</strong></span> 
     </span>
    </p>
   </div>
   <div class='ocr_carea' id='block_1_8' title="bbox 162 4162 1549 4485">
    <p class='ocr_par' dir='ltr' id='par_1_10' title="bbox 162 4162 1549 4485">
     <span class='ocr_line' id='line_1_34' title="bbox 204 4162 1541 4278; baseline -0.026 -22"><span class='ocrx_word' id='word_1_341' title='bbox 204 4199 263 4257; x_wconf 83' lang='lat'><strong>41.</strong></span> <span class='ocrx_word' id='word_1_342' title='bbox 282 4191 370 4256; x_wconf 91' lang='lat' dir='ltr'><strong>Item</strong></span> <span class='ocrx_word' id='word_1_343' title='bbox 394 4212 489 4278; x_wconf 92' lang='lat' dir='ltr'><strong>supp.</strong></span> <span class='ocrx_word' id='word_1_344' title='bbox 511 4201 601 4276; x_wconf 87' lang='lat' dir='ltr'><strong>quat.</strong></span> <span class='ocrx_word' id='word_1_345' title='bbox 626 4213 699 4278; x_wconf 91' lang='lat' dir='ltr'><strong>cap.</strong></span> <span class='ocrx_word' id='word_1_346' title='bbox 712 4214 773 4258; x_wconf 88' lang='lat' dir='ltr'><strong>suo</strong></span> <span class='ocrx_word' id='word_1_347' title='bbox 784 4191 931 4270; x_wconf 85' lang='lat' dir='ltr'><strong>Jolranni</strong></span> <span class='ocrx_word' id='word_1_348' title='bbox 945 4190 1126 4263; x_wconf 85' lang='lat' dir='ltr'><strong>Galebrun,</strong></span> <span class='ocrx_word' id='word_1_349' title='bbox 1150 4181 1195 4245; x_wconf 89' lang='lat' dir='ltr'><strong>de</strong></span> <span class='ocrx_word' id='word_1_350' title='bbox 1217 4195 1294 4242; x_wconf 86' lang='lat' dir='ltr'><strong>can.</strong></span> <span class='ocrx_word' id='word_1_351' title='bbox 1317 4167 1399 4234; x_wconf 91' lang='lat' dir='ltr'><strong>eccl.</strong></span> <span class='ocrx_word' id='word_1_352' title='bbox 1422 4162 1541 4225; x_wconf 81' lang='lat' dir='ltr'><strong>Claro·</strong></span> 
     </span>
     <span class='ocr_line' id='line_1_35' title="bbox 162 4260 1545 4384; baseline -0.023 -24"><span class='ocrx_word' id='word_1_353' title='bbox 162 4305 323 4376; x_wconf 79' lang='lat' dir='ltr'><strong>montem,</strong></span> <span class='ocrx_word' id='word_1_354' title='bbox 340 4304 375 4360; x_wconf 90' lang='lat' dir='ltr'><strong>et</strong></span> <span class='ocrx_word' id='word_1_355' title='bbox 390 4299 482 4382; x_wconf 90' lang='lat' dir='ltr'><strong>preb.</strong></span> <span class='ocrx_word' id='word_1_356' title='bbox 503 4296 593 4382; x_wconf 87' lang='lat' dir='ltr'><strong>[vac.</strong></span> <span class='ocrx_word' id='word_1_357' title='bbox 609 4296 663 4360; x_wconf 79' lang='lat' dir='ltr'><strong>vel</strong></span> <span class='ocrx_word' id='word_1_358' title='bbox 678 4297 806 4384; x_wconf 77' lang='lat' dir='ltr'><strong>vacat]</strong></span> <span class='ocrx_word' id='word_1_359' title='bbox 833 4293 1016 4379; x_wconf 89' lang='lat' dir='ltr'><strong>dignemini</strong></span> <span class='ocrx_word' id='word_1_360' title='bbox 1032 4283 1215 4376; x_wconf 89' lang='lat' dir='ltr'><strong>providere</strong></span> <span class='ocrx_word' id='word_1_361' title='bbox 1230 4301 1239 4358; x_wconf 84' lang='lat'>3</span> <span class='ocrx_word' id='word_1_362' title='bbox 1260 4294 1331 4341; x_wconf 92' lang='lat' dir='ltr'><strong>non</strong></span> <span class='ocrx_word' id='word_1_363' title='bbox 1347 4272 1434 4334; x_wconf 88' lang='lat' dir='ltr'><strong>obst.</strong></span> <span class='ocrx_word' id='word_1_364' title='bbox 1451 4260 1545 4376; x_wconf 80' lang='lat' dir='ltr'><strong>quod</strong></span> 
     </span>
     <span class='ocr_line' id='line_1_36' title="bbox 162 4365 1549 4485; baseline -0.043 -2"><span class='ocrx_word' id='word_1_365' title='bbox 162 4400 250 4464; x_wconf 66' lang='lat' dir='ltr'><strong>idem</strong></span> <span class='ocrx_word' id='word_1_366' title='bbox 277 4398 454 4477; x_wconf 83' lang='lat' dir='ltr'><strong>lohannes</strong></span> <span class='ocrx_word' id='word_1_367' title='bbox 476 4401 626 4485; x_wconf 87' lang='lat' dir='ltr'><strong>panoclr.</strong></span> <span class='ocrx_word' id='word_1_368' title='bbox 654 4401 736 4466; x_wconf 93' lang='lat' dir='ltr'><strong>eccl.</strong></span> <span class='ocrx_word' id='word_1_369' title='bbox 763 4401 805 4465; x_wconf 93' lang='lat' dir='ltr'><strong>de</strong></span> <span class='ocrx_word' id='word_1_370' title='bbox 831 4407 942 4464; x_wconf 89' lang='lat' dir='ltr'><strong>castro</strong></span> <span class='ocrx_word' id='word_1_371' title='bbox 957 4395 999 4460; x_wconf 90' lang='lat' dir='ltr'><strong>de</strong></span> <span class='ocrx_word' id='word_1_372' title='bbox 1023 4390 1142 4466; x_wconf 82' lang='lat' dir='ltr'><strong>Noire,</strong></span> <span class='ocrx_word' id='word_1_373' title='bbox 1160 4379 1418 4447; x_wconf 87' lang='lat' dir='ltr'><strong>Claromonten.</strong></span> <span class='ocrx_word' id='word_1_374' title='bbox 1447 4365 1549 4438; x_wconf 71' lang='lat' dir='ltr'><strong>dioc„</strong></span> 
     </span>
    </p>
   </div>
   <div class='ocr_carea' id='block_1_9' title="bbox 161 4476 1347 4589">
    <p class='ocr_par' dir='ltr' id='par_1_11' title="bbox 161 4476 1347 4589">
     <span class='ocr_line' id='line_1_37' title="bbox 161 4476 1347 4589; baseline -0.023 -21"><span class='ocrx_word' id='word_1_375' title='bbox 161 4503 310 4570; x_wconf 91' lang='lat' dir='ltr'><strong>noscitur</strong></span> <span class='ocrx_word' id='word_1_376' title='bbox 325 4505 478 4568; x_wconf 89' lang='lat' dir='ltr'><strong>obtinere</strong></span> <span class='ocrx_word' id='word_1_377' title='bbox 492 4527 502 4584; x_wconf 91' lang='lat'>;</span> <span class='ocrx_word' id='word_1_378' title='bbox 518 4505 571 4569; x_wconf 89' lang='lat' dir='ltr'><strong>vel</strong></span> <span class='ocrx_word' id='word_1_379' title='bbox 587 4504 717 4570; x_wconf 90' lang='lat' dir='ltr'><strong>decan.</strong></span> <span class='ocrx_word' id='word_1_380' title='bbox 734 4512 769 4569; x_wconf 88' lang='lat' dir='ltr'><strong>et</strong></span> <span class='ocrx_word' id='word_1_381' title='bbox 784 4505 876 4589; x_wconf 90' lang='lat' dir='ltr'><strong>preb.</strong></span> <span class='ocrx_word' id='word_1_382' title='bbox 893 4497 978 4566; x_wconf 91' lang='lat' dir='ltr'><strong>eccl.</strong></span> <span class='ocrx_word' id='word_1_383' title='bbox 993 4494 1127 4559; x_wconf 87' lang='lat' dir='ltr'><strong>Eduen.</strong></span> <span class='ocrx_word' id='word_1_384' title='bbox 1143 4525 1191 4536; x_wconf 88' lang='lat'>-</span> <span class='ocrx_word' id='word_1_385' title='bbox 1208 4483 1290 4548; x_wconf 85' lang='lat' dir='ltr'><strong>Fiat</strong></span> <span class='ocrx_word' id='word_1_386' title='bbox 1304 4476 1347 4542; x_wconf 89' lang='lat' dir='ltr'><strong>R.</strong></span> 
     </span>
    </p>
   </div>
   <div class='ocr_carea' id='block_1_10' title="bbox 194 4666 1568 4778">
    <p class='ocr_par' dir='ltr' id='par_1_12' title="bbox 194 4666 1568 4778">
     <span class='ocr_line' id='line_1_38' title="bbox 194 4666 1568 4778; baseline -0.039 -5"><span class='ocrx_word' id='word_1_387' title='bbox 194 4712 216 4758; x_wconf 81' lang='lat'><strong>¹·</strong></span> <span class='ocrx_word' id='word_1_388' title='bbox 234 4709 333 4758; x_wconf 63' lang='grc' dir='ltr'><strong>ΕΜΓ</strong></span> <span class='ocrx_word' id='word_1_389' title='bbox 348 4709 381 4758; x_wconf 77' lang='lat' dir='ltr'><strong>(le</strong></span> <span class='ocrx_word' id='word_1_390' title='bbox 397 4723 476 4763; x_wconf 62' lang='lat' dir='ltr'><strong>nonu</strong></span> <span class='ocrx_word' id='word_1_391' title='bbox 494 4710 513 4757; x_wconf 83' lang='lat' dir='ltr'><strong>ll</strong></span> <span class='ocrx_word' id='word_1_392' title='bbox 530 4709 605 4769; x_wconf 78' lang='lat' dir='ltr'><strong>s’agit·</strong></span> <span class='ocrx_word' id='word_1_393' title='bbox 622 4711 654 4758; x_wconf 89' lang='lat' dir='ltr'><strong>de</strong></span> <span class='ocrx_word' id='word_1_394' title='bbox 672 4711 717 4758; x_wconf 67' lang='lat' dir='ltr'><strong>see</strong></span> <span class='ocrx_word' id='word_1_395' title='bbox 734 4707 875 4768; x_wconf 80' lang='lat' dir='ltr'><strong>Walbmge</strong></span> <span class='ocrx_word' id='word_1_396' title='bbox 891 4703 925 4752; x_wconf 87' lang='lat' dir='ltr'><strong>de</strong></span> <span class='ocrx_word' id='word_1_397' title='bbox 942 4703 1049 4755; x_wconf 68' lang='lat' dir='ltr'><strong>Fumea,</strong></span> <span class='ocrx_word' id='word_1_398' title='bbox 1062 4705 1171 4743; x_wconf 88' lang='lat' dir='ltr'><strong>comme</strong></span> <span class='ocrx_word' id='word_1_399' title='bbox 1190 4680 1356 4744; x_wconf 81' lang='lat' dir='ltr'><strong>l’iudiqneln</strong></span> <span class='ocrx_word' id='word_1_400' title='bbox 1367 4671 1445 4720; x_wconf 87' lang='lat' dir='ltr'><strong>bulle</strong></span> <span class='ocrx_word' id='word_1_401' title='bbox 1457 4666 1494 4712; x_wconf 71' lang='lat' dir='ltr'><strong>de</strong></span> <span class='ocrx_word' id='word_1_402' title='bbox 1506 4674 1568 4778; x_wconf 48' lang='grc' dir='ltr'><strong>Ἧι</strong></span> 
     </span>
    </p>
   </div>
   <div class='ocr_carea' id='block_1_11' title="bbox 161 4733 1515 4846">
    <p class='ocr_par' dir='ltr' id='par_1_13' title="bbox 161 4733 1515 4846">
     <span class='ocr_line' id='line_1_39' title="bbox 161 4733 1515 4846; baseline -0.029 -15"><span class='ocrx_word' id='word_1_403' title='bbox 161 4785 242 4831; x_wconf 70' lang='lat' dir='ltr'><strong>cinon</strong></span> <span class='ocrx_word' id='word_1_404' title='bbox 255 4781 335 4846; x_wconf 64' lang='grc' dir='ltr'><strong>(Περ.</strong></span> <span class='ocrx_word' id='word_1_405' title='bbox 348 4783 424 4832; x_wconf 75' lang='lat' dir='ltr'><strong>Acin.</strong></span> <span class='ocrx_word' id='word_1_406' title='bbox 438 4783 476 4841; x_wconf 78' lang='grc'><strong>58,</strong></span> <span class='ocrx_word' id='word_1_407' title='bbox 489 4783 507 4831; x_wconf 85' lang='lat' dir='ltr'><strong>l.</strong></span> <span class='ocrx_word' id='word_1_408' title='bbox 519 4783 587 4845; x_wconf 77' lang='lat'><strong>243).</strong></span> <span class='ocrx_word' id='word_1_409' title='bbox 600 4811 632 4819; x_wconf 86' lang='lat'><strong>—-</strong></span> <span class='ocrx_word' id='word_1_410' title='bbox 648 4785 670 4832; x_wconf 76' lang='grc'><strong>2.</strong></span> <span class='ocrx_word' id='word_1_411' title='bbox 682 4782 722 4830; x_wconf 92' lang='lat' dir='ltr'><strong>On</strong></span> <span class='ocrx_word' id='word_1_412' title='bbox 741 4787 834 4829; x_wconf 79' lang='lat' dir='ltr'><strong>trouve</strong></span> <span class='ocrx_word' id='word_1_413' title='bbox 845 4793 882 4826; x_wconf 87' lang='lat' dir='ltr'><strong>un</strong></span> <span class='ocrx_word' id='word_1_414' title='bbox 898 4777 966 4825; x_wconf 79' lang='lat' dir='ltr'><strong>Jean</strong></span> <span class='ocrx_word' id='word_1_415' title='bbox 983 4772 1016 4820; x_wconf 91' lang='lat' dir='ltr'><strong>de</strong></span> <span class='ocrx_word' id='word_1_416' title='bbox 1035 4769 1131 4815; x_wconf 82' lang='lat' dir='ltr'><strong>Buiree</strong></span> <span class='ocrx_word' id='word_1_417' title='bbox 1150 4761 1225 4809; x_wconf 77' lang='lat' dir='ltr'><strong>dans</strong></span> <span class='ocrx_word' id='word_1_418' title='bbox 1242 4771 1282 4804; x_wconf 85' lang='lat' dir='ltr'><strong>nn</strong></span> <span class='ocrx_word' id='word_1_419' title='bbox 1298 4757 1355 4801; x_wconf 76' lang='lat' dir='ltr'><strong>acte</strong></span> <span class='ocrx_word' id='word_1_420' title='bbox 1371 4755 1427 4792; x_wconf 76' lang='lat' dir='ltr'><strong>non</strong></span> <span class='ocrx_word' id='word_1_421' title='bbox 1446 4733 1515 4783; x_wconf 56' lang='grc' dir='ltr'><strong>(Μ</strong></span> 
     </span>
    </p>
   </div>
   <div class='ocr_carea' id='block_1_12' title="bbox 165 4803 1573 4918">
    <p class='ocr_par' dir='ltr' id='par_1_14' title="bbox 165 4803 1573 4918">
     <span class='ocr_line' id='line_1_40' title="bbox 165 4803 1573 4918; baseline -0.029 -14"><span class='ocrx_word' id='word_1_422' title='bbox 165 4857 264 4906; x_wconf 67' lang='lat' dir='ltr'><strong>(amr.</strong></span> <span class='ocrx_word' id='word_1_423' title='bbox 285 4856 317 4905; x_wconf 76' lang='lat' dir='ltr'><strong>ae</strong></span> <span class='ocrx_word' id='word_1_424' title='bbox 337 4855 364 4906; x_wconf 77' lang='lat' dir='ltr'><strong>o.</strong></span> <span class='ocrx_word' id='word_1_425' title='bbox 383 4853 550 4918; x_wconf 52' lang='lat' dir='ltr'><strong>anatinam]</strong></span> <span class='ocrx_word' id='word_1_426' title='bbox 567 4855 599 4904; x_wconf 74' lang='lat' dir='ltr'><strong>a»</strong></span> <span class='ocrx_word' id='word_1_427' title='bbox 617 4855 734 4904; x_wconf 69' lang='lat' dir='ltr'><strong>nalum</strong></span> <span class='ocrx_word' id='word_1_428' title='bbox 750 4853 801 4914; x_wconf 77' lang='lat' dir='ltr'><strong>(m.</strong></span> <span class='ocrx_word' id='word_1_429' title='bbox 819 4853 852 4900; x_wconf 75' lang='lat' dir='ltr'><strong>&lt;re</strong></span> <span class='ocrx_word' id='word_1_430' title='bbox 870 4849 972 4902; x_wconf 67' lang='lat' dir='ltr'><strong>masne,</strong></span> <span class='ocrx_word' id='word_1_431' title='bbox 985 4859 1010 4906; x_wconf 78' lang='lat' dir='ltr'><strong>p.</strong></span> <span class='ocrx_word' id='word_1_432' title='bbox 1023 4841 1077 4900; x_wconf 80' lang='lat' dir='ltr'><strong>ra).</strong></span> <span class='ocrx_word' id='word_1_433' title='bbox 1095 4836 1121 4884; x_wconf 88' lang='lat' dir='ltr'><strong>rr</strong></span> <span class='ocrx_word' id='word_1_434' title='bbox 1133 4833 1220 4892; x_wconf 64' lang='lat' dir='ltr'><strong>sagn</strong></span> <span class='ocrx_word' id='word_1_435' title='bbox 1233 4811 1499 4878; x_wconf 72' lang='lat' dir='ltr'><strong>mnsnsuppbnue</strong></span> <span class='ocrx_word' id='word_1_436' title='bbox 1510 4803 1573 4850; x_wconf 71' lang='lat' dir='ltr'><strong>d&#39;un</strong></span> 
     </span>
    </p>
   </div>
   <div class='ocr_carea' id='block_1_13' title="bbox 36 4887 1436 4994">
    <p class='ocr_par' dir='ltr' id='par_1_15' title="bbox 36 4887 1436 4994">
     <span class='ocr_line' id='line_1_41' title="bbox 36 4887 1436 4994; baseline -0.028 -13"><span class='ocrx_word' id='word_1_437' title='bbox 36 4919 37 4928; x_wconf 77' lang='grc'>’</span> <span class='ocrx_word' id='word_1_438' title='bbox 162 4931 202 4978; x_wconf 77' lang='lat' dir='ltr'><strong>m</strong></span> <span class='ocrx_word' id='word_1_439' title='bbox 212 4929 245 4980; x_wconf 73' lang='lat' dir='ltr'><strong>ue</strong></span> <span class='ocrx_word' id='word_1_440' title='bbox 256 4929 375 4979; x_wconf 67' lang='lat' dir='ltr'><strong>mirrea</strong></span> <span class='ocrx_word' id='word_1_441' title='bbox 386 4927 598 4994; x_wconf 57' lang='lat' dir='ltr'><strong>ue‘soursrneq.</strong></span> <span class='ocrx_word' id='word_1_442' title='bbox 613 4931 688 4979; x_wconf 61' lang='lat' dir='ltr'><strong>Arri.</strong></span> <span class='ocrx_word' id='word_1_443' title='bbox 701 4931 739 4988; x_wconf 72' lang='lat' dir='ltr'><strong>sa,</strong></span> <span class='ocrx_word' id='word_1_444' title='bbox 753 4925 910 4986; x_wconf 77' lang='lat' dir='ltr'><strong>f.251v).-</strong></span> <span class='ocrx_word' id='word_1_445' title='bbox 928 4922 951 4967; x_wconf 83' lang='lat' dir='ltr'><strong>a.</strong></span> <span class='ocrx_word' id='word_1_446' title='bbox 966 4913 1075 4971; x_wconf 67' lang='lat' dir='ltr'><strong>neniae,</strong></span> <span class='ocrx_word' id='word_1_447' title='bbox 1093 4903 1237 4962; x_wconf 61' lang='lat' dir='ltr'><strong>manua,</strong></span> <span class='ocrx_word' id='word_1_448' title='bbox 1251 4899 1289 4959; x_wconf 84' lang='lat'><strong>11,</strong></span> <span class='ocrx_word' id='word_1_449' title='bbox 1302 4895 1355 4950; x_wconf 74' lang='lat' dir='ltr'><strong>rm,</strong></span> <span class='ocrx_word' id='word_1_450' title='bbox 1373 4887 1436 4936; x_wconf 72' lang='lat'><strong>³⁶⁹·</strong></span> 
     </span>
    </p>
   </div>
   <div class='ocr_carea' id='block_1_14' title="bbox 0 0 1840 5675">
    <p class='ocr_par' dir='ltr' id='par_1_16' title="bbox 0 0 1840 5675">
     <span class='ocr_line' id='line_1_42' title="bbox 0 0 1840 5675; baseline 0 0"><span class='ocrx_word' id='word_1_451' title='bbox 0 0 1840 5675; x_wconf 95' lang='lat' dir='ltr'><strong> </strong></span> 
     </span>
    </p>
   </div>
  </div>
 </body>
</html>
