3650 5675
280 464 343 529 394
799 459 887 533 1849,
911 460 981 524 7-13
1000 460 1128 541 janvier.

280 614 370 682 liaris
384 613 517 680 Mathei
533 614 576 680 de
595 613 687 699 Trya
703 623 723 693 ¹,
740 611 865 691 militis,
877 610 1006 676 domini
1022 611 1065 676 de
1083 609 1265 678 Moneiaco
1281 621 1399 694 castro,
1416 613 1542 678 domini
1558 613 1644 698 regis

281 717 486 784 Francorum
512 717 630 783 secreti
659 716 787 782 consilii
810 714 989 794 consiliari,
1006 723 1097 799 quat.
1123 715 1217 781 sibi...
1232 715 1275 781 de
1301 737 1375 783 can.
1397 717 1480 782 eccl.
1504 717 1535 782 S.
1553 715 1643 782 Gau·

280 822 381 907 gerici
398 819 804 905 Cameracendignemini
817 817 1006 905 providere,
1016 821 1108 904 preb.
1121 839 1202 884 vero
1218 819 1310 906 [vac.
1319 821 1374 885 vel
1385 820 1514 907 vacat]
1529 820 1642 906 digne-

279 927 361 991 mini
377 946 544 991 reservare
556 948 565 1005 ;
581 945 651 990 non
669 928 756 990 obst.
778 921 868 1008 quod
887 925 965 987 ben.
993 923 1075 988 eccl.
1097 922 1141 988 ad
1167 924 1243 989 coll.
1268 923 1417 1011 episcopi
1442 932 1478 990 et
1504 925 1641 1011 capituli

280 1029 480 1095 Ambianen.
496 1029 646 1095 noscitur
662 1035 854 1114 expectare.
869 1061 912 1072 -
929 1025 1007 1092 Fiat
1025 1025 1065 1092 R.

324 1133 403 1198 Dat.
419 1133 520 1198 Avin.
538 1153 555 1197 2
573 1153 653 1198 non.
665 1132 794 1217 januar.
809 1138 843 1196 a⁰
860 1137 903 1214 7⁰.
922 1131 992 1216 (16,
1011 1133 1077 1214 93).

333 1253 472 1335 1472.
1313 1285 1408 1350 1349,
1427 1285 1446 1350 7
1454 1264 1599 1348 yurivier.

324 1371 412 1438 Item
435 1379 534 1458 pater
549 1369 606 1435 S¹⁰⁰
621 1391 697 1436 cum
713 1370 823 1436 dictus
839 1369 958 1434 Petrus
973 1367 1124 1450 Banerii,
1136 1368 1263 1435 domini
1278 1369 1367 1454 regis
1382 1368 1521 1436 Francie
1536 1391 1643 1437 secre-

280 1477 384 1543 tarius
398 1487 419 1557 ⁰,
445 1474 623 1556 Morinen.,
640 1482 674 1540 et
687 1473 867 1559 Gregorius
882 1472 982 1554 Socii,
1000 1471 1031 1538 S.
1048 1471 1234 1554 Clodoaldi,
1248 1473 1406 1539 Parisien.
1422 1474 1520 1555 dioc,
1536 1477 1643 1541 eccle·

280 1582 403 1646 siarum
419 1579 638 1646 canonicatus
665 1586 699 1643 et
723 1577 912 1664 prebendas
936 1598 976 1644 ac
1000 1577 1223 1663 capellaniam
1245 1578 1360 1644 altaris
1382 1577 1413 1644 S.
1430 1576 1592 1646 Ludovici
1608 1580 1642 1644 in

280 1684 423 1750 ecclesia
439 1684 470 1750 S.
492 1681 651 1748 Germani
674 1680 975 1747 Autissiodorensis
1003 1681 1171 1764 Parisien,
1188 1704 1229 1748 ex
1256 1704 1359 1749 causa
1385 1685 1644 1770 permutationis

282 1789 368 1852 inter
383 1805 442 1851 eos
456 1785 499 1852 de
514 1785 562 1850 eis
577 1784 741 1864 faciende,
754 1784 788 1848 in
809 1784 965 1849 manibus
990 1784 1029 1850 R.
1048 1784 1084 1851 P.
1102 1784 1145 1850 D.
1162 1785 1261 1851 electi
1278 1785 1310 1853 S.
1327 1786 1421 1852 Pauli
1436 1787 1643 1868 Tricastrini,

281 1890 521 1974 resignationes
547 1887 738 1974 hujusmodi
762 1887 900 1952 nomine
927 1896 1040 1954 vestro
1065 1889 1284 1972 admittentis,
1310 1911 1370 1976 per
1391 1899 1644 1977 procuratorem
1669 1897 1674 1908 ”

282 1995 326 2060 ad
349 1994 415 2060 hoc
445 1993 594 2078 legitime
624 1994 857 2075 constitutum,
882 1993 987 2058 libere
1010 1993 1219 2078 resignarint,
1250 1995 1455 2080 supplicatur
1481 2005 1645 2082 exparte

282 2098 465 2164 eorundem
480 2105 570 2182 quat.
588 2098 689 2163 Petro
704 2097 747 2164 de
763 2117 836 2162 can.
851 2105 886 2161 et
908 2099 1001 2182 preb.
1030 2096 1061 2162 S.
1086 2095 1261 2164 Clodoaldi
1278 2107 1313 2163 et
1329 2100 1516 2186 capellania
1532 2101 1644 2166 altaris
1736 2135 1739 2138 ·

283 2201 315 2264 S.
332 2199 505 2281 Ludovici,
518 2207 553 2264 et
569 2198 730 2286 Gregorio
741 2199 901 2286 predictis
917 2199 959 2266 de
986 2220 1060 2266 can.
1076 2209 1112 2265 et
1137 2204 1230 2286 preb.
1247 2199 1416 2269 Morinen.
1433 2203 1580 2289 prefatis,
1597 2205 1644 2270 sic

282 2302 488 2383 vacantibus,
501 2303 683 2388 dignemini
699 2302 885 2389 providere,
902 2303 1032 2370 etiamsi
1043 2304 1212 2370 beneficia
1227 2304 1417 2389 hujusmodi
1432 2307 1486 2371 vel
1503 2307 1645 2372 alterum

281 2406 429 2493 ipsorum
453 2407 575 2472 luerint
598 2407 772 2475 collationi
803 2415 913 2494 apost.
939 2407 1142 2492 generaliter
1164 2411 1220 2473 vel
1244 2409 1432 2495 specialiter
1453 2418 1643 2490 reservata;

282 2530 351 2575 non
368 2511 454 2576 obst.
470 2509 561 2594 quod
576 2509 665 2575 idem
682 2507 801 2576 Petrus
821 2509 855 2575 in
872 2509 1056 2578 Nivemen.
1082 2511 1334 2595 thesaurariam,
1351 2514 1436 2578 etin
1462 2514 1582 2580 eadem
1610 2524 1645 2579 et

283 2614 316 2677 in
333 2613 498 2681 Parisien.
508 2613 728 2679 canonicatus
742 2621 777 2679 et
792 2617 895 2700 preb,
905 2621 941 2680 et
964 2613 1143 2698 Gregorius
1166 2615 1200 2680 in
1217 2614 1255 2682 B.
1273 2613 1323 2681 M.
1338 2616 1380 2682 de
1397 2615 1582 2684 Meleduno
1610 2628 1646 2683 et

282 2717 313 2783 S.
332 2715 469 2782 Martini
481 2716 523 2782 de
548 2715 698 2782 Huriaco
713 2717 933 2784 canonicatus
949 2725 984 2782 et
1001 2720 1103 2804 preb,
1120 2718 1212 2784 acin
1227 2717 1282 2785 SS.
1299 2718 1458 2805 Stephani
1473 2720 1516 2786 de
1528 2721 1646 2786 Duno-

224 2855 228 2864 ·
281 2821 368 2906 regis
383 2829 418 2887 et
441 2820 577 2888 Andree
600 2820 643 2887 de
670 2819 953 2908 Castroradulphi,
981 2821 1147 2888 Senonen.
1171 2829 1206 2888 et
1231 2820 1412 2891 Bituricen.
1439 2823 1536 2907 dioc,
1553 2846 1594 2891 ac
1610 2826 1645 2891 in

281 2925 373 2992 dicta
386 2926 546 2993 Parisien.
562 2925 721 3007 ecclesiis,
737 2934 918 3012 perpetuas
930 2927 1134 3012 capellanias
1146 2927 1299 2992 obtinere
1310 2938 1502 2996 noscantur.
1513 2970 1556 2981 -
1569 2928 1645 2995 Fiat

282 3051 344 3116 pro
360 3039 502 3115 utroque
515 3029 556 3094 R.

326 3134 406 3200 Dat.
421 3134 521 3200 Avin.
539 3153 557 3218 7
574 3133 617 3201 id.
630 3134 759 3219 januar.
775 3142 806 3201 a⁰
821 3142 863 3220 7⁰.
877 3137 948 3220 (16,
965 3136 1050 3221 89⁰).

338 3263 480 3348 1473.
1291 3296 1444 3362 1349,11
1455 3275 1600 3357 J'crrrvier.

327 3381 428 3467 Supp.
452 3379 564 3446 Guido
590 3379 642 3445 tit.
660 3379 691 3445 S.
708 3378 832 3445 Cecilie
848 3382 956 3465 presb.
968 3379 1069 3462 card,
1082 3388 1175 3465 quat.
1192 3380 1370 3467 capellano
1386 3380 1645 3446 suodomestico

283 3484 419 3550 Oddoni
435 3483 477 3549 de
493 3482 631 3549 Turnon
646 3483 689 3550 de
713 3491 837 3550 canet
861 3485 954 3568 preb.
979 3484 1061 3549 eccl.
1078 3483 1278 3565 Tornacen,
1295 3482 1386 3569 apud
1404 3482 1518 3549 sedem
1534 3492 1645 3571 apost.

282 3609 341 3674 per
357 3589 411 3654 ob.
428 3586 580 3652 Durandi
597 3586 737 3653 Cornuti
752 3597 773 3667 ³,
790 3586 871 3652 olim
896 3586 1045 3671 ejusdem
1073 3587 1250 3654 cardinalis
1265 3586 1448 3669 camerarii,
1472 3587 1528 3672 qui
1554 3588 1645 3675 apud

281 3692 394 3757 sedem
411 3692 555 3757 eandem
570 3689 661 3755 diem
684 3691 802 3757 clausit
818 3700 1017 3772 extremum,
1033 3691 1241 3772 vacantibus,
1257 3690 1440 3775 dignemini
1450 3690 1644 3776 providere3

282 3795 454 3861 beneficiis
469 3816 534 3880 que
557 3794 647 3861 idem
660 3792 761 3859 Oddo
771 3794 903 3859 obtinet
918 3802 953 3859 et
963 3794 1037 3859 aliis
1052 3815 1121 3861 non
1138 3794 1359 3861 obstantibus.
1375 3834 1419 3843 —
1435 3792 1511 3859 Fiat
1526 3793 1567 3861 R.

327 3901 405 3967 Dat.
421 3900 522 3966 Avin.
540 3921 558 3984 3
575 3900 619 3966 id.
631 3902 760 3986 januar.
775 3909 809 3965 a⁰
826 3908 868 3985 7⁰.
885 3901 956 3984 (16,
978 3900 1079 3984 108⁰).

340 4026 639 4131 1474·1478.
1296 4039 1602 4127 1349,13jaouier.

328 4148 476 4212 Rotulus·
479 4147 713 4235 familiarium
730 4145 905 4227 Anibaldi,
922 4146 1060 4231 episcopi
1075 4144 1265 4212 Tusculani.

329 4252 417 4318 Item
433 4254 516 4338 sign.
540 4252 650 4317 dictus
664 4252 843 4338 episcopus
861 4250 1074 4338 [Anibaldus,
1091 4250 1192 4336 episc.
1210 4248 1449 4337 Tusculanus],
1466 4248 1644 4334 quodcum

284 4358 317 4422 S.
347 4355 387 4421 V.
419 4355 509 4422 dom.
533 4354 655 4419 Alexio
680 4352 723 4418 de
751 4352 845 4419 Urbe
868 4367 890 4434 ⁴,
922 4354 1003 4419 olim
1031 4353 1158 4419 cantori
1182 4362 1217 4419 et
1241 4352 1406 4419 canonico
1436 4352 1646 4439 prebendato

283 4460 421 4526 minoris
446 4460 617 4547 prebende
640 4458 781 4526 ecclesie
806 4458 883 4523 coll.
911 4457 943 4524 S.
971 4456 1154 4525 Audomari
1181 4457 1224 4524 de
1251 4457 1282 4523 S.
1306 4456 1512 4539 Audomaro,
1542 4453 1646 4522 Mori-

283 4585 361 4630 nen.
398 4564 496 4645 dioc,
529 4563 573 4629 de
610 4563 727 4649 majori
762 4561 932 4648 prebenda
969 4561 1059 4627 dicte
1097 4562 1248 4642 ecclesie,
1286 4570 1368 4627 tunc
1403 4560 1495 4647 apud
1532 4560 1645 4625 sedem

284 4676 394 4753 apost.
418 4676 563 4733 vacante
588 4666 719 4731 duxerit
745 4664 1003 4751 providendum,
1031 4674 1066 4731 et
1091 4666 1316 4752 postmodum,
1343 4674 1528 4751 antequam
1555 4662 1646 4729 dicte

320 4834 341 4879 l.
353 4831 415 4879 Voir
431 4846 457 4880 n.
475 4832 531 4879 294.
543 4858 574 4868 -
586 4833 608 4880 2.
622 4831 660 4878 Oi.
675 4830 775 4878 Duchct
788 4835 813 4878 et
832 4830 903 4890 Giry,
921 4828 1019 4879 (tn-rut.
1036 4830 1067 4877 de
1082 4828 1249 4889 liodrorraaue,
1262 4844 1287 4893 p.
1300 4831 1346 4879 308
1359 4846 1364 4889 ;
1377 4828 1475 4889 Mollat,
1489 4843 1514 4879 n.
1524 4829 1555 4875 so
1565 4843 1572 4887 ;
1584 4826 1647 4889 Rip.

290 4905 414 4965 (inirent,
427 4904 457 4965 V,
471 4920 496 4955 n.
507 4906 579 4955 otoo.
591 4933 623 4941 —
634 4906 658 4955 3.
670 4904 731 4953 Voir
742 4918 768 4955 n.
780 4906 835 4964 605,
847 4906 903 4963 913,
917 4906 988 4953 1120.
1000 4932 1032 4939 —
1044 4906 1066 4952 l.
1079 4904 1166 4952 Alexis
1179 4904 1312 4963 l'rerleriei,
1326 4918 1351 4951 n.
1364 4906 1433 4958 1219.
1449 4904 1518 4951 1230.
