3650 5675
721 552 809 628 1350,
833 554 852 617 8
873 553 959 617 avril.
1461 561 1515 625 501

158 706 326 783 Sabuleto,
353 702 475 769 clerico
499 700 706 789 Leodiensi],
731 703 774 768 de
797 706 875 769 ben.
891 707 973 771 eccl.
998 726 1027 771 c.
1052 727 1080 772 c.
1103 710 1157 773 vel
1181 731 1206 774 s.
1230 731 1258 776 c.
1282 719 1459 795 spectante
1473 713 1516 778 ad

158 808 373 875 collationem
389 806 584 871 monasterii
600 806 633 872 S.
649 805 794 872 Huberti
811 808 844 872 in
859 809 1020 875 Ardenna
1034 809 1078 877 Ο.
1098 811 1130 877 S.
1154 811 1203 893 B,
1220 812 1381 880 Leodien.
1407 816 1517 882 dioc...
1587 811 1590 817 ’

201 910 396 1082 ΒῑῗῖΑΙὲη.
415 1018 432 1079 6
447 1014 492 1080 id
509 1015 604 1101 april.
620 1023 654 1080 a⁰
670 1017 713 1080 8⁰.
730 1016 802 1099 (18,
819 1016 856 1081 P.
873 1015 919 1097 ΙΙ,
938 1019 1006 1101 30).

211 1150 506 1234 1925-1927.
899 1162 900 1165 ‘
1229 1172 1475 1253 manaan.

202 1270 303 1356 Supp.
319 1268 493 1347 Johannes
510 1266 643 1353 Rogerii
658 1279 676 1349 ¹,
692 1252 891 1354 prepositus¹
903 1268 1093 1351 Insulensis,
1108 1270 1296 1339 Tomacen.
1312 1273 1409 1355 dioc,
1426 1283 1517 1359 quat

159 1372 364 1439 universitati
377 1371 589 1457 burgensium
600 1370 680 1435 ville
692 1369 882 1452 Insulensis,
890 1372 1040 1457 predicte
1051 1372 1236 1440 Tomacen.
1248 1376 1346 1457 dioc,
1357 1386 1391 1443 et
1403 1399 1518 1443 eorum

160 1476 296 1542 cuilibet
311 1474 354 1539 de
369 1474 504 1560 speciali
527 1473 634 1558 gratia
650 1474 834 1539 concedere
850 1474 1072 1561 [dignemini]
1089 1498 1132 1542 ne
1148 1499 1261 1544 coram
1277 1481 1388 1565 aliquo
1408 1481 1520 1567 judice

160 1600 219 1645 seu
230 1586 409 1644 executore
424 1597 522 1663 super
537 1578 799 1662 quibuscumque
815 1578 1004 1645 actionibus
1019 1582 1220 1647 auctoritate
1237 1584 1423 1649 litterarum
1440 1606 1521 1671 apo

160 1684 352 1747 stolicarum
362 1681 537 1745 trahantur
549 1678 644 1744 inviti
655 1687 748 1745 extra
759 1701 852 1746 suam
864 1681 1025 1748 diocesim
1042 1704 1146 1768 usque
1161 1683 1205 1749 ad
1220 1685 1399 1751 duodecim
1414 1707 1520 1752 anuos

160 1784 310 1871 proxime
326 1791 506 1864 ¹venturos,
532 1803 609 1848 eum
636 1790 774 1868 propter
799 1782 992 1851 discrimina
1017 1807 1208 1871 guerrarum
1235 1808 1330 1853 suam
1360 1788 1520 1854 diocesim

160 1896 331 1973 nequeant
347 1888 447 1969 exire,
464 1896 499 1952 et
513 1886 669 1953 dominus
684 1885 887 1953 Benedictus
910 1887 991 1970 XII,
1014 1890 1228 1976 predecessor
1249 1900 1369 1974 vester,
1387 1892 1464 1978 ipsis
1479 1893 1521 1957 ad

161 1980 304 2059 totidem
329 2012 435 2057 annos
455 1992 526 2076 jam
552 1990 730 2076 preteritos
753 1990 896 2073 gratiam
922 1992 1067 2057 similem
1092 1992 1223 2060 duxerit
1247 1994 1519 2075 concedendam

162 2118 239 2163 cum
263 2096 507 2176 executoribus,
533 2114 602 2160 non
633 2095 843 2159 obstantibus
867 2102 902 2159 et
926 2096 1080 2161 clausulis
1107 2098 1293 2182 oportunis.
1314 2137 1357 2148 -
1382 2097 1457 2164 Fiat
1480 2098 1520 2164 R

208 2240 310 2300 1926.
326 2232 414 2297 ltem
430 2252 525 2317 supp.
542 2237 634 2315 quat.
651 2228 801 2295 Henrr'co
817 2229 859 2295 de
875 2232 907 2295 la
923 2230 1077 2316 Vaquera
1093 2242 1128 2298 et
1143 2232 1309 2317 Jobanne,
1326 2236 1396 2320 ejus
1418 2236 1522 2315 uxori,

161 2338 349 2403 Tomacen.
376 2336 473 2417 dioc,
490 2344 524 2400 et
540 2333 676 2400 cuilibet
700 2334 883 2399 eorundem
909 2337 1046 2420 plenam
1074 2336 1315 2421 indulgentiam
1339 2338 1523 2405 concedere

162 2442 355 2527 dignemini,
379 2448 416 2505 ut
439 2439 611 2505 informa.
634 2476 675 2486 -
701 2435 776 2501 Fiat
801 2436 841 2502 R.

209 2579 309 2643 1927.
335 2574 423 2640 Item
448 2595 543 2661 supp.
571 2581 662 2658 quat.
689 2571 852 2660 [Rinoldo
874 2574 917 2639 de
951 2573 1065 2655 Voert,
1103 2576 1319 2662 presbiter0],
1359 2578 1521 2663 capellan

163 2702 222 2745 seu
237 2683 313 2745 ben.
330 2702 356 2745 s.
380 2700 409 2745 c.
433 2680 546 2744 altaris
572 2676 611 2743 B.
629 2676 677 2741 M.
703 2677 757 2741 siti
773 2677 807 2742 in
830 2679 982 2763 parroch.
1006 2680 1147 2745 ecclesia
1169 2679 1212 2745 de
1235 2679 1380 2763 Berlaer,
1405 2682 1523 2746 Came-

163 2804 273 2851 racen.
290 2783 387 2866 dioc,
399 2782 521 2848 valoris
533 2790 664 2869 septem
675 2781 833 2847 librarum
845 2782 941 2868 juxta
956 2784 1164 2850 taxationem
1179 2784 1319 2866 decime,
1332 2807 1407 2852 vac.
1419 2807 1524 2873 nuper

164 2897 198 2954 et
214 2889 333 2954 ultimo
349 2908 408 2975 per
424 2891 478 2953 ob.
496 2886 634 2952 Henrici
650 2885 732 2952 dicti
755 2885 932 2952 Slabbaert
944 2897 963 2968 ²,
989 2888 1097 2952 ultimi
1121 2889 1285 2975 capellani
1308 2890 1466 2975 ejusdem,
1482 2911 1522 2956 ac

163 2991 253 3079 apud
277 2993 391 3057 sedem
418 2999 527 3078 apost.
552 3011 611 3077 per
636 2990 816 3077 specialem
839 2991 1101 3056 reservationem
1116 2991 1158 3057 de
1175 2993 1246 3078 ipsa
1262 2993 1398 3075 factam,
1414 2994 1523 3060 eidem

167 3096 313 3163 Rinoldo
337 3116 414 3161 cum
439 3095 593 3160 omnibus
615 3090 742 3179 juribus
759 3103 793 3159 et
809 3095 1019 3180 pertinentiis
1034 3096 1111 3176 suis,
1127 3096 1309 3180 dignemini
1325 3097 1522 3184 providere,-

164 3220 234 3265 non
251 3203 335 3265 obst.
348 3197 439 3284 quod
455 3199 620 3284 capellan.
634 3199 746 3264 altaris
758 3197 796 3264 B.
812 3197 860 3262 M.
874 3199 907 3262 in
923 3199 1065 3265 ecclesia
1079 3201 1231 3286 parroch.
1244 3201 1286 3267 de
1297 3200 1523 3286 Ycengheem,

164 3303 286 3368 valoris
301 3310 381 3368 octo
396 3302 467 3366 libr.
480 3303 575 3386 juxta
591 3301 797 3367 taxationem
820 3301 961 3382 decime,
978 3304 1125 3368 noscitur
1147 3304 1309 3370 obtinere.
1330 3343 1363 3353 -
1384 3304 1460 3371 Fiat
1484 3306 1523 3371 R

210 3405 287 3471 Dat.
304 3406 403 3470 Asin.
422 3410 439 3468 6
457 3406 500 3471 id.
516 3406 610 3492 april.
626 3413 658 3471 a⁰
675 3407 717 3470 8⁰.
735 3406 806 3490 (18,
824 3405 860 3470 P.
879 3404 924 3487 II,
942 3410 1026 3490 35l').

219 3544 1331 3642 19281350,
1347 3562 1372 3624 8
1383 3562 1480 3625 avril.

209 3661 311 3747 Supp.
328 3660 407 3725 Flos
421 3660 464 3725 de
480 3659 636 3739 Pestello,
654 3667 745 3743 quat.
762 3659 913 3724 familiari
930 3681 991 3725 suo
1007 3659 1108 3726 Petro
1125 3660 1314 3736 Molenerii,
1330 3663 1524 3747 presbiterii,

163 3768 236 3830 bac.
263 3765 298 3830 in
322 3765 421 3845 decr,
437 3765 468 3830 S.
494 3763 582 3829 Flori
610 3764 707 3844 dioc,
734 3764 953 3848 servitorique
979 3765 1152 3851 principali
1179 3767 1315 3849 regestu·
1339 3767 1525 3831 litterarum

163 3878 347 3935 uestrarum
375 3866 636 3954 apostolicarum
663 3866 795 3932 decan.
812 3875 846 3930 et
861 3870 954 3952 preb.
971 3869 1111 3932 ecclesie
1129 3867 1288 3933 Leodien.
1304 3889 1377 3932 vac.
1393 3868 1436 3934 ad
1451 3891 1523 3954 pre-

165 3993 241 4039 sens
255 3993 315 4058 per
330 3976 384 4038 ob.
398 3970 561 4056 Hugolini
576 3970 618 4036 de
631 3970 767 4035 Petusio
779 3979 799 4050 ³,
827 3971 976 4055 ejusdem
992 3971 1131 4036 ecclesie
1148 3970 1302 4036 canonici
1318 3973 1523 4057 prebendati,

165 4078 220 4162 qui
247 4097 354 4163 nuper
379 4084 472 4141 extra
497 4073 596 4140 Rom.
621 4073 745 4139 curiam
772 4073 861 4139 diem
877 4074 996 4140 clausit
1011 4082 1223 4154 extremum3
1247 4096 1316 4140 non
1333 4078 1418 4141 obst.
1434 4075 1524 4160 quod

164 4181 253 4247 idem
270 4181 389 4245 Petrus
402 4179 538 4265 paroch.
554 4178 636 4244 eccl.
652 4177 696 4242 de
711 4177 911 4242 Ledinhano
928 4177 1098 4262 superiori,
1116 4176 1310 4243 Narbonen.
1325 4179 1423 4260 dioc,
1439 4182 1524 4245 obti-

164 4305 245 4349 nere
266 4292 433 4350 noscatur.
455 4323 498 4332 —
521 4281 596 4347 Fiat
617 4280 659 4347 R.

208 4387 288 4453 Dat.
304 4387 417 4452 Avin.¹¹
436 4391 452 4450 6
471 4385 513 4452 id.
530 4385 624 4472 april.
641 4393 674 4449 a⁰
691 4387 733 4449 8⁰.
751 4385 764 4468 (
770 4390 822 4464 18,
839 4383 876 4450 P.
894 4382 940 4465 II,
957 4386 1041 4468 82').

196 4577 220 4639 a)
234 4575 274 4625 On
286 4591 301 4624 a
314 4573 379 4624 bitte
390 4573 462 4638 trprrul
475 4573 666 4631 l‘illumaurum,
677 4573 827 4620 diluiuum.
845 4569 908 4620 dtur.

374 4703 419 4711 ⁴-

197 4791 219 4836 1.
236 4787 300 4835 Vor'r
317 4801 341 4834 u.
359 4787 414 4835 900.
426 4812 458 4820 -
470 4788 493 4832 2.
511 4783 568 4832 Cite'·
586 4797 685 4832 comme
704 4783 832 4832 chanoine
842 4784 875 4832 de
888 4783 1074 4832 δῖε-(10111061
1087 4783 1220 4832 Bruxelles
1230 4783 1255 4831 le
1267 4786 1298 4830 20
1309 4782 1366 4844 juin
1379 4785 1443 4831 1300
1454 4785 1524 4846 (Van

164 4862 255 4919 Doren,
268 4860 415 4908 Irrrentrrirn
426 4856 468 4904 dna
484 4857 600 4905 arellium
616 4855 647 4904 du
665 4857 692 4904 la
709 4855 772 4904 cille
782 4855 813 4903 dc
825 4856 944 4915 diutinas,
957 4857 991 4914 lI,
1005 4857 1056 4917 13),
1069 4855 1164 4904 decede
1175 4862 1256 4905 avaut
1268 4857 1291 4905 le
1303 4859 1335 4904 30
1345 4855 1447 4918 janvier
1461 4859 1525 4905 IW

161 4935 301 4998 (volrplus
312 4933 375 4980 haut
388 4947 413 4980 n.
431 4935 485 4990 207,
507 4932 588 4990 llll).
600 4959 631 4968 -
643 4933 665 4980 3.
685 4931 798 4991 Hugolin
810 4929 900 4990 Tlnoli,
914 4929 1009 4979 decede
1022 4930 1045 4979 le
1057 4933 1087 4978 25
1100 4945 1169 4979 murs
1188 4932 1252 4978 1350
1264 4929 1307 4991 (de
1319 4930 1415 4988 Theux,
1431 4931 1463 4989 ll,
1477 4933 1507 4978 Π
1512 4947 1527 4990 ,-

162 5009 195 5058 cl.
214 5007 331 5067 Hocsem,
344 5021 365 5054 e.
378 5007 426 5054 30:
442 5005 540 5052 (lirrul.
556 5004 587 5052 rie
599 5005 624 5052 S.
641 5004 765 5064 Lanrbert,
786 5004 830 5062 IV,
844 5005 898 5065 45).
