3650 5675
744 407 832 480 1346,
854 406 1076 488 na-aojunnt.
1529 407 1591 472 263

229 568 264 625 et
278 559 369 624 dom.
385 557 559 638 Johannis,
583 557 684 643 episc.
714 556 881 639 Portuen,
907 557 950 622 de
972 558 1107 622 licentia
1124 555 1157 620 S.
1181 554 1231 636 V.,
1255 556 1343 622 idern
1372 556 1590 624 Hermannus

229 683 289 748 per
303 683 349 741 se,
365 669 400 725 et
416 658 582 726 Gerardus
597 679 656 746 per
672 668 923 746 procuratorem
944 680 1039 726 suum
1055 659 1178 726 adhoc
1194 661 1342 747 legitime
1358 661 1588 743 constitutum,

228 764 318 850 apud
332 764 447 830 sedem
462 771 572 850 apost.
588 783 630 827 ex
645 784 744 830 causa
759 763 1016 848 permutationis
1027 762 1183 829 duxerint
1192 763 1418 847 resignandos,
1435 763 1588 848 idemque

228 868 318 933 dom.
334 867 519 948 cardinalis,
535 867 757 933 demandato
780 874 892 932 vestro
918 868 1054 932 oraculo
1070 867 1148 932 vive
1168 867 1262 933 vocis
1285 869 1345 933 sibi
1362 868 1462 948 fact0,
1477 868 1589 953 hujus-

227 970 318 1037 modi
334 972 576 1057 resignationes
591 971 772 1051 admiserit,
788 970 971 1054 dignemini
989 969 1140 1036 Gerardo
1150 970 1193 1037 de
1205 992 1280 1037 can.
1296 974 1433 1056 etpreb.
1451 971 1588 1037 Mones-

228 1075 344 1140 terien.
367 1085 403 1140 et
430 1075 630 1140 Hermanno
654 1073 813 1159 predictis
827 1073 869 1139 de
885 1095 957 1138 can.
974 1082 1010 1139 et
1024 1078 1118 1159 preb.
1134 1073 1350 1160 Nyvellensis
1372 1075 1587 1141 ecclesiarum

227 1179 450 1264 predictarum
466 1178 514 1244 sic
530 1199 602 1244 vac.
618 1185 707 1244 auct.
723 1185 831 1263 apost.
855 1176 1031 1262 providere
1052 1201 1060 1257 ;
1082 1198 1149 1243 non
1168 1181 1253 1244 obst.
1269 1177 1359 1262 quod
1374 1177 1483 1244 dictus
1500 1177 1587 1244 Her-

227 1303 368 1348 mannus
383 1283 417 1346 in
433 1283 488 1347 SS.
498 1284 740 1367 Apostolorum
756 1281 943 1362 Colonien.,
956 1290 991 1346 et
1008 1269 1174 1348 Reisseusi
1184 1284 1333 1348 ecclesiis
1348 1290 1468 1347 canet
1482 1285 1586 1368 preb,

226 1405 358 1451 necnon
380 1386 531 1472 parroch.
555 1387 637 1451 eccl.
654 1386 686 1449 in
703 1382 841 1464 Gronio,
859 1383 1034 1450 Colonien.
1058 1393 1093 1450 et
1110 1384 1348 1452 Monasterien.
1364 1386 1462 1467 dioc,
1478 1386 1586 1451 nosci·

227 1495 279 1552 tur
294 1488 456 1553 obtinere.
479 1529 522 1536 -
540 1486 615 1554 Fiat
630 1510 691 1574 pro
706 1497 848 1571 utroque
866 1487 907 1553 R.

270 1591 348 1657 Dat.
364 1593 464 1656 Avin.
485 1613 518 1656 11
538 1590 605 1656 kal.
621 1613 696 1676 aug.
712 1599 744 1656 a⁰
763 1599 801 1675 5⁰.
819 1592 886 1671 (ll,
904 1593 977 1675 97”)
1001 1598 1020 1655 ¹¹.

281 1727 421 1809 1028.
1257 1745 1352 1826 1346,
1370 1762 1410 1824 25
1420 1741 1542 1823 jm'llet.

271 1842 379 1930 Supp.
400 1844 562 1928 Rogerius
585 1845 627 1909 de
656 1845 806 1912 Henrico
833 1845 875 1910 de
901 1845 1078 1926 Panornm,
1103 1845 1310 1911 ambasiator
1338 1845 1458 1928 Sicilie,
1495 1853 1586 1930 quat.

230 1947 374 2034 [Jacobo
391 1947 559 2033 quondam
576 1948 668 2013 dom.
686 1948 853 2015 Francisci
871 1949 883 1984 ¹³
898 1950 941 2015 de
955 1947 1048 2016 Filiis
1065 1950 1153 2031 Ursi,
1164 1951 1279 2014 militis
1294 1949 1336 2016 de
1354 1949 1458 2031 Urbe,
1471 1951 1587 2035 nepoti

225 2053 303 2117 bon.
319 2073 420 2117 mem.
435 2052 526 2117 dom.
544 2049 685 2132 Mathei,
703 2053 803 2138 episc.
820 2053 975 2120 Sabinen.
992 2064 1011 2135 ¹,
1029 2055 1105 2119 cler.
1129 2053 1163 2118 in
1184 2053 1257 2138 jure
1281 2074 1354 2119 can.
1371 2053 1535 2140 studenti]
1554 2054 1587 2117 in

227 2153 326 2220 Rom.
342 2176 420 2237 cur,
436 2158 513 2220 ben.
526 2157 607 2220 eccl.
625 2176 653 2220 c.
670 2177 699 2221 c.
715 2158 768 2220 vel
785 2179 810 2222 s.
828 2177 867 2237 c.,
885 2167 1040 2242 spectans
1053 2157 1096 2223 ad
1113 2157 1230 2223 coli...
1249 2157 1350 2241 episc.
1367 2165 1401 2222 et
1417 2177 1490 2242 cap.
1507 2154 1588 2221 Bar·

225 2259 404 2325 chinonen.
420 2261 474 2324 vel
490 2260 694 2344 singulorum
711 2260 950 2327 canonicorum
966 2269 1001 2326 et
1024 2281 1239 2346 personarum
1262 2260 1303 2326 de
1322 2261 1414 2326 dicto
1431 2261 1588 2346 capitulo,

224 2363 368 2428 etiamsi
385 2364 485 2448 dign,
502 2384 587 2448 pers.
603 2364 658 2428 vel
674 2364 730 2428 off.
748 2364 781 2427 in
798 2363 918 2429 eadem
934 2366 1016 2429 eccl.
1034 2364 1258 2429 obtinentium
1277 2386 1286 2442 ;
1311 2365 1404 2448 cujus
1420 2363 1543 2429 fructus
1559 2385 1588 2429 c.

225 2488 254 2532 c.
275 2486 344 2548 100,
354 2467 381 2532 si
397 2488 478 2532 vero
498 2488 523 2531 s.
549 2487 578 2532 c.
603 2467 701 2532 fuerit
729 2470 769 2531 80
794 2467 850 2532 lib.
875 2466 954 2531 Tur.
971 2487 1073 2553 pann,
1098 2489 1163 2533 sec.
1187 2475 1256 2531 tax.
1277 2466 1417 2546 decime,
1440 2468 1588 2531 valorem

224 2591 372 2635 annuum
387 2592 455 2636 non
473 2571 650 2650 excedant,
669 2571 758 2656 [vae.
775 2571 828 2634 vel
854 2569 980 2655 vacat]
1007 2570 1041 2634 in
1069 2571 1160 2650 eccl,
1185 2569 1248 2634 civ.
1264 2567 1318 2633 'vel
1342 2569 1429 2634 dioc.
1454 2568 1589 2636 Barchi-

225 2694 359 2753 nonen,
376 2673 614 2739 conferendum
631 2674 739 2739 eidem
761 2673 780 2751 J
783 2677 891 2739 acobo
906 2674 1089 2759 dignemini
1101 2694 1269 2738 reservare
1285 2696 1293 2752 ;
1310 2693 1379 2750 non
1396 2676 1481 2737 obst.
1497 2674 1588 2756 quod

189 2819 193 2826 -
226 2778 313 2844 idem
337 2777 483 2855 Jacobus
498 2778 532 2843 in
557 2777 795 2843 Panormitana
819 2785 853 2844 et
881 2777 1100 2858 Cennacensi,
1121 2776 1280 2842 Leodien.
1307 2777 1404 2859 dioc,
1429 2777 1587 2858 ecclesiis,

225 2902 298 2947 can.
310 2885 459 2968 etpreb.,
476 2883 510 2947 in
527 2882 767 2949 Panormitano
790 2891 825 2947 et
848 2882 1041 2948 Siracusana
1058 2881 1143 2947 dioc.
1160 2882 1227 2947 duo
1242 2884 1318 2947 ben.
1335 2881 1498 2968 simplicia
1514 2902 1539 2947 s
1557 2880 1585 2947 cl

225 2987 372 3051 noscitur
387 2986 549 3067 obtinere,
565 2987 608 3052 de
623 2987 742 3068 quibus
756 2990 833 3052 ben.
862 3008 921 3051 100
946 2988 1016 3052 fior.
1033 3007 1100 3051 non
1124 2986 1266 3073 percipit
1291 2987 1475 3053 annuatim.
1500 2986 1587 3052 Cum

223 3088 342 3154 eodem
357 3086 497 3168 Jacobo,
513 3090 569 3173 qui
586 3090 619 3154 in
637 3099 691 3173 23⁰
707 3091 807 3155 etatis
821 3111 879 3155 sue
895 3112 986 3156 anno
1001 3091 1056 3154 vel
1080 3091 1210 3156 circiter
1234 3090 1437 3156 constitutus
1460 3089 1584 3171 existit,

223 3193 314 3277 quod
339 3194 528 3279 hujusmodi
554 3195 729 3260 ecclesiam
754 3194 857 3259 libere
873 3194 1020 3279 recipere
1045 3203 1080 3258 et
1107 3194 1197 3259 licite
1223 3196 1335 3259 valeat
1350 3195 1503 3283 retinere,
1520 3195 1585 3259 def.

223 3297 323 3360 etatis
344 3296 544 3381 hujusmodi,
568 3318 609 3363 ac
630 3297 794 3381 generalis
817 3297 948 3362 concilii
974 3305 1008 3363 et
1034 3318 1232 3383 quacunque
1258 3299 1322 3364 alia
1345 3298 1585 3364 constitutione

224 3400 388 3465 contraria
410 3421 476 3464 non
505 3403 601 3481 obst,
625 3400 865 3485 dispensantes.
883 3442 926 3450 -
943 3400 1018 3465 Fiat
1034 3422 1138 3485 usque
1155 3402 1198 3467 ad
1215 3422 1255 3486 70
1271 3424 1300 3467 c.
1317 3423 1356 3483 c.‚
1383 3423 1421 3486 50
1446 3424 1470 3467 s
1488 3424 1526 3482 c.,
1551 3412 1585 3468 et

223 3502 452 3589 dispensamus
467 3524 565 3590 super
580 3512 682 3570 etate.
700 3504 740 3570 R.

267 3605 347 3671 Dat.
362 3606 462 3670 Avin.
480 3608 498 3669 8
514 3606 581 3672 kal.
599 3628 673 3691 aug.
691 3617 725 3671 a⁰
745 3615 785 3691 5⁰.
804 3609 870 3691 (ll,
893 3610 979 3693 115).

278 3742 414 3825 1029.
1246 3759 1341 3840 1346,
1355 3776 1400 3838 3ο
1414 3755 1540 3837 juillet.

265 3859 355 3944 Sign.
370 3858 554 3938 Johannes,
581 3859 649 3923 dux
674 3856 868 3939 Brabantie,
894 3857 986 3943 quod
1012 3858 1092 3923 olim
1110 3858 1163 3923 sel.
1179 3878 1245 3923 rec.
1261 3859 1350 3923 dom.
1379 3857 1582 3924 Benedictus

221 3984 310 4049 papa
323 3961 405 4043 XII,
421 3983 499 4027 cum
514 3983 587 4048 rap.
603 3982 664 4027 suo
679 3961 830 4027 Arnoldo
845 3962 938 4027 dicto
955 3961 1068 4026 Rover
1083 3960 1125 4026 de
1148 3960 1361 4043 Buscoducis,
1375 3966 1482 4049 presb.
1496 3960 1585 4027 Leo-

221 4066 310 4132 dien.
324 4066 422 4144 dioc,
438 4066 480 4130 de
496 4068 603 4150 presb.
619 4066 750 4149 genitus
765 4074 800 4129 et
816 4067 933 4145 soluta,
951 4076 987 4129 ut
1004 4064 1047 4129 ad
1063 4085 1179 4129 omnes
1195 4064 1327 4130 ordines
1342 4064 1529 4149 promoveri
1547 4074 1582 4129 et

222 4173 298 4235 ben.
314 4157 407 4248 ecci,
423 4168 554 4232 etiamsi
570 4189 683 4234 curam
699 4169 838 4233 haberet
854 4169 1052 4247 animarum,
1068 4168 1220 4233 obtinere
1236 4169 1374 4247 valeret,
1392 4168 1580 4252 hujusmodi

221 4294 290 4339 non
317 4276 417 4339 obst..
429 4272 496 4337 def.
525 4272 730 4357 dispensavit
745 4296 754 4351 ;
771 4272 894 4336 virtute
920 4272 1012 4355 cujus
1037 4271 1295 4355 dispensationis
1310 4272 1414 4335 altare
1431 4271 1463 4335 S.
1480 4269 1528 4336 M.
1546 4271 1580 4335 in

221 4378 303 4443 eccl.
326 4378 370 4442 de
386 4373 511 4457 Hedel,
527 4375 556 4439 T
557 4376 716 4460 rajecten.
730 4376 827 4456 dioc,
844 4396 869 4439 S.
886 4396 926 4454 c.,
942 4374 1035 4458 cujus
1044 4382 1158 4438 tamen
1173 4371 1297 4439 fructus
1313 4393 1485 4458 nunquam
1507 4394 1582 4458 per·

252 4564 281 4626 e)
292 4564 366 4613 cette
378 4565 517 4626 suppliquc
529 4573 567 4612 ent
579 4565 648 4613 aussi
660 4562 812 4625 onrepistrc‘e
823 4578 857 4611 nu
870 4563 913 4611 fol.
926 4564 971 4611 loo
981 4578 1038 4611 sous
1051 4563 1075 4613 la
1086 4562 1146 4614 «late
1158 4564 1193 4613 du
1206 4561 1273 4613 snat.
1285 4577 1342 4627 unp.
1355 4570 1382 4609 (ιθ
1394 4564 1464 4614 5⁰.-
1477 4562 1506 4625 b)
1523 4561 1581 4611 sod.
1605 4576 1609 4584 ’

223 4638 347 4686 t'mneici.
1056 4644 1059 4651 ’

256 4842 277 4888 l.
290 4840 407 4889 Mothieu
419 4840 502 4889 Orsini
517 4840 615 4891 41:340
639 4840 742 4901 (Eubel,
758 4841 776 4896 1,
790 4842 857 4900 37).-
