3650 5675
252 458 315 522 262
772 456 860 530 1346,
882 455 973 518 13-22
992 455 1102 537 juillet

146 535 157 568 f

253 609 354 674 Ahen
370 606 574 688 monasterii,
592 606 809 673 Lemovicen.
829 605 927 687 dioc,
944 606 1162 672 ecclesiarum
1186 608 1339 674 canonici
1359 608 1469 694 [quat.
1485 629 1618 695 permu-

256 722 327 778 tare
343 711 539 797 valeant]...
557 735 566 790 ;
583 732 651 776 non
668 714 755 777 obst.
772 711 862 794 quod
876 709 987 775 dictus
1004 709 1124 776 Helias
1140 731 1213 776 can.
1238 719 1273 776 et
1287 715 1380 797 preb.
1408 712 1440 776 in
1469 712 1619 777 ecclesiis

259 815 440 880 Carnoten.
457 822 491 878 et
508 812 725 878 Cameracen.
741 813 893 878 obtinere
908 821 1078 878 noscatur.
1093 854 1137 862 —
1153 811 1231 879 Fiat
1248 814 1288 880 R.

302 918 379 983 Dat.
396 939 450 1004 ap.
466 917 717 983 Villamnovam
734 919 751 982 8
769 915 812 982 id.
824 916 897 1001 julii
914 923 948 981 a⁰
965 923 1007 1001 5⁰.
1024 919 1088 1000 (ll,
1103 921 1184 1002 8rl).

312 1055 1383 1151 1025.1346,
1401 1087 1443 1150 13
1453 1067 1575 1149 juillet.

303 1171 403 1259 Supp.
419 1173 592 1251 Jolranues
607 1170 649 1236 de
664 1169 826 1249 AcheriiS,
850 1176 941 1253 quat.
971 1168 1047 1254 [suo
1072 1171 1322 1255 consanguineo
1345 1191 1506 1255 germano
1532 1170 1620 1237 Lau·

258 1277 370 1343 rentio
386 1275 531 1356 Bouton,
548 1273 643 1360 cler]
663 1272 820 1338 Parisieu.
836 1272 934 1351 dioc,
951 1271 993 1338 de
1010 1293 1084 1338 can.
1102 1281 1136 1338 et
1151 1276 1243 1359 preb.
1256 1274 1338 1339 eccl.
1355 1275 1386 1340 S.
1401 1273 1489 1338 Petri
1502 1274 1620 1339 Arien-

260 1380 312 1461 sis,
330 1378 499 1444 Morinen.
514 1377 611 1457 dioc,
629 1397 701 1442 vac.
718 1397 778 1463 per
793 1378 846 1442 ob.
863 1374 883 1453 J
886 1377 1029 1442 ohannis
1043 1377 1085 1442 de
1103 1375 1312 1443 Monasterio
1338 1378 1408 1443 sive
1435 1378 1476 1444 de
1505 1377 1620 1444 Mous-

260 1484 349 1563 tiers,
365 1483 473 1547 ultimi
490 1481 656 1547 dictorum
672 1501 746 1546 can.
763 1489 796 1545 et
812 1482 904 1566 preb.
922 1501 996 1546 can.
1023 1483 1115 1566 preb.
1133 1492 1151 1562 ¹,
1179 1481 1235 1565 qui
1261 1488 1340 1546 ante
1366 1482 1619 1547 revocationem

261 1608 320 1675 per
335 1587 367 1650 S.
383 1585 423 1650 V.
440 1585 520 1650 olim
536 1585 659 1650 iactam
675 1584 717 1650 de
733 1585 1015 1650 reservationibus
1030 1586 1230 1672 specialibus
1246 1596 1413 1652 certorum
1441 1588 1619 1653 canonica-

261 1699 356 1756 tuum
372 1698 407 1755 et
422 1692 513 1775 preb.
530 1697 605 1769 etc,
622 1697 716 1754 extra
732 1688 830 1754 Rom.
844 1710 911 1754 cur.
928 1690 1017 1754 diem
1030 1689 1149 1755 clausit
1165 1697 1353 1754 extremum
1369 1713 1377 1769 ;
1395 1711 1479 1774 quos
1493 1689 1619 1756 dudum

261 1801 342 1858 ante
357 1793 570 1858 vacationem
587 1791 775 1877 hujusmodi
792 1792 910 1858 eadem
927 1792 1011 1874 S.V.,
1025 1801 1119 1878 pont.
1132 1793 1180 1858 sui
1195 1813 1285 1858 anno
1300 1793 1419 1878 primo,
1430 1793 1499 1859 sedi
1512 1803 1619 1880 apost.

262 1896 453 1977 reservavit,
470 1895 581 1960 eidem
596 1895 777 1962 Laurentio
792 1898 975 1982 dignemini
992 1897 1168 1984 providere
1182 1921 1191 1977 ;
1219 1918 1287 1963 non
1304 1900 1389 1963 obst.
1414 1898 1505 1981 quod
1522 1898 1561 1965 V.
1589 1899 1619 1964 S.

261 2000 393 2086 prefato
417 1999 600 2065 Laurentio
615 2001 657 2065 de
673 2001 798 2067 vicaria
813 2023 905 2087 perp.
917 2002 1052 2086 majoris
1069 2001 1183 2067 altaris
1202 2003 1283 2067 eccl.
1299 2000 1500 2083 Tornacen,
1520 2024 1622 2087 quarn

261 2104 351 2169 dom.
368 2103 540 2180 Johannes
555 2103 598 2170 de
615 2103 812 2188 Hakegnies
827 2106 959 2170 obtinet
975 2105 1009 2169 in
1033 2105 1191 2192 presenti,
1217 2126 1294 2170 cum
1318 2105 1390 2191 ipsa
1417 2107 1542 2172 vicaria
1564 2129 1623 2193 per

262 2209 508 2273 assecutionem
523 2207 664 2292 pacifice
679 2209 897 2294 possessionis
924 2208 1141 2294 hospitalarie
1168 2209 1345 2294 hospitalis
1372 2207 1410 2274 B.
1429 2207 1477 2274 M.
1494 2209 1621 2275 Toma-

262 2332 335 2377 cen.
351 2331 472 2376 vacare
488 2310 708 2396 contingeret,
724 2311 935 2377 mandaverit
951 2311 1117 2397 provideri
1131 2336 1140 2391 ;
1154 2333 1267 2378 secum
1283 2313 1520 2378 nichilominus
1531 2312 1621 2398 quod

261 2436 330 2481 non
345 2419 432 2481 obst.
448 2415 700 2499 quibuscunque
715 2416 1011 2481 consuetudinibus
1027 2424 1062 2481 et
1073 2416 1209 2480 statutis
1220 2415 1311 2482 dicte
1323 2419 1405 2483 eccl.
1421 2416 1619 2496 Tornacen.,

262 2519 381 2604 quibus
401 2519 511 2583 caveri
528 2518 649 2584 dicitur
664 2516 755 2602 quod
770 2518 990 2583 beneficiatus
1005 2518 1133 2583 dictam
1157 2518 1317 2584 vicariam
1333 2541 1391 2585 seu
1406 2519 1513 2604 ipsam
1529 2519 1621 2585 vica-

262 2624 345 2688 riam
361 2623 527 2704 obtinens,
543 2622 632 2687 aliud
647 2624 724 2687 ben.
741 2642 770 2687 c.
787 2643 816 2686 c.
832 2622 887 2686 vel
902 2642 928 2686 s.
945 2641 974 2686 c.
991 2643 1144 2687 unacum
1161 2621 1252 2687 dicta
1278 2623 1402 2688 vicaria
1428 2643 1496 2688 non
1514 2623 1622 2708 possit

262 2727 353 2793 licite
369 2727 532 2806 obtinere,
548 2727 661 2792 valeat
676 2726 803 2792 dictam
826 2727 987 2791 vicariam
1003 2747 1070 2791 una
1087 2747 1163 2792 cum
1188 2748 1261 2792 can.
1286 2735 1321 2792 et
1345 2731 1436 2814 preb.
1452 2728 1621 2814 predictis,

262 2851 301 2896 ac
317 2831 407 2917 ipsos
422 2852 495 2895 can.
511 2839 546 2895 et
561 2833 653 2916 preb.
670 2852 824 2895 unacum
840 2829 930 2896 dicta
945 2830 1070 2895 vicaria
1086 2830 1177 2895 licite
1193 2831 1355 2913 obtinere,
1380 2832 1623 2919 dispensantes,

263 2934 308 2999 Et
324 2935 415 3019 quod
430 2935 562 3019 placeat
578 2934 609 2999 S.
626 2933 666 2999 V.
682 2935 725 3025 ad
740 2934 1029 3020 dispensationem,
1045 2942 1082 3000 ut
1097 2936 1210 3000 valeat
1237 2936 1410 3002 concessio
1434 2938 1625 3022 specialiter

263 3038 473 3125 respondere.
490 3078 534 3085 -
550 3037 627 3102 Fiat
643 3048 678 3102 et
693 3038 934 3123 dispensamus.
952 3037 992 3104 R.

306 3141 385 3206 Dat.
402 3141 500 3205 Avin.
519 3162 536 3224 3
554 3141 597 3205 id.
606 3141 677 3226 julii
695 3147 729 3205 a⁰
746 3148 787 3224 5⁰.
804 3143 870 3224 (11,
888 3142 972 3223 8ol').

315 3277 459 3358 1026.
1291 3292 1386 3374 1346,
1404 3311 1445 3374 19
1455 3289 1574 3371 jm'ller.

305 3396 406 3482 Supp.
424 3396 543 3461 Helias
557 3395 599 3460 de
615 3394 844 3477 Ventlrodoro,
861 3374 935 3462 cari.
962 3400 1053 3481 preb.
1070 3397 1151 3463 eccl.
1177 3395 1369 3477 Canroten,
1394 3395 1619 3474 Cameracen.,

261 3501 359 3565 ,lhen
381 3499 620 3583 mon(asterii),
645 3495 861 3581 Lemovicen.
887 3500 985 3580 dioc,
1011 3521 1050 3565 ac
1077 3521 1161 3585 pers
1179 3500 1335 3565 obtinens
1359 3500 1401 3565 de
1424 3497 1619 3577 Wambeke,

260 3604 350 3669 dicte
365 3603 580 3669 Cameracen.
596 3602 693 3684 dioc,
706 3613 797 3687 quat.
813 3604 923 3669 eidem
952 3604 1137 3670 concedere
1164 3605 1357 3690 dignemini,
1382 3604 1424 3670 ad
1447 3606 1553 3669 vitam
1568 3604 1621 3667 vel

260 3708 303 3773 ad
317 3715 460 3793 tempus,
477 3715 576 3794 prout
597 3705 637 3771 E.
653 3706 685 3770 S.
700 3708 864 3792 placuerit
889 3708 1153 3790 concedendurn,
1180 3717 1218 3773 ut
1245 3708 1430 3775 insistendo
1456 3709 1489 3771 in
1516 3711 1623 3773 altero

259 3811 497 3876 beneficiorum
520 3832 654 3876 suorum
678 3812 804 3876 fructus
807 3862 858 3876 .....
878 3813 1020 3877 aliorum
1045 3815 1123 3878 ben.
1151 3833 1296 3895 suorum,
1325 3834 1389 3897 que
1412 3813 1543 3877 obtinet
1568 3812 1624 3876 vel

259 3916 424 3980 obtinebit
440 3917 473 3979 in
489 3915 860 3999 futurum,integraliter
874 3917 1023 4001 recipiat,
1037 3938 1076 3983 ac
1092 3918 1117 3982 si
1134 3919 1168 3982 iu
1184 3918 1263 4003 ipsis
1277 3916 1448 3982 beneficiis
1463 3936 1622 4001 persona-

258 4019 333 4082 liter
349 4018 517 4098 resideret,
530 4019 708 4084 cotidianis
723 4019 1012 4085 distributionibus
1028 4021 1203 4087 dumtaxat
1215 4022 1365 4107 exceptis
1377 4045 1386 4100 3
1400 4040 1468 4084 non
1485 4021 1619 4084 obstan-

258 4122 346 4187 tibus
362 4122 623 4205 quibuscunque.
639 4164 683 4171 —
699 4121 775 4187 Fiat
790 4123 833 4187 ad
848 4122 1049 4189 decennium
1067 4123 1107 4189 R.

302 4224 378 4289 Dat.
394 4226 494 4291 Asin.
514 4247 551 4310 14
567 4225 633 4291 kal.
650 4247 723 4311 aug.
740 4234 773 4291 a⁰
791 4234 831 4310 5⁰.
849 4228 916 4310 (ll,
935 4228 1017 4313 93‘')-

311 4362 451 4443 1027.
1245 4396 1248 4405 ’
1281 4378 1376 4463 1546,
1393 4400 1433 4443 22
1450 4374 1573 4458 juillet.

299 4480 401 4566 Supp.
426 4479 641 4545 Hermannus
656 4479 699 4545 de
716 4479 863 4565 Heydeu
879 4488 915 4545 et
930 4479 1096 4547 Gerardus
1120 4482 1161 4547 de
1179 4480 1295 4561 Horst,
1312 4490 1402 4566 quat.
1430 4502 1507 4547 cum
1532 4479 1618 4545 Her-

257 4605 399 4649 mannus
411 4604 485 4649 can.
498 4593 533 4650 et
545 4586 637 4671 preb.
655 4581 944 4665 Monasterien.‚et
960 4583 1126 4651 Gerardus
1142 4585 1283 4671 predicti
1301 4606 1375 4651 can.
1392 4594 1427 4649 et
1440 4588 1530 4671 preb.
1545 4582 1578 4648 N
1580 4604 1619 4667 y-

255 4688 419 4770 vellensis,
436 4687 597 4753 Leodien.
613 4686 710 4768 dioc,
728 4688 953 4769 ecclesiarum,
971 4708 1054 4773 quos
1078 4690 1285 4770 obtinebant,
1303 4690 1336 4753 in
1351 4689 1507 4755 manibus
1524 4688 1563 4753 R.
1580 4686 1617 4751 P.

288 4896 312 4942 l.
323 4893 420 4951 Mollat,
434 4908 458 4941 u.
472 4896 541 4943 1149.
