3650 5675
110 550 111 553 =
292 509 349 573 134
521 603 526 612 Ι
785 507 874 586 1343,
897 506 981 571 18-19
1004 507 1169 572 novembre.

295 683 405 740 men.;
430 681 499 726 non
524 661 610 725 obst.
637 659 727 742 quod
751 680 889 746 parvam
915 659 1032 745 capell.
1061 659 1094 724 in
1125 661 1207 726 eccl.
1224 660 1262 754 B.
1280 659 1328 726 M.
1353 661 1396 728 de
1418 662 1552 728 Calceia
1576 663 1653 728 ville

294 763 621 847 Valench(enensis),
639 764 853 830 Cameracen.
866 763 965 844 dioc.,
982 764 1132 830 noscitur
1144 766 1306 832 obtinere.
1319 807 1362 814 -
1378 765 1454 832 Fiat
1470 767 1504 832 in
1517 771 1598 834 eccl.
1615 767 1654 834 B.

297 866 346 933 M.
361 868 404 933 de
420 866 563 951 Nigella,
581 866 784 933 Noviomen.
801 866 899 947 dioc.,
917 866 957 933 R.
1137 873 1140 878 '

340 1023 418 1083 591.
436 1013 524 1080 ltem
539 1034 634 1099 supp.
651 1023 742 1099 quat.
757 1015 831 1080 sim.
848 1036 895 1100 gr.
911 1015 1021 1081 facere
1031 1015 1213 1100 dignemini
1238 1015 1401 1102 [Nicolao
1428 1017 1469 1083 de
1487 1018 1656 1104 Kanesoy,

298 1120 513 1184 Cameracen.
529 1118 627 1199 dioc.,
644 1117 738 1205 cler]
758 1119 886 1204 capelle
913 1139 981 1200 sue,
998 1118 1040 1183 de
1067 1140 1140 1185 can.
1157 1129 1191 1184 et
1218 1123 1310 1205 preb.
1327 1123 1408 1187 eccl.
1425 1121 1457 1187 S.
1475 1123 1655 1188 Donatiani

299 1222 484 1307 BrugensiS,
506 1221 692 1287 Tornacen.
708 1221 795 1288 dioc.
810 1244 819 1302 ;
835 1242 905 1287 non
921 1225 1007 1288 obst.
1035 1222 1126 1307 quod
1150 1243 1222 1289 can.
1239 1231 1276 1289 et
1289 1228 1381 1311 preb.
1416 1224 1655 1306 Condatenses,

299 1349 357 1392 seu
372 1347 510 1412 parvam
526 1326 645 1412 capell.
661 1325 694 1390 in
711 1327 793 1392 eccl.
820 1326 862 1392 de
878 1324 968 1410 Goy,
985 1325 1202 1393 Canreracen.
1218 1327 1315 1409 dioc.,
1332 1328 1480 1394 noscitur
1495 1330 1656 1395 obtinere.

299 1471 341 1479 —
359 1430 435 1495 Fiat
453 1429 493 1495 R.

344 1583 426 1644 592.
446 1574 532 1660 Item
549 1598 644 1663 supp.
668 1585 758 1660 quat.
783 1577 856 1642 sirn.
883 1598 930 1663 gr.
958 1576 1067 1642 facere
1092 1577 1275 1662 dignemini
1304 1579 1398 1666 [cler.
1415 1602 1475 1648 suo
1490 1581 1654 1668 Johanni]

301 1680 434 1759 Potore,
464 1678 651 1764 Trajecten.
677 1680 775 1762 dioc.,
799 1680 842 1746 de
872 1701 945 1747 can.
971 1690 1006 1746 et
1031 1685 1122 1766 preb.
1154 1684 1236 1749 eccl.
1263 1683 1301 1750 B.
1330 1684 1379 1750 M.
1403 1685 1590 1772 Trajecten.
1615 1725 1658 1737 —

301 1782 539 1952 Fliialtidvin.
560 1908 598 1971 14
613 1887 679 1953 kal.
694 1887 767 1954 dec.
783 1894 816 1953 a⁰
833 1895 875 1954 2⁰.
893 1890 941 1972 (3,
959 1886 995 1953 P.
1013 1886 1058 1969 ll,
1077 1891 1144 1974 57).

352 2033 1357 2134 593·594.1343,
1374 2053 1416 2116 18
1432 2054 1614 2118 novembre.

279 2148 283 2154 ⁴
345 2152 446 2238 Supp.
462 2153 557 2217 miles
573 2161 683 2217 vester
699 2151 930 2236 Englebertus,
947 2152 1192 2254 natuscomitis
1207 2151 1249 2217 de
1260 2150 1381 2220 Marka
1396 2167 1416 2236 ¹,
1433 2155 1466 2219 in
1482 2155 1521 2220 V.
1539 2156 1569 2222 S.
1586 2177 1658 2242 pre-

300 2257 407 2322 sentia
433 2257 644 2338 constitutus,
660 2265 756 2340 quat.
775 2255 958 2345 dignemini
982 2255 1092 2321 eidem
1115 2257 1300 2323 concedere
1320 2259 1503 2343 plenariam
1528 2262 1658 2326 absolu-

299 2362 450 2441 tionem,
466 2360 552 2425 utin
568 2359 684 2425 forma.
699 2358 819 2424 —Fiat
837 2357 876 2425 R.

344 2515 429 2578 594.
445 2509 533 2574 Item
549 2530 644 2596 supp.
661 2493 748 2574 idem
769 2509 874 2590 miles,
891 2517 982 2592 quat.
1002 2507 1078 2595 [suo
1094 2530 1177 2596 cap,
1204 2509 1340 2596 Egidio]
1359 2511 1468 2576 Oneal
1485 2523 1505 2592 ²,
1523 2511 1577 2595 qui
1591 2513 1659 2597 jam

299 2632 360 2698 per
379 2633 415 2696 14
431 2632 538 2677 annos
553 2613 613 2676 sibi
641 2612 779 2676 servivit
803 2611 945 2677 fideliter
961 2618 996 2676 et
1011 2611 1144 2694 devote,
1161 2612 1203 2677 de
1218 2616 1294 2678 ben.
1312 2617 1392 2680 eccl.
1409 2636 1434 2680 s
1462 2636 1502 2696 c,
1518 2637 1589 2680 vac.
1606 2617 1659 2680 vel

300 2724 419 2796 vacat,
444 2724 619 2800 spectante
645 2715 688 2780 ad
704 2717 801 2780 coll...
826 2714 1023 2800 archiepisc.
1050 2714 1213 2796 Remen.;
1238 2717 1331 2800 cujus
1354 2717 1510 2784 fructus...
1540 2739 1579 2802 50
1604 2720 1658 2784 lib.

300 2819 378 2885 Tur.
401 2841 503 2906 parv,
532 2842 597 2886 sec.
613 2828 681 2886 tax.
698 2819 838 2902 decime,
854 2821 1004 2885 valorem
1029 2841 1176 2886 annuum
1191 2843 1260 2887 non
1276 2823 1450 2905 excedant,
1477 2823 1657 2908 dignemini

300 2923 476 3008 providere
489 2946 497 3003 ;
514 2944 582 2988 non
606 2927 691 2989 obst.
719 2925 809 3008 qnod
832 2923 922 2988 idem
950 2945 1022 3010 cap.
1048 2925 1200 3009 parroch.
1225 2930 1306 2993 eccl.
1332 2924 1370 2992 B.
1387 2926 1437 2993 M.
1453 2928 1495 2993 de
1516 2927 1654 3011 Odaing,

300 3026 460 3092 Leodien.
475 3028 574 3107 dioc.,
590 3028 752 3108 obtineat,
779 3037 814 3092 et
838 3028 928 3112 quod
944 3027 975 3092 S.
992 3028 1043 3109 V,
1067 3030 1169 3094 vestri
1192 3040 1287 3117 pont.
1309 3038 1340 3096 a⁰
1360 3038 1397 3109 1⁰,
1414 3031 1456 3095 de
1483 3052 1556 3095 can.
1573 3031 1653 3096 eccl.

300 3128 339 3194 B.
353 3128 402 3195 M.
420 3129 600 3215 Hoyensis,
617 3131 707 3196 dicte
718 3130 815 3212 dioc.,
832 3134 892 3196 sub
908 3152 983 3218 exp.
1000 3136 1103 3217 preb,
1119 3135 1265 3219 providit
1280 3134 1411 3212 eidem;
1436 3134 1477 3200 de
1501 3156 1564 3218 qua
1579 3154 1655 3219 pro·

299 3233 429 3298 visione
444 3254 513 3298 non
539 3243 650 3320 sperat
676 3234 760 3300 infra
787 3236 924 3319 longum
951 3243 1093 3321 tempus
1117 3246 1253 3324 propter
1279 3237 1526 3303 multitudinem
1553 3239 1656 3324 impe-

300 3336 469 3416 trantium,
483 3336 699 3402 commodum
708 3345 940 3424 reportare-
958 3337 1034 3404 Fiat
1050 3362 1153 3425 usque
1169 3341 1211 3407 ad
1227 3362 1267 3425 40
1283 3340 1349 3421 lib,
1368 3340 1409 3407 R.
1521 3402 1524 3409 .

245 3481 249 3487 -
344 3439 421 3505 Dat.
437 3440 537 3504 Avin.
557 3461 595 3525 14
610 3440 677 3505 kal.
691 3441 764 3507 dec.
780 3449 812 3507 a⁰
829 3449 870 3507 2⁰.
888 3445 936 3527 (3,
954 3443 990 3509 Ρ.
1008 3442 1052 3525 ΙΙ,
1071 3462 1087 3528 5
1115 3450 1138 3528 ).

350 3584 462 3669 595·
1263 3625 1356 3689 1343,
1374 3626 1415 3690 ro
1432 3608 1614 3671 novembre.

343 3704 431 3787 Sign.
462 3703 557 3768 miles
586 3713 698 3768 vester
729 3704 960 3788 Englebertus,
991 3714 1091 3771 natus
1125 3707 1259 3773 comitis
1292 3708 1334 3774 de
1366 3708 1487 3776 Marka
1513 3719 1533 3791 ³,
1558 3710 1657 3775 frater

302 3805 496 3895 [Adolphi],
513 3806 613 3892 episc.
630 3805 800 3888 Leodien.,
811 3808 845 3872 in
863 3807 901 3873 V.
919 3808 950 3875 S.
967 3811 1134 3895 presentia
1150 3813 1360 3894 constitutus
1378 3824 1412 3879 et
1430 3814 1657 3881 Ermessendis

298 3908 340 3973 de
357 3907 556 3976 Wallecuria
570 3911 688 3976 mulier
703 3923 723 3993 ⁴,
740 3912 915 3978 Colonien.
937 3921 971 3977 et
988 3912 1147 3980 Leodien.
1164 3915 1345 3998 diocesum,
1370 3918 1460 4002 quod
1488 3919 1549 4005 ipsi
1565 3920 1655 3999 olim,

299 4014 489 4095 ignorantes
504 4014 639 4098 aliquod
654 4014 932 4100 impedimentum
961 4018 1103 4083 existere
1119 4019 1207 4083 inter
1223 4020 1322 4105 ipsos,
1347 4022 1598 4088 matrimonium
1613 4021 1656 4087 ad

298 4116 442 4182 invicem
455 4126 694 4184 contraxerunt
710 4140 770 4204 per
791 4123 894 4184 verba
918 4121 1066 4205 legitime
1093 4123 1135 4187 de
1162 4125 1319 4209 presenti,
1336 4128 1458 4191 carnali
1484 4128 1570 4192 inter
1599 4146 1656 4192 eos

298 4222 419 4307 copula
444 4225 621 4288 subsecuta
634 4247 642 4304 ;
668 4224 821 4307 quamvis
836 4245 935 4311 super
949 4226 1007 4291 illo
1032 4247 1100 4293 non
1126 4226 1248 4293 fuerint
1264 4230 1365 4313 aliqui
1391 4231 1492 4296 banni
1521 4231 1554 4295 in
1571 4231 1655 4297 facie

297 4326 437 4390 ecclesie
452 4329 660 4411 proclamati,
678 4329 733 4413 qui
750 4329 841 4394 fuere
856 4350 897 4394 ex
914 4330 1130 4415 simplicitate
1145 4340 1179 4397 et
1195 4355 1263 4399 non
1279 4334 1392 4401 fraude
1408 4336 1516 4420 aliqua
1533 4336 1655 4416 omissi,

296 4429 398 4492 veluti
415 4430 583 4496 interdum
599 4434 631 4495 in
648 4433 811 4499 nobilium
827 4435 1029 4501 matrimonii
1048 4446 1223 4503 contractu
1247 4423 1358 4503 omitti
1373 4439 1407 4503 in
1425 4440 1487 4504 illis
1507 4441 1656 4526 partibus

296 4543 550 4601 consueverunt.
568 4534 787 4603 Postmodum
803 4559 883 4605 vero
900 4539 943 4605 ad
959 4539 1106 4625 ipsorum
1132 4544 1288 4627 pervenit
1305 4543 1471 4625 notitiam,
1487 4544 1578 4628 quod
1593 4544 1654 4631 ipsi

297 4635 440 4701 invicem
456 4649 572 4721 quarta
588 4642 887 4726 consanguinitatis
902 4643 990 4708 linea
1000 4653 1077 4709 sunt
1087 4647 1255 4728 conjuncti
1270 4670 1279 4725 ;
1293 4668 1394 4731 quare
1404 4648 1655 4713 matrimonium

330 4864 351 4911 l.
364 4861 420 4909 Fils
430 4862 467 4910 du
477 4869 561 4913 comte
573 4849 688 4914 liverani
700 4867 745 4929 (de
766 4870 890 4928 (memrot,
904 4873 1000 4933 20-22).
1012 4900 1021 4906 -
1031 4902 1044 4907 -
1055 4875 1078 4923 2.
1091 4872 1153 4921 Voir
1164 4889 1189 4924 11.
1201 4875 1257 4924 308.
1269 4902 1300 4907 —
1318 4876 1340 4923 3.
1358 4873 1419 4921 Vuir·
1436 4888 1461 4923 n.
1474 4875 1529 4923 ool.
1541 4902 1572 4909 —-
1590 4875 1611 4923 4.
1623 4874 1656 4923 de

295 4936 420 4996 Chcstret,
431 4951 456 5000 p.
469 4940 497 4985 21
512 4940 563 4998 ,ct
577 4941 723 5003 Sauorland,
738 4942 830 4991 ovain.
843 4943 911 5004 ovo,
925 4944 960 5005 ll,
973 4960 997 4993 n.
1010 4948 1082 4997 2151.
