3650 5675
691 514 778 589 1844,
802 516 858 581 5-,9
880 516 1009 581 octobre.
1476 519 1533 584 177

170 665 368 747 Bernardus,
395 676 487 751 quat.
514 668 548 733 in
575 667 925 753 recompensationem
952 667 1043 733 dicte
1068 667 1183 751 gratie,
1214 687 1275 754 pro
1305 690 1370 753 qua
1400 670 1534 736 labores

169 769 326 837 sustinuit
352 777 387 835 et
412 790 587 856 expensas,
603 770 645 836 de
661 790 734 838 can.
751 780 785 839 et
800 774 892 857 preb.
909 772 991 838 eccl.
1006 772 1232 857 Aycuriensis,
1254 771 1415 840 Leodien.
1435 774 1532 856 dioc,

170 872 261 961 apud
289 873 405 939 sedern
435 884 544 961 apost.
574 894 649 942 vac.
679 895 739 962 per
767 884 911 941 mortem
942 875 1114 960 quondam
1144 875 1232 940 dom.
1267 875 1455 963 Berengarii
1490 878 1533 944 de

171 976 325 1063 Olargiis,
356 978 437 1044 dum
465 978 604 1047 vivebat
633 978 724 1047 dicte
750 979 837 1046 sedis
867 1000 943 1066 cap.
974 989 1009 1045 et
1039 979 1222 1045 obtinentis
1245 980 1392 1063 eosdem,
1422 981 1533 1047 eidem

169 1081 352 1165 dignemini
367 1083 554 1169 providere.
567 1122 608 1135 -
626 1082 702 1151 Fiat
719 1082 759 1149 R.

216 1184 293 1251 Dat
308 1188 409 1253 Avin.
427 1207 445 1271 3
461 1208 538 1253 non.
557 1197 624 1255 oct.
642 1195 676 1254 a⁰
693 1194 732 1273 3⁰.
749 1190 795 1269 (7,
815 1190 858 1271 9).

224 1341 337 1425 739.
1203 1377 1299 1440 1344,
1314 1374 1336 1436 5
1352 1357 1491 1421 octobre.

215 1458 316 1545 Supp.
332 1458 352 1537 J
355 1459 505 1525 ohannes
517 1459 560 1525 de
571 1458 772 1545 Columpna,
785 1460 886 1540 card,
903 1469 996 1544 quat.
1012 1460 1279 1547 [consanguineo
1294 1479 1363 1540 suo,
1380 1458 1532 1545 Oddoni]

168 1560 214 1627 de
238 1562 270 1627 S.
297 1561 482 1629 Eustochio
507 1562 550 1628 de
579 1562 673 1631 Urbe
699 1563 741 1629 de
767 1564 918 1649 prioratu
944 1565 1062 1649 colleg.
1089 1574 1124 1630 et
1150 1563 1252 1629 secul.
1279 1564 1361 1628 eccl.
1377 1562 1410 1627 S.
1427 1560 1476 1627 M.
1492 1561 1535 1628 de

169 1664 399 1747 Collecatone,
421 1666 593 1733 Tudertin.
621 1667 718 1748 dioc,
741 1666 924 1753 dignemini
950 1668 1136 1754 providere,
1152 1688 1221 1733 non
1238 1669 1322 1732 obst.
1339 1665 1430 1750 quod
1444 1664 1534 1731 idem

169 1767 273 1834 Oddo
297 1768 330 1834 in
357 1768 574 1837 Cameracen.
590 1779 625 1834 et
648 1770 680 1835 S.
702 1770 872 1836 Eustachii
903 1770 946 1836 de
972 1770 1064 1837 Urbe
1089 1771 1239 1837 ecclesiis
1254 1790 1327 1836 can.
1352 1770 1483 1835 obtinet
1498 1777 1535 1834 et

169 1873 264 1958 preb.
280 1912 322 1921 —
338 1870 416 1939 Fiat
432 1872 473 1939 R.

217 1975 296 2041 Dat.
312 1977 412 2042 Avin.
430 1998 447 2061 3
464 1997 544 2043 non.
562 1986 628 2043 oct.
647 1986 680 2042 a⁰
698 1986 730 2061 3⁰
745 1984 767 2043 ¹¹.
785 1980 833 2063 (7,
853 1980 917 2062 11).

222 2129 342 2212 740.
1204 2165 1301 2230 1344,
1317 2166 1337 2229 9
1354 2147 1492 2211 octobre.

214 2248 304 2332 Sign.
342 2248 501 2333 Rigaldus
538 2248 727 2334 d’Avregni‚
759 2249 894 2315 scutifer
935 2250 1078 2335 coquiue
1107 2250 1194 2337 regis
1224 2248 1365 2314 Francie
1396 2260 1415 2331 ¹,
1445 2249 1537 2333 quod

169 2348 345 2427 Johannes
371 2350 416 2417 du
441 2350 532 2416 Crok
558 2361 594 2416 et
622 2350 775 2417 Matildis
799 2352 841 2418 de
867 2351 1051 2433 Colesbert,
1079 2373 1162 2418 uxor
1183 2352 1353 2437 quondam
1369 2350 1479 2437 Egidii
1494 2352 1537 2418 de

171 2456 253 2540 Ays,
268 2455 398 2521 nobiles
414 2453 582 2521 Morinen.
606 2454 704 2534 dioc,
721 2476 797 2521 curn
814 2456 895 2521 olim
911 2456 1015 2521 iidem
1029 2454 1204 2533 Johannes
1219 2466 1255 2521 et
1282 2453 1442 2536 Matildis,
1459 2464 1536 2541 post

172 2566 319 2623 mortem
348 2558 429 2623 dicti
461 2557 582 2643 Egidii,
624 2580 659 2625 se
691 2560 832 2625 stimulis
865 2560 1052 2645 juventutis
1082 2559 1244 2625 commoti
1274 2567 1393 2623 mutuo
1423 2580 1538 2624 amore

173 2660 397 2742 adamassent,
408 2662 548 2729 tandem
561 2662 650 2729 idem
663 2662 683 2741 J
686 2662 837 2728 ohannes
852 2663 980 2727 dictam
998 2660 1168 2727 Matildirn
1185 2662 1363 2727 carnaliter
1378 2662 1538 2747 cognovit

173 2774 208 2831 et
227 2764 372 2831 eandem
387 2766 632 2852 impregnavit;
649 2787 714 2851 que
730 2766 875 2832 scientes
891 2765 990 2831 amici
1007 2766 1097 2831 dicte
1115 2764 1276 2847 Matildis,
1292 2765 1366 2852 ipso
1380 2763 1400 2843 J
1403 2765 1537 2830 ohanne

172 2870 344 2937 nobilioris
367 2871 496 2955 generis
522 2871 706 2952 existentis,
723 2870 858 2936 insidias
883 2871 1042 2935 mortales
1065 2870 1127 2956 ipsi
1151 2868 1300 2947 Johanni
1322 2878 1536 2956 paraverunt,

172 2973 372 3039 mandantes
396 2974 514 3054 eidem,
541 2973 631 3058 quod
657 2977 772 3060 procul
799 2973 902 3040 dubio
929 2974 1039 3059 ipsum
1066 2974 1303 3054 interficerent,
1323 2974 1385 3039 nisi
1409 2975 1536 3040 dictam

175 3075 346 3142 Matildim
362 3086 499 3163 caperet
514 3079 547 3142 in
564 3097 712 3143 uxorem.
729 3077 804 3162 Que
820 3077 959 3144 audiens
974 3077 1065 3142 idem
1079 3075 1099 3154 J
1103 3078 1263 3158 ohannes,
1280 3078 1359 3144 licet
1375 3088 1447 3144 tam
1464 3078 1535 3164 ipse

173 3199 275 3264 quam
304 3179 395 3246 dicta
425 3179 576 3247 Matildis
605 3182 729 3248 scirent
758 3182 849 3266 quod
874 3182 1024 3267 prefatus
1053 3180 1201 3266 Egidius,
1235 3181 1405 3265 quondam
1443 3181 1534 3248 dicte

176 3283 327 3350 Matildis
352 3286 500 3365 maritus,
528 3295 562 3351 et
588 3285 698 3352 dictus
723 3285 896 3364 Johannes
916 3286 951 3349 in
972 3295 1092 3369 quarto
1106 3286 1211 3370 gradu
1226 3285 1536 3370 consanguinitatis,

175 3387 357 3453 secundum
380 3390 670 3474 computationem
693 3390 904 3467 canonicam,
918 3389 979 3454 sibi
995 3389 1141 3454 invicem
1158 3389 1393 3474 attingebant,
1421 3396 1536 3454 tamen

175 3499 337 3574 tanquam
362 3492 530 3578 simplices
545 3501 580 3558 et
592 3494 673 3579 juris
695 3494 810 3579 ignari,
832 3513 901 3558 non
919 3493 1093 3559 credentes
1109 3493 1361 3559 matrimonium
1377 3494 1464 3557 inter
1478 3513 1537 3558 eus

175 3593 217 3658 de
233 3593 323 3660 lacto
334 3604 555 3678 contractum,
568 3619 610 3662 ex
622 3607 693 3663 tam
705 3597 839 3664 modica
854 3595 1019 3662 affinitate
1031 3597 1153 3663 debere
1164 3597 1319 3682 separari,
1330 3595 1538 3662 confidenter

175 3697 209 3762 in
231 3699 379 3783 quadam
402 3701 544 3786 capella,
560 3703 769 3788 presentibus
784 3703 897 3767 multis
913 3700 1030 3766 amicis
1045 3699 1215 3783 utriusque
1230 3700 1343 3784 partie,
1359 3719 1420 3784 per
1434 3701 1536 3763 verba

175 3800 218 3866 de
232 3803 379 3887 presenti
394 3804 482 3870 inter
497 3825 532 3870 se
547 3805 799 3871 matrimonium
815 3811 1056 3872 contraxerunt
1070 3826 1079 3883 ;
1097 3803 1130 3868 in
1146 3823 1213 3888 quo
1229 3802 1445 3867 matrimonio
1464 3803 1534 3886 Jam

175 3925 235 3990 per
249 3907 360 3992 plures
385 3929 490 3974 annos
516 3909 668 3974 insimul
692 3917 923 3974 remanserrmt
945 3916 981 3972 et
1003 3909 1113 3992 proles
1132 3907 1204 3991 jam
1226 3905 1414 3990 gradientes
1438 3925 1537 3991 super

175 4018 298 4074 terram
322 4021 538 4096 procrearunt
553 4035 561 4093 ;
588 4033 731 4098 cumque
753 4013 790 4095 si,
814 4012 905 4097 quod
927 4012 1024 4092 absit,
1040 4009 1208 4096 separatio
1223 4009 1318 4073 fieret
1333 4009 1420 4073 inter
1435 4009 1533 4094 ipsos,

176 4113 284 4178 multa
307 4114 421 4198 gravia
442 4115 602 4182 scandala
628 4126 663 4182 et
686 4116 829 4202 plurium
852 4135 1070 4202 personarum
1092 4113 1273 4179 homicidia
1288 4134 1330 4176 ex
1345 4112 1534 4197 hujusmodi

176 4217 388 4302 separatione
403 4219 626 4284 verisimiliter
645 4230 880 4304 sequerentur,
906 4239 1003 4303 supp.
1019 4219 1117 4301 igitur
1131 4215 1241 4280 dictus
1257 4214 1424 4299 Rigaldus,
1441 4225 1534 4299 quat.

176 4329 230 4384 tot
255 4330 291 4385 et
316 4322 421 4386 tantis
445 4323 600 4408 periculis
620 4325 803 4404 obviantes,
818 4325 909 4410 ipsos
925 4324 967 4387 ab
983 4319 1340 4386 excommunicationis
1355 4319 1534 4398 sententia,

176 4441 279 4506 quarn
303 4433 440 4509 propter
466 4425 531 4492 boc
558 4427 775 4508 incurrerunt,
792 4426 965 4493 absolvere
994 4422 1176 4508 dignemini
1201 4423 1235 4487 in
1262 4422 1368 4487 forma
1394 4423 1535 4488 ecclesie

176 4536 347 4607 consueta,
378 4539 506 4595 etcum
543 4529 668 4596 eisdem
704 4528 860 4607 Johanne
898 4536 934 4594 et
972 4527 1116 4608 Matildi,
1148 4526 1255 4611 -quod,
1292 4524 1535 4612 impedimento

209 4714 238 4773 a)
250 4713 290 4762 On
301 4729 317 4762 a
328 4715 390 4764 bille
401 4717 437 4764 les
448 4723 515 4764 mots
527 4715 579 4765 leat.
591 4721 636 4765 oct.
649 4723 675 4765 et
686 4731 719 4764 ou
731 4716 767 4764 lea
778 4731 794 4764 a
805 4716 947 4780 remplucta
959 4731 1006 4779 par
1018 4731 1072 4764 ram.
1084 4717 1130 4763 vot.

214 4934 236 4979 l.
245 4931 321 4986 ‚cern
331 4894 468 4996 supplicue
478 4948 495 4982 a
506 4933 548 4982 dte
559 4933 677 4986 mediate
689 4935 712 4985 le
722 4938 755 4986 22
766 4935 874 4986 octobre
881 4936 986 4983 suivant
997 4951 1004 4993 3
1014 4935 1071 4982 voir
1082 4947 1110 4986 n.
1122 4935 1177 4982 tto.

231 5022 292 5064 amr.
307 5021 355 5064 vae
373 5023 433 5075 serg.
