3650 5675
311 510 354 574 48
834 503 923 577 1342,
944 504 999 567 34
1020 502 1148 569 octobre.
1199 538 1202 545 -

310 664 445 729 decano
453 669 488 726 et
500 660 648 747 capitulo
659 659 794 743 plenam
811 656 912 721 fidem
926 678 934 736 ;
952 657 1051 722 certis
1066 656 1127 721 sibi
1144 655 1320 741 superbiis
1335 657 1505 742 deputatis
1520 666 1679 725 executo-

315 768 413 847 ribus,
431 766 486 850 qui
502 764 720 852 prepositum,
737 761 913 841 decanum,
930 769 965 825 et
980 761 1164 846 capitulum
1173 780 1213 826 ac
1224 780 1442 846 quoscunque
1457 762 1551 843 alios,
1562 770 1680 828 contra

315 872 481 937 indultum
497 877 531 934 et
552 869 724 935 decretum
740 866 930 951 hujusmodi
947 866 1063 931 venire
1087 866 1224 931 forsitan
1248 874 1488 952 presumentes,
1505 874 1563 933 aut
1577 869 1678 953 plene

315 997 383 1042 non
399 981 555 1061 parentes
573 973 708 1053 eisdem,
730 971 773 1036 ad
794 970 1039 1037 observandum
1064 991 1140 1036 cum
1164 970 1287 1036 effectu
1311 977 1347 1035 et
1370 972 1470 1055 plene
1492 970 1678 1057 parendum

315 1078 394 1163 ipsis
408 1098 467 1163 per
492 1097 665 1143 censuram
690 1075 951 1141 ecclesiasticam
971 1083 1006 1139 et
1032 1074 1255 1160 privationem
1278 1074 1519 1140 beneficiorum
1543 1096 1678 1141 suorum

313 1201 589 1266 quorumcunque
599 1188 706 1266 apost.
717 1188 804 1245 auct.
816 1180 1021 1263 compellant
1034 1201 1042 1258 ;
1060 1199 1137 1245 cum
1155 1178 1309 1243 omnibus
1324 1198 1392 1243 non
1404 1181 1489 1244 obst.
1500 1188 1536 1243 et
1551 1181 1679 1244 clausu-

315 1286 355 1351 lis
371 1285 577 1371 opportunis
593 1324 636 1333 —
656 1284 731 1349 Fiat
754 1305 813 1370 per
837 1284 950 1349 omnia
974 1284 1059 1349 sicut
1074 1284 1210 1369 petitur.
1226 1282 1267 1349 R.

359 1389 439 1454 Dat.
454 1388 556 1452 Avin.
574 1406 590 1471 5
608 1408 685 1455 non.
702 1397 768 1454 oct.
785 1396 816 1454 a⁰
835 1396 876 1453 1⁰.
893 1387 938 1471 (l,
955 1389 1061 1472 227').

368 1516 479 1598 226.
1349 1547 1444 1612 1542,
1458 1548 1480 1612 3
1497 1530 1635 1594 octobre.

361 1634 462 1719 Supp.
479 1634 556 1698 cler.
574 1630 770 1717 Radulphus
786 1630 1047 1716 Carpentatoris,
1064 1652 1137 1698 can.
1152 1633 1345 1714 Abrincen,
1357 1635 1498 1698 servitor
1510 1633 1679 1717 quondam

317 1742 397 1803 bon.
413 1758 514 1803 mem.
530 1736 620 1802 dom.
637 1734 809 1815 Ludovici,
833 1735 927 1801 ducis
954 1734 1189 1816 Burbonensis,
1216 1735 1307 1820 quod
1330 1756 1408 1801 cum
1431 1737 1504 1821 ipse
1529 1737 1680 1802 servierit

319 1863 379 1928 per
392 1862 430 1906 22
448 1860 554 1906 annos
569 1839 721 1925 predicto
729 1840 826 1906 dom.
843 1860 913 1919 suo,
937 1848 1038 1924 prout
1059 1839 1178 1905 melius
1203 1847 1238 1905 et
1265 1840 1407 1905 fideliter
1432 1841 1554 1925 potuit,
1580 1849 1679 1925 prout

320 1946 411 2011 scitis
427 1946 460 2007 in
476 1952 580 2028 parte,
596 1942 748 2028 proxime
760 1942 856 2027 juxta
871 1962 949 2007 eum
965 1942 1141 2007 existendo
1154 1964 1165 2022 ;
1180 1942 1224 2008 de
1239 1943 1332 2027 cujus
1346 1944 1483 2009 servitio
1494 1944 1560 2009 hoc
1571 1945 1678 2009 solum

317 2048 475 2127 obtinuit,
491 2046 648 2111 videlicet
663 2046 844 2111 Abrincen.
859 2054 894 2111 et
910 2046 942 2111 S.
957 2046 1139 2112 Audomari
1156 2066 1229 2112 can.
1256 2054 1292 2112 et
1313 2049 1428 2131 preb.¹,
1452 2056 1487 2112 et
1512 2048 1679 2113 administ

320 2152 491 2237 cujusdam
506 2151 625 2217 domus
640 2150 704 2215 Dei
722 2150 755 2215 in
771 2158 881 2215 castro
897 2149 996 2215 Viric.
1014 2150 1060 2215 Et
1074 2150 1177 2216 modo
1203 2150 1246 2216 de
1271 2170 1364 2215 novo
1389 2150 1490 2234 aliqui
1517 2152 1617 2216 emuli
1645 2160 1681 2215 et

320 2255 518 2334 invidentes,
535 2255 717 2319 sentientes
733 2276 787 2319 me
803 2254 931 2320 dictum
954 2254 1128 2320 dominum
1154 2256 1312 2334 amisisse,
1337 2256 1456 2320 volunt
1482 2263 1601 2321 contra
1625 2274 1681 2320 me

317 2378 490 2444 opponere
506 2357 596 2442 quod
611 2364 624 2390 ¹²
640 2358 672 2421 in
688 2358 854 2441 aliquibus
869 2359 1179 2443 permutationibus
1197 2378 1280 2443 quas
1294 2358 1402 2424 dictus
1417 2360 1573 2426 dominus
1586 2380 1682 2424 meus

319 2462 425 2527 voluit
441 2461 522 2525 mihi
539 2461 647 2525 facere
662 2461 704 2527 de
720 2462 883 2545 aliquibus
905 2464 989 2527 meis
1013 2464 1193 2544 beneficiis,
1222 2484 1298 2528 cum
1324 2462 1426 2549 ipsisb
1453 2464 1514 2529 fuit
1540 2466 1682 2529 simonia

318 2586 378 2650 per
393 2566 629 2651 promissiones
645 2574 679 2630 et
696 2567 940 2632 conventiones
955 2588 994 2632 ac
1010 2587 1157 2646 munera,
1174 2588 1256 2650 quas
1271 2575 1306 2632 et
1322 2587 1386 2651 que
1402 2567 1511 2633 dictus
1528 2568 1682 2633 dominus

319 2690 413 2733 meus
428 2668 603 2734 debuimus
618 2666 727 2735 facere
742 2670 775 2734 in
791 2656 1094 2755 permutationibus
1106 2671 1170 2735 illis
1182 2694 1190 2751 ;
1203 2670 1293 2754 quod
1301 2691 1472 2754 nunquam
1482 2672 1543 2736 fuit
1555 2672 1680 2737 factum

318 2794 382 2839 nec
394 2794 454 2859 per
469 2773 576 2859 ipsum
592 2794 655 2840 nec
671 2795 730 2861 per
744 2796 809 2857 me,
826 2775 923 2840 novit
940 2774 1040 2840 Deus.
1058 2772 1146 2839 Item
1163 2773 1341 2840 intendunt
1352 2794 1540 2860 proponere
1564 2781 1680 2840 contra

319 2899 383 2958 me,
391 2877 481 2960 quod
490 2884 643 2962 tempore
653 2879 894 2963 acceptationis
904 2879 1090 2961 aliquorum
1100 2877 1340 2944 beneficiorum
1350 2899 1441 2943 eram
1454 2877 1680 2944 excommuni-

317 2981 460 3044 cationis
475 2979 611 3044 vinculo
627 2980 805 3045 innodatus
824 3004 832 3060 ;
850 2981 941 3065 quod
958 2981 991 3044 in
1008 2981 1148 3045 veritate
1175 3001 1347 3065 nunquam
1373 2981 1465 3063 scivi,
1492 3002 1556 3048 nec
1580 2981 1680 3046 credo

318 3103 434 3146 verum
451 3103 532 3148 esse.
549 3083 715 3167 Quocirca
730 3084 862 3168 placeat
878 3083 909 3148 S.
927 3083 977 3163 V,
993 3085 1154 3149 memorie
1182 3086 1457 3152 commendantes
1472 3089 1575 3150 verba
1598 3085 1679 3150 dicti

315 3185 445 3251 domini
461 3186 528 3250 mei
543 3185 763 3252 effectualiter
779 3187 971 3273 adimplere,
987 3188 1099 3252 taliter
1114 3196 1151 3253 ut
1178 3208 1276 3274 super
1301 3188 1459 3274 predictis
1486 3188 1681 3272 dignemini,

319 3291 345 3354 si
362 3291 482 3374 placet,
496 3310 629 3356 mecum
644 3291 788 3375 gratiose
804 3290 1006 3377 dispensare,
1023 3312 1066 3355 ne
1089 3299 1227 3378 propter
1252 3292 1403 3378 predicta
1426 3312 1560 3378 possem
1583 3292 1681 3357 anrit-

319 3401 390 3457 tere
405 3401 530 3458 statum
545 3414 667 3458 meum.
683 3434 727 3443 —
744 3392 828 3476 Fiat,
846 3403 881 3459 et
896 3395 1163 3460 consideratione
1178 3395 1258 3461 dicti
1275 3395 1422 3460 defuncti
1446 3404 1559 3461 tecum
1582 3416 1681 3482 super

319 3495 461 3560 simonia
476 3495 705 3582 dispensamus
719 3521 728 3578 ;
745 3498 793 3562 sic
808 3506 923 3562 tamen
940 3498 1030 3581 quod
1045 3499 1200 3564 restituas
1215 3499 1242 3563 si
1261 3520 1326 3583 que
1341 3509 1476 3584 recepta
1491 3507 1568 3564 sunt
1587 3522 1595 3579 ;
1617 3519 1681 3564 nec

319 3599 473 3664 volumus
488 3600 578 3683 quod
593 3601 899 3667 excommunicatio
913 3602 974 3666 tibi
990 3603 1095 3686 possit
1112 3601 1199 3668 obici
1217 3603 1260 3668 ad
1274 3601 1376 3666 finem
1392 3602 1551 3688 perdendi
1579 3605 1682 3667 bene·

318 3701 393 3766 ficia
407 3709 475 3783 tua,
503 3702 563 3768 sed
577 3702 677 3768 facias
693 3711 727 3768 te
743 3704 881 3786 absolvi,
909 3712 945 3769 et
960 3725 1000 3769 ea
1015 3705 1075 3769 tibi
1092 3705 1294 3770 conferimus
1309 3713 1344 3770 et
1366 3705 1611 3772 confirmamus.
1641 3703 1681 3770 R.

361 3805 439 3870 Dat.
451 3807 551 3872 Avin.
570 3825 586 3891 5
603 3827 683 3872 non.
700 3815 767 3872 oct.
784 3815 816 3872 a⁰
836 3815 875 3873 1⁰.
893 3805 937 3892 (I,
956 3830 972 3873 2
977 3828 1017 3892 34
1030 3815 1071 3894 v).

369 3959 492 4041 227:
1351 3993 1446 4060 1342,
1462 4001 1481 4059 4
1499 3977 1637 4041 octobre.

362 4077 462 4164 Supp.
490 4075 662 4162 [Fortius],
690 4079 792 4164 episc.
816 4099 875 4144 seu
910 4077 1063 4144 minister
1093 4087 1204 4144 vestre
1236 4079 1317 4145 eccl.
1350 4078 1522 4145 Pictaven.
1545 4089 1565 4160 ³,
1589 4089 1681 4164 quat.

316 4203 394 4247 cum
411 4182 529 4262 eidem,
546 4183 579 4246 in
597 4203 774 4267 personam
791 4183 1028 4269 consanguinei
1056 4184 1104 4248 sui
1132 4203 1219 4269 mag.
1247 4183 1439 4269 Raymundi
1466 4184 1508 4250 de
1535 4181 1679 4261 Bonet0,

319 4284 345 4351 Ι.
363 4285 407 4350 U.
423 4285 626 4370 professoris,
643 4309 689 4372 gr.
706 4289 850 4354 feceritis
866 4309 955 4374 spec.
972 4288 1103 4354 decan.
1120 4298 1154 4354 et
1169 4291 1261 4375 preb.
1292 4289 1374 4354 eccl.
1399 4285 1437 4352 B.
1467 4285 1681 4371 Radegundis

319 4389 464 4454 Pictavis
481 4411 551 4456 vac.
568 4391 622 4455 vel
638 4400 761 4473 vacat,
781 4391 925 4457 etiamsi
942 4413 1018 4458 cum
1034 4392 1197 4477 dignitate
1212 4414 1221 4473 ;
1239 4401 1273 4457 et
1289 4391 1323 4456 in
1339 4391 1428 4457 dicta
1444 4390 1526 4456 eccl.
1542 4411 1611 4455 non
1637 4391 1682 4455 sit

316 4493 426 4574 aliqua
443 4493 587 4577 dignitas
602 4495 656 4557 vel
672 4504 869 4579 personatus
884 4496 963 4580 quin
979 4517 1038 4581 per
1048 4497 1249 4561 electionem
1265 4503 1428 4576 creentur,
1443 4495 1575 4580 placeat
1591 4493 1623 4558 S.
1640 4491 1681 4559 V.

317 4595 485 4676 mandare,
502 4596 591 4680 quod
606 4597 820 4682 provideatur
835 4599 945 4665 eidem
962 4600 997 4664 in
1012 4599 1102 4665 dicta
1117 4600 1199 4666 eccl.
1215 4600 1258 4666 de
1272 4599 1363 4686 dign.
1378 4601 1432 4664 vel
1448 4619 1534 4683 pers.
1550 4607 1608 4663 aut
1623 4597 1680 4663 off.

349 4769 377 4829 a)
394 4769 450 4818 (bd.
462 4771 514 4829 qui.
540 4800 558 4804 -
570 4772 600 4832 b)
617 4771 673 4820 t'od.
686 4786 745 4820 cum
763 4774 824 4835 ipsa.

350 4957 373 5002 1.
385 4954 467 5014 Vidal,
480 4969 505 5005 u.
518 4955 573 5005 668.
584 4981 616 4990 -
628 4957 649 5004 2.
662 4956 725 5006 Voir
736 4971 761 5008 n.
774 4957 828 5008 122.
