3650 5675
686 509 774 583 1848,
795 507 894 574 25-28
916 507 1035 574 rainer.
1506 516 1546 581 65

179 664 336 727 obstante
360 661 452 746 quod
475 661 564 729 idem
580 660 761 727 canonicus
788 660 821 724 in
850 661 967 726 eadem
994 661 1135 726 ecclesia
1164 660 1378 728 residentiam
1407 664 1546 733 minime

178 765 295 832 fecerit
311 787 370 832 sen
385 766 596 834 mansionem
611 767 800 850 aliqualem,
810 765 994 830 secundnm
1010 765 1287 832 consuetudinem
1303 768 1389 834 illins
1405 772 1544 839 ecclesie

178 870 311 950 diutius,
328 879 366 936 nt
381 871 545 951 asseritur,
562 873 781 937 observatam
796 908 840 918 -
856 866 932 932 Fiat
948 867 990 934 ad
1005 868 1196 934 triennium.
1213 869 1251 934 lt

223 974 300 1040 Dat.
315 996 366 1061 ap.
383 975 632 1041 Villamnovam
648 993 667 1058 7
683 974 748 1040 kal.
764 981 859 1040 mart
874 979 907 1038 a⁰
927 979 963 1038 1⁰.
982 973 1031 1057 (2,
1050 973 1115 1058 50).

229 1114 337 1200 314·
1200 1150 1260 1214 134
1261 1151 1294 1213 3,
1312 1150 1354 1212 25
1361 1131 1499 1218 fdvrr'er.

222 1233 322 1318 Supp.
338 1231 512 1311 Johannes
527 1233 570 1299 de
587 1232 873 1314 Cromonte,filins
885 1234 1054 1318 quondam
1066 1234 1152 1319 regis
1167 1235 1390 1300 heraudorum
1403 1233 1431 1298 F
1432 1234 1543 1300 rancie

178 1337 384 1422 clericusque
405 1336 569 1404 Ludovici
584 1337 626 1403 de
643 1337 815 1419 Sabaudia,
831 1338 919 1403 dom.
935 1337 1075 1420 Vuaudi,
1091 1339 1292 1430 Ambianen.
1308 1338 1437 1420 dioc.,...
1454 1347 1542 1422 quat.

178 1441 241 1507 sibi
256 1441 299 1507 de
315 1463 386 1507 can.
403 1442 434 1508 S.
452 1441 542 1507 Petri
557 1443 600 1508 de
624 1441 747 1522 Insula,
771 1442 959 1508 Tomacen.
983 1442 1078 1526 dioc,
1094 1451 1129 1508 et
1144 1445 1234 1529 preb.
1251 1444 1335 1528 [vac.
1352 1446 1405 1508 vel
1421 1445 1543 1530 vacat]

179 1546 362 1631 dignemini
378 1546 561 1632 providere.
576 1586 621 1596 -
637 1546 713 1612 Fiat
729 1545 768 1612 R.

224 1647 300 1713 Dat
315 1669 368 1734 ap.
384 1648 631 1715 villamnovam
650 1669 666 1732 5
683 1647 747 1714 kal.
762 1657 856 1714 mart.
873 1655 906 1714 a⁰
926 1655 962 1713 1⁰.
980 1649 1030 1732 (2,
1050 1651 1132 1734 50').

231 1787 336 1872 315·
1198 1822 1216 1865 1
1217 1822 1260 1884 34
1260 1823 1293 1886 3,
1311 1821 1352 1884 25
1360 1804 1497 1890 sdvrr‘er.

224 1903 322 1990 Supp.
339 1902 540 1984 Ludovicns,
558 1923 672 1968 comes
689 1901 853 1982 Flandrie,
870 1909 958 1986 quat.
971 1903 1060 1986 [cler.
1077 1911 1112 1968 et
1127 1904 1240 1972 amico
1254 1927 1314 1973 suo
1331 1907 1484 1992 Girardo]
1500 1909 1542 1975 de

181 2006 303 2074 Monte
321 2023 340 2088 ¹,
352 2007 565 2074 Cameraceu.
575 2008 671 2088 dioc,
687 2007 728 2072 de
746 2027 816 2072 can.
833 2014 868 2071 et
877 2009 966 2093 preb.
977 2008 1056 2074 eccl.
1069 2007 1100 2072 S.
1114 2008 1203 2075 Petri
1215 2009 1426 2093 Casletensis,
1438 2010 1542 2084 Mori-

178 2132 254 2178 nen.
269 2112 365 2192 dioc,
381 2132 451 2178 vac.
467 2113 522 2177 vel
538 2121 655 2191 vacat,
672 2110 854 2196 dignemini
869 2107 1055 2196 providere.
1071 2152 1115 2164 -—
1131 2111 1206 2179 Fiat
1223 2114 1260 2180 R.

222 2215 298 2282 Dat.
314 2236 365 2302 ap.
383 2215 632 2282 villamnovam
649 2236 665 2300 5
682 2215 746 2281 kal.
762 2222 859 2282 mart.
876 2223 908 2282 a⁰
928 2224 964 2282 1⁰.
983 2219 1033 2301 (2,
1052 2219 1132 2303 61⁹).

231 2355 338 2440 316·
1200 2392 1261 2456 134
1262 2393 1295 2456 3,
1312 2375 1499 2462 adfarier.

223 2473 322 2559 Supp.
338 2471 556 2552 Bemardus',
584 2472 632 2537 tit.
650 2471 679 2537 S.
696 2471 816 2538 Ciriaci
833 2473 866 2537 in
883 2473 1013 2539 Termis
1034 2477 1140 2559 presb.
1166 2476 1262 2558 card,
1289 2487 1377 2562 quat.
1394 2480 1484 2563 [cler.
1509 2487 1544 2545 et

181 2578 258 2642 fam.
274 2597 335 2642 suo
349 2597 389 2642 ac
404 2597 587 2642 commens.
611 2575 773 2662 Johanni]
799 2575 1016 2659 Trotemenu,
1043 2578 1255 2645 Cameraceu.
1283 2581 1378 2663 dioc,
1405 2583 1447 2648 de
1472 2603 1543 2648 can.

181 2682 261 2747 eccl.
285 2682 401 2766 colleg.
428 2681 457 2746 S.
483 2681 573 2748 Petri
599 2682 642 2747 de
669 2678 792 2763 Insula,
819 2680 1004 2748 Tomacen.
1029 2683 1126 2764 dioc,
1151 2684 1335 2768 dignemini
1358 2687 1543 2772 providere,

181 2788 270 2872 preb.
301 2805 382 2851 vero
411 2787 499 2871 [vac.
531 2786 584 2849 vel
614 2785 736 2871 vacat]
770 2784 1007 2851 conferendam
1040 2785 1149 2853 eidem
1182 2786 1329 2865 Jolranni
1360 2789 1542 2877 dignemini

181 2911 348 2956 reservare
362 2912 372 2973 3
388 2911 458 2956 non
474 2893 560 2957 obst.
577 2890 668 2975 quod
682 2910 754 2955 can.
769 2899 803 2953 et
819 2893 911 2976 preb.
928 2891 961 2955 in
978 2891 1007 2957 S.
1024 2891 1109 2957 Piati
1125 2892 1167 2959 de
1184 2892 1329 2975 Siclinio,
1345 2894 1435 2961 dicte
1461 2894 1543 2962 Tor-

180 3015 308 3076 nacen,
324 3003 358 3059 et
374 2995 632 3061 matriculariam
658 3016 717 3061 seu
732 2995 918 3061 custodiam
935 2996 969 3061 in
992 2998 1141 3083 parroclr.
1164 2997 1207 3064 de
1223 2997 1350 3078 Essen,
1377 2996 1544 3067 Morinen.

180 3099 278 3180 dioc,
288 3099 446 3179 ecclesiis
460 3100 553 3185 cnjus
568 3099 702 3184 quidem
719 3100 941 3165 matricularie
957 3122 1015 3167 sen
1025 3103 1175 3169 custodie
1185 3102 1333 3169 redditus
1348 3124 1385 3169 10
1400 3106 1454 3169 lib.
1465 3102 1542 3173 Tur.

179 3222 283 3288 paru,
299 3204 353 3267 vel
369 3203 510 3284 circiter,
526 3205 676 3269 valorem
692 3223 840 3267 annuum
855 3224 926 3269 non
954 3205 1130 3288 excedunt,
1148 3206 1299 3271 obtinere
1320 3216 1484 3273 noscatur.
1501 3248 1544 3258 -

182 3305 371 3497 Plagis-ap·
388 3410 636 3476 Villamnovam
655 3432 671 3475 2
689 3410 752 3477 kal.
768 3417 865 3476 mart.
881 3419 914 3475 a⁰
934 3418 971 3480 1⁰·
989 3413 1038 3497 (²2
1057 3430 1096 3498 57
1123 3415 1148 3499 )·

233 3552 337 3636 317.
1199 3582 1294 3647 rjqj,
1312 3566 1499 3651 adfarier.
1580 3516 1583 3521 Ι

227 3668 313 3754 Sign.
340 3668 370 3735 S.
395 3667 433 3733 V.
458 3676 570 3733 vester
595 3687 665 3752 cap.
702 3665 869 3731 Henricus
893 3665 936 3731 de
961 3665 1138 3750 Spaenhen
1159 3682 1180 3747 ³,
1212 3667 1434 3733 thesaurarius
1464 3672 1543 3736 eccl.

182 3771 366 3852 Colonien,
383 3770 474 3856 quod
490 3791 566 3836 cnm
582 3770 663 3836 alias
687 3768 838 3836 Henrico
862 3771 904 3836 de
928 3770 1147 3847 Attenderne,
1172 3772 1249 3835 cler.
1272 3793 1331 3837 sno
1347 3772 1542 3853 donrestic0,

181 3876 392 3961 provideritis
407 3875 450 3941 de
465 3896 536 3942 can.
552 3883 587 3941 et
602 3878 694 3961 preb.
710 3877 790 3941 eccl.
807 3875 845 3941 B.
863 3874 911 3939 M.
928 3876 1104 3959 Aquensis,
1122 3874 1278 3941 Leodien.
1295 3876 1390 3958 dioc,
1411 3898 1492 3957 vac,
1510 3888 1544 3943 et

183 3981 216 4045 in
233 3981 477 4067 supplicatione
503 4001 602 4066 super
617 3981 683 4045 hoc
707 3980 836 4064 signata
860 3980 1087 4060 contineretur
1112 3979 1202 4063 quod
1226 3980 1259 4043 in
1286 3980 1400 4061 forma,
1427 4002 1543 4047 secun-

182 4083 262 4149 dum
287 4105 386 4169 quam
410 4105 472 4170 pro
497 4084 696 4170 pauperibus
720 4084 848 4150 clericis
871 4084 1110 4149 beneficiandis
1134 4090 1217 4149 tnnc
1241 4084 1426 4169 scripsistis,
1455 4086 1542 4151 idem

184 4190 260 4253 cler.
276 4210 354 4253 suus
369 4188 580 4274 impetrasset
594 4188 637 4253 ad
653 4189 725 4253 coll.
742 4209 799 4253 seu
815 4195 960 4275 present.
976 4187 1094 4252 decani
1111 4193 1145 4250 et
1169 4207 1239 4271 cap.
1265 4188 1343 4251 eccl.
1372 4186 1425 4251 SS.
1452 4189 1543 4273 Apo·

183 4293 343 4357 stolorum
360 4291 546 4372 Colonien,
563 4298 677 4356 tamen
694 4292 890 4357 cancellaria
906 4300 1017 4357 vestra
1033 4290 1092 4356 sibi
1104 4289 1227 4355 dictam
1241 4310 1284 4374 gr.
1296 4290 1329 4354 in
1347 4290 1453 4355 forma
1463 4312 1543 4378 pau-

183 4416 298 4480 perum
314 4398 387 4463 vult
413 4416 551 4463 cassare.
575 4395 686 4479 Quare
711 4417 805 4483 supp.
830 4396 977 4483 prelatus
1005 4393 1182 4475 Henricus,
1200 4415 1269 4482 cap.
1301 4403 1421 4477 vester,
1453 4406 1542 4483 quat.

182 4499 365 4584 dignemini
379 4500 505 4566 dictam
514 4520 561 4585 gr.
572 4500 606 4565 in
618 4500 725 4565 forma
733 4520 917 4587 pauperum
927 4498 1019 4565 dicto
1031 4499 1105 4563 cler.
1116 4518 1177 4563 suo
1188 4519 1366 4581 reservare,
1376 4520 1415 4566 ac
1431 4502 1544 4567 decer-

182 4624 261 4669 nere
278 4604 368 4690 qnod
382 4626 442 4691 per
457 4603 646 4690 hujusmodi
662 4605 971 4691 ultimam'gratiam
986 4624 1054 4670 non
1071 4602 1207 4689 expiret.
1223 4644 1267 4653 -
1283 4602 1358 4670 Fiat
1376 4604 1415 4671 R.

226 4710 305 4775 Dat.
320 4730 374 4795 ap.
390 4709 639 4776 Villamnovam
656 4730 673 4773 2
689 4708 755 4776 kal.
770 4719 865 4776 mart.
877 4718 910 4776 a⁰
930 4716 966 4775 1⁰.
984 4710 1034 4795 (2,
1054 4714 1091 4793 63
1103 4711 1139 4793 v).

216 4893 238 4939 l.
257 4891 290 4939 de
302 4891 544 4955 Lamnum-Scirum,
562 4894 630 4943 (brt.
642 4894 673 4943 de
684 4894 763 4943 erir
773 4894 805 4942 de
816 4894 893 4954 Male,
906 4894 927 4953 l,
941 4896 1034 4943 103.-
1047 4896 1069 4943 2.
1082 4893 1196 4943 Bernard
1204 4893 1289 4942 d'Albl
1299 4892 1403 4956 (Eubcl,
1413 4893 1432 4953 I,
1442 4896 1478 4954 17,
1492 4895 1544 4956 40).

180 4992 214 5001 -—
226 4967 249 5012 3.
261 4964 366 5025 Riezler,
378 4981 405 5016 n.
418 4969 487 5027 1123,
502 4969 570 5028 1145,
584 4970 647 5018 1313
659 4985 665 5028 3
678 4968 778 5029 Kimoh,
791 4969 866 5028 Koll,
879 4970 945 5027 2703
959 4966 1105 5028 Sauerland,
1120 4966 1211 5017 libain.
1224 4966 1291 5029 l‘rln,
1305 4967 1339 5029 ΙΙ,
1353 4969 1406 5017 637.

233 5056 298 5099 Anat
312 5056 361 5099 Vel.
378 5056 440 5109 Belg.
1484 5072 1495 5108 5
