3650 5675
664 551 761 625 ι1311,
785 549 869 614 15-17
887 550 1015 631 janvier.
1461 551 1523 626 298

160 698 264 764 sterio
279 697 321 764 de
337 699 489 781 Camera,
506 699 645 766 Cisterc.
662 700 744 781 ord,
760 698 850 765 dicte
866 697 964 780 dioc,
981 700 1014 764 in
1031 701 1231 767 monacham
1248 711 1283 768 et
1298 725 1456 772 sororem.
1480 749 1523 758 —

162 799 240 868 Fiat
256 802 297 868 R.

206 904 294 971 Item
309 926 435 991 supp...
453 914 544 992 quat.
562 904 747 986 Elisabeth,
763 903 913 990 predicte
931 903 1038 970 Marie
1061 926 1218 989 sororem,
1234 910 1393 976 mandare
1409 912 1522 997 digne-

161 1010 243 1075 mini
258 1010 361 1096 recipi
377 1011 412 1076 in
433 1010 639 1077 monacham
654 1018 689 1075 et
712 1029 861 1075 sororem
877 1009 911 1073 in
928 1011 1134 1076 monasterio
1156 1011 1198 1076 de
1216 1010 1415 1079 Roseindale
1427 1016 1524 1100 juxta

163 1113 387 1196 Mascliniam,
404 1114 474 1180 ord.
491 1122 527 1180 et
541 1114 629 1180 dioc.
645 1112 883 1199 predictorum.
898 1153 943 1163 -
959 1112 1034 1179 Fiat
1051 1114 1092 1182 R.

207 1219 284 1284 Dat.
300 1220 401 1284 Avin.
415 1239 432 1284 a
448 1218 493 1285 id.
506 1219 636 1304 januar.
651 1224 684 1283 a⁰
701 1224 743 1302 5⁰.
761 1217 833 1302 (10,
853 1217 919 1302 10).

214 1362 487 1445 ΗΖΒ-1127.
1170 1395 1265 1462 1347,
1283 1397 1324 1460 15
1333 1377 1479 1460 anve'er.

205 1481 271 1546 Isti
274 1487 437 1569 pauperes
446 1482 627 1569 paciuntur
642 1478 708 1566 def
729 1485 798 1544 nat.
814 1480 855 1544 de
863 1479 1057 1566 presbiteris
1073 1480 1179 1566 geniti
1196 1487 1228 1544 et
1249 1483 1365 1546 solutis
1389 1506 1402 1548 ,·

205 1585 294 1651 Item
320 1585 463 1652 similem
487 1605 534 1670 gr.
553 1583 608 1670 [ut
624 1580 668 1648 ad
694 1603 811 1648 omnes
827 1582 961 1648 ordines
981 1583 1117 1649 valeant
1131 1585 1338 1672 promoveri]
1364 1587 1525 1654 facientes

160 1691 293 1771 Jacobo
320 1687 483 1770 Lilimers,
500 1689 579 1754 cler.
594 1685 783 1753 Tornacen.
798 1685 896 1768 dioc,
913 1686 966 1752 cui
981 1707 1042 1772 per
1071 1687 1172 1774 episc.
1190 1709 1286 1754 suum
1312 1690 1375 1756 fuit
1392 1691 1523 1777 dispen-

160 1802 271 1858 satum
286 1792 329 1859 de
343 1801 491 1858 tonsura.
506 1832 550 1841 —
566 1789 642 1855 Fiat
659 1790 700 1857 R.

206 1896 285 1962 Dat.
300 1894 434 1982 [Avin.]
458 1897 494 1960 18
511 1893 579 1960 kal.
596 1893 677 1959 febr.
693 1900 726 1959 a⁰
743 1900 785 1978 5⁰.
802 1893 874 1979 (10,
891 1895 974 1978 44').

205 2038 303 2101 1126.
321 2031 410 2098 Item
424 2031 572 2110 Johanni
588 2031 631 2097 de
647 2030 886 2113 Bredenersch,
902 2030 981 2096 cler.
998 2027 1167 2097 Morinen.
1182 2031 1270 2099 dioc.

207 2134 296 2202 Item
312 2134 465 2203 Barnabe
481 2135 523 2202 de
540 2135 658 2220 Caliga
673 2134 716 2199 de
732 2132 878 2216 Casleto,
895 2134 973 2200 cler.
991 2132 1159 2200 Morinen.
1175 2136 1261 2202 dioc.

207 2238 295 2305 Item
321 2238 481 2307 Michaeli
497 2240 645 2322 Drivers,
663 2238 832 2306 Morinen.
847 2238 935 2305 dioc.

208 2341 297 2408 Item
313 2343 463 2411 Gerardo
478 2344 571 2411 dicto
587 2343 735 2424 Goswin,
752 2341 913 2408 Leodien.
931 2341 1018 2408 dioc.
1034 2341 1169 2408 —Fiat
1187 2343 1227 2410 R.

207 2447 288 2513 Dat.
309 2448 411 2514 Avin.
431 2451 468 2514 18
484 2447 552 2514 kal.
568 2448 649 2514 febr.
666 2455 700 2513 a⁰
717 2455 759 2532 5⁰.

205 2589 304 2650 1127.
320 2583 387 2650 Isti
398 2586 576 2672 patiuntur
597 2587 665 2674 des.
688 2592 755 2651 nat.
773 2589 814 2650 de
831 2585 948 2649 solutis
965 2585 1072 2670 geniti
1089 2592 1121 2649 et
1142 2585 1258 2648 solutis
1279 2586 1325 2649 sic
1347 2606 1382 2650 se
1402 2587 1524 2650 contin-

158 2689 317 2773 gentibus
338 2690 371 2753 in
383 2691 551 2775 gradibus
574 2690 897 2776 consanguineitatis.

208 2789 296 2857 Item
312 2791 458 2861 Nicolao
474 2791 631 2876 Flaweel,
649 2792 818 2860 Morinen.
842 2791 940 2874 dioc,
965 2791 999 2858 in
1025 2797 1058 2858 2⁰
1071 2790 1186 2877 gradu,
1203 2791 1259 2877 qui
1275 2798 1446 2858 tonsuram
1462 2791 1526 2879 pri·

162 2917 256 2961 mam
270 2897 403 2985 accepit
418 2898 618 2964 clericalem.
634 2938 678 2947 -
694 2896 772 2963 Fiat
788 2896 829 2963 R.

209 2999 289 3067 Dat.
304 3002 406 3068 Avin.
425 3004 462 3068 18
479 3000 545 3068 kal.
561 3000 642 3067 febr.
658 3008 691 3065 a⁰
709 3008 751 3086 5⁰.
768 3002 840 3086 (10,
857 3001 928 3086 45).

218 3146 352 3229 1128.
1175 3182 1271 3247 1347,
1287 3182 1327 3248 17
1336 3164 1482 3247 70110101.

208 3264 310 3351 Supp.
337 3264 541 3333 Bertrandus
563 3263 606 3329 de
622 3262 817 3331 Carceribus
830 3274 850 3346 ¹,
874 3264 952 3330 cler.
979 3263 1156 3332 Caturcen.
1182 3267 1281 3349 dioc,
1308 3268 1412 3336 famil.
1435 3272 1526 3337 dom.

163 3369 335 3435 servitoris
358 3377 394 3435 et
417 3368 540 3434 notarii
555 3368 669 3448 vestri,
695 3388 784 3453 mag.
813 3368 1006 3453 Raymundi
1029 3370 1071 3435 de
1086 3369 1192 3452 Valle,
1223 3381 1314 3457 quat.
1345 3374 1452 3439 eidem
1484 3374 1526 3441 de

162 3473 263 3538 rurali
279 3473 360 3539 eccl.
376 3471 415 3537 B.
430 3469 480 3539 M.
503 3470 546 3537 de
562 3471 749 3553 Villanova,
773 3472 935 3538 Auxitan.
959 3472 1058 3555 dioc,
1084 3474 1267 3560 dignemini
1292 3477 1508 3561 providere...
1516 3499 1525 3557 3

163 3596 234 3642 uon
251 3579 338 3642 obst.
353 3575 444 3661 quod
459 3576 494 3641 in
510 3596 584 3641 can.
601 3575 633 3641 S.
657 3575 842 3642 Donatiani
867 3575 1056 3663 Brugeusis,
1072 3576 1261 3644 Tornacen.
1276 3580 1374 3661 dioc,
1391 3590 1442 3647 est
1465 3582 1525 3646 sub

164 3700 240 3767 exp.
256 3682 348 3766 preb.
364 3687 529 3764 receptus.
551 3716 584 3727 -
605 3677 684 3745 Fiat
701 3679 741 3746 R.

210 3784 289 3849 Dat.
303 3784 405 3850 Avin.
426 3788 463 3848 16
476 3783 544 3849 kal.
560 3783 642 3850 febr.
658 3791 691 3849 a⁰
708 3793 751 3869 5⁰.
766 3786 837 3869 (10,
858 3786 939 3869 13⁰).

218 3931 353 4015 1129.
1174 3964 1235 4028 134
1240 3961 1269 4026 7,
1286 3962 1328 4027 17
1337 3942 1481 4024 janvier.

209 4048 310 4134 Supp.
326 4047 345 4126 J
349 4048 500 4114 ohannes
514 4046 624 4112 dictus
639 4045 681 4112 de
698 4047 949 4113 Yliartzhovem
965 4047 1007 4112 de
1022 4045 1138 4130 Aquis,
1155 4047 1233 4113 cler.
1249 4045 1410 4113 Leodien.
1427 4048 1525 4129 dioc,

164 4161 258 4239 quat.
281 4152 344 4219 sibi
370 4151 413 4217 de
437 4150 590 4237 parroch.
605 4151 688 4216 0001.
704 4150 736 4217 S.
751 4150 919 4229 Johannis
945 4150 1103 4235 contigua
1129 4150 1270 4216 ecclesie
1294 4150 1525 4233 Wonnatien,

162 4278 238 4323 vac.
253 4276 314 4342 per
328 4263 475 4321 mortem
491 4253 581 4319 Petri
594 4253 765 4338 quondam
782 4253 1048 4334 Emmerchonis,
1065 4253 1099 4317 in
1116 4254 1266 4339 partibus
1281 4254 1345 4319 illis
1360 4254 1526 4321 deceden-

163 4362 218 4441 tis,
233 4359 342 4425 ultimi
358 4357 509 4445 ejusdem
531 4358 614 4424 eccl.
629 4358 782 4443 parroch.
797 4358 947 4439 rectoris,
970 4366 1006 4423 et
1021 4378 1086 4442 que
1108 4366 1206 4423 tanto
1222 4365 1374 4443 tempore
1390 4359 1526 4424 vacavit

163 4463 255 4548 quod
270 4462 372 4548 ipsius
387 4464 463 4530 coll.
486 4461 530 4528 ad
553 4461 669 4528 sedem
684 4470 802 4547 apost,
818 4482 884 4528 sec.
901 4460 1137 4527 Lateranensis
1159 4469 1288 4527 statuta
1313 4462 1457 4543 concilii,
1474 4471 1526 4528 est

163 4566 313 4653 legitime
328 4567 498 4647 devoluta,
515 4566 608 4652 cujus
622 4566 828 4651 presentatio
843 4565 886 4632 ad
901 4566 1085 4652 capitulum
1100 4564 1190 4631 dicte
1206 4567 1288 4631 eccl.
1303 4564 1526 4632 Wormatien.

164 4672 247 4739 alias
258 4672 415 4758 pertinet,
432 4671 591 4757 cujusque
605 4670 773 4736 fructus...
790 4690 828 4735 10
840 4690 944 4737 marc.
960 4690 1039 4755 arg,
1055 4690 1121 4736 sec.
1134 4677 1204 4735 tax.
1220 4670 1361 4751 decime,
1376 4670 1527 4736 valorem

201 4917 221 4962 l.
235 4911 312 4962 I'rbre
333 4914 366 4962 de
386 4912 501 4961 Galberd
517 4914 550 4961 de
569 4910 666 4971 Caroea,
687 4876 847 4974 archequue
865 4912 897 4962 de
914 4908 1529 4973 3111111110.1111011111111011101-1010-

163 4988 355 5049 dea-Franfais,
372 4992 392 5037 t.
404 4986 479 5046 VIII,
491 5000 517 5050 p.
529 4989 583 5047 361,
594 4992 655 5036 note
663 4987 706 5049 2);
718 4989 774 5035 voir
785 5000 811 5036 u.
822 4989 879 5037 210.
