3650 5675
700 470 786 543 1345,
811 470 903 535 25-26
926 468 1044 535 tetrior.
1499 472 1556 537 195

246 618 361 703 794.
1210 654 1305 718 1315,
1322 652 1364 715 25
1371 635 1511 721 sepner.

239 738 341 824 Supp.
353 737 385 802 S.
396 735 436 801 V.
447 736 563 801 devoti
579 736 636 801 filii
650 736 750 801 vestri
767 756 825 800 rex
841 742 876 800 et
891 735 1008 819 regina
1031 734 1172 802 Francie
1187 758 1227 803 ac
1242 738 1373 803 ducissa
1388 736 1555 803 Norman-

193 842 260 923 nie,
273 850 364 926 quat.
392 840 486 927 [cler.
507 860 578 921 suc,
597 838 771 923 Michaeli]
786 839 829 904 de
844 837 1016 925 Tricheyo
1032 854 1041 880 ¹
1058 860 1147 926 spec.
1163 861 1210 924 gr.
1227 841 1398 922 facientes,
1413 850 1461 923 ut,
1479 862 1556 907 cum

193 947 270 1012 coll.
297 954 333 1010 et
359 945 586 1031 provisionem
609 944 702 1009 dicto
729 944 806 1009 cler.
831 962 892 1009 suo
916 942 1022 1008 factas
1043 944 1086 1009 de
1109 948 1202 1031 preb.
1225 954 1260 1010 et
1282 947 1555 1012 archidiaconatu

195 1048 379 1114 Hannonie
406 1048 440 1113 in
466 1048 548 1114 eccl.
576 1046 792 1113 Cameracen.
823 1046 855 1112 S.
872 1045 911 1112 V.
929 1067 988 1132 per
1014 1048 1144 1114 litteras
1165 1058 1273 1135 apost.
1296 1050 1554 1131 continuaverit,

192 1152 474 1218 reservationibus
489 1172 549 1237 per
563 1151 815 1237 predecessores
830 1158 960 1215 vestros
976 1149 1075 1216 Rom.
1099 1152 1278 1238 pontifices
1301 1152 1398 1219 factis
1421 1154 1464 1219 de
1491 1154 1555 1218 illis

193 1277 263 1322 non
290 1258 376 1322 obst.
401 1256 662 1341 quibuscunque,
689 1254 732 1320 ad
756 1274 857 1320 omne
872 1254 1011 1320 dubium
1027 1263 1062 1319 et
1077 1255 1200 1320 mentis
1215 1254 1317 1341 ipsius
1332 1256 1444 1321 clerici
1466 1276 1554 1321 scru-

193 1360 310 1446 pulum
334 1360 611 1441 submovendum,
646 1367 683 1424 ut
707 1358 874 1425 residuum
902 1359 1064 1445 temporis
1090 1360 1160 1425 vite
1187 1381 1245 1425 sue
1270 1380 1346 1426 cum
1370 1360 1555 1444 tranquilli-

191 1472 264 1529 tate
281 1484 476 1530 consumere
492 1465 603 1529 valeat
623 1472 659 1529 et
680 1464 712 1527 in
733 1470 808 1529 tuto
823 1485 832 1544 ;
849 1470 940 1547 quat.
957 1462 997 1529 E.
1010 1464 1042 1529 S.
1053 1466 1190 1551 placeat
1200 1465 1343 1550 gratiose
1359 1464 1555 1545 concedere,

194 1567 285 1653 quod
300 1567 335 1632 in
350 1567 509 1654 predictis
523 1568 643 1635 litteris
658 1568 924 1648 confirmatoriis,
935 1570 996 1633 sub
1011 1569 1157 1655 ipsarum
1168 1570 1257 1650 data,
1270 1571 1373 1635 verba
1382 1568 1556 1653 sequentia

195 1672 446 1757 subjungantur,
462 1672 619 1738 videlicet
639 1691 647 1737 ι
664 1672 765 1736 etiam
782 1671 808 1735 si
826 1670 890 1753 ille,
907 1691 967 1756 per
982 1672 1075 1757 cujus
1091 1675 1145 1738 ob.
1160 1672 1270 1739 dictus
1290 1672 1439 1739 Michael
1461 1676 1554 1760 preb.

195 1776 229 1840 in
254 1774 346 1841 dicta
369 1775 584 1842 Cameracen.
601 1776 683 1841 eccl.
704 1774 860 1855 obtinuit,
877 1775 1063 1859 aliquorum
1078 1775 1350 1861 predecessomm
1365 1783 1555 1843 nostrorum

196 1878 296 1945 Rom.
312 1879 510 1966 pontificum
527 1880 665 1947 forsitan
682 1878 780 1945 fuerit
796 1898 869 1965 cap.
881 1920 925 1928 —
941 1878 1019 1945 Fiat
1033 1879 1076 1945 de
1091 1880 1170 1946 data
1183 1881 1330 1967 presenti
1348 1878 1388 1947 R.

186 1988 191 2005 '
240 1983 319 2050 Dat.
335 2004 388 2070 ap.
405 1982 652 2050 villamnovam
670 2003 687 2069 5
703 1982 770 2049 kal.
786 1990 882 2048 mart.
898 1991 932 2049 a⁰
949 1992 992 2067 3⁰.
1009 1984 1058 2067 (6,
1074 1986 1159 2069 49').

249 2118 363 2203 795.
1210 2155 1306 2220 1315,
1323 2154 1364 2217 ²5
1372 2136 1513 2224 sevrier.

241 2238 342 2324 Supp.
369 2236 481 2323 Hugo,
504 2236 557 2303 tit.
581 2236 612 2303 S.
636 2236 806 2303 Laurentii
827 2238 861 2304 in
884 2239 1033 2305 Damaso
1047 2242 1156 2326 presb.
1180 2240 1281 2321 card,
1304 2247 1395 2325 quat.
1418 2242 1558 2326 [capet

196 2342 414 2409 commensali
431 2363 491 2408 suo
508 2340 645 2428 Egidio]
663 2343 705 2408 de
721 2342 880 2408 Puiseus²
895 2344 938 2410 de
954 2345 1074 2430 capell.
1084 2364 1184 2428 quam
1201 2343 1369 2428 quondam
1382 2343 1501 2409 Petrus
1515 2343 1558 2408 de

198 2446 321 2511 Dohen
348 2446 382 2510 in
410 2447 491 2512 eccl.
520 2444 688 2511 Morinen.
714 2446 891 2513 obtinebat
917 2455 953 2512 et
977 2448 1070 2533 cujus
1095 2448 1205 2513 benef.
1235 2455 1314 2513 ante
1345 2450 1399 2513 ob.
1425 2447 1559 2512 fuerunt

197 2556 375 2629 reservata,
392 2549 485 2632 cujus
509 2548 666 2614 fructus...
691 2569 732 2633 40
751 2550 808 2615 lib.
834 2548 924 2629 Tur,
941 2570 1007 2616 sec.
1032 2557 1101 2616 tax.
1119 2550 1260 2631 decime,
1276 2552 1426 2616 valorem
1455 2548 1555 2635 [non]

196 2652 374 2733 excedunt,
399 2652 581 2737 dignemini
604 2653 804 2739 providere;
829 2673 898 2718 non
925 2656 1011 2720 obst.
1038 2654 1129 2738 quod
1144 2674 1217 2719 can.
1239 2661 1276 2718 et
1297 2655 1389 2738 preb.
1412 2652 1444 2718 S.
1467 2651 1558 2717 Petri

198 2755 420 2822 Casletensis²
440 2764 475 2821 et
495 2757 578 2822 eccl.
605 2765 755 2823 curatam
771 2757 803 2823 S.
828 2756 920 2823 Petri
945 2758 1105 2840 Ariensis,
1134 2777 1277 2844 quorum
1300 2776 1374 2822 can.
1398 2764 1433 2821 et
1454 2758 1558 2842 preb,

197 2858 354 2925 fructus...
370 2859 553 2926 secundum
568 2880 700 2944 grossos
726 2861 851 2927 fructus
866 2871 901 2928 et
917 2863 1007 2929 dicte
1023 2863 1164 2930 ecclesie
1182 2870 1297 2928 curate
1314 2881 1360 2946 53.
1370 2862 1443 2927 libr.
1466 2868 1501 2926 et
1521 2880 1558 2926 ro

196 2965 258 3029 sol.
276 2963 388 3044 Paris,
404 2984 470 3030 sec.
485 2973 554 3030 tax.
577 2965 717 3046 decime,
742 2966 893 3031 valorem
911 2987 1058 3032 annuum
1082 2987 1151 3032 non
1181 2966 1360 3046 excedunt,
1376 2973 1411 3030 et
1440 2965 1558 3050 capell.

196 3066 239 3132 de
267 3065 490 3152 Hucqueliers
516 3067 550 3133 in
573 3066 745 3149 Tamesio,
786 3067 955 3134 Morinen.
985 3070 1083 3151 dioc,
1113 3091 1182 3136 non
1218 3078 1381 3151 taxatam,
1410 3068 1559 3134 noscitur

198 3171 360 3237 obtinere.
376 3170 513 3236 -Fiat
529 3172 554 3236 si
571 3171 695 3237 nonsit
711 3173 805 3236 alteri
818 3173 872 3257 jus
888 3173 1057 3256 quesitum
1074 3171 1114 3240 R.

242 3275 322 3341 Dat.
339 3295 394 3361 ap.
410 3273 661 3340 villamnovam
679 3293 695 3359 5
712 3273 778 3341 kal.
794 3285 891 3342 mart.
907 3283 941 3341 a⁰
958 3284 1000 3362 3⁰.
1017 3277 1066 3361 (6,
1085 3296 1101 3361 5
1127 3277 1152 3362 ).
1272 3302 1274 3305 ·

249 3410 364 3496 796.
1211 3449 1273 3513 134
1276 3447 1307 3510 5,
1323 3429 1514 3515 adfarier.

241 3530 343 3617 Supp.
375 3529 606 3616 EngelbertuS,
637 3531 764 3595 electus
794 3529 964 3613 Leodien,
996 3541 1098 3616 quat,
1126 3553 1204 3598 cum
1231 3533 1372 3599 ecclesia
1397 3531 1558 3598 Leodien.

196 3633 322 3700 habeat
347 3634 526 3700 nonnullos
549 3635 679 3700 nobiles
702 3643 737 3700 et
763 3642 921 3720 potentes
944 3637 1151 3718 convicinos,
1175 3638 1231 3722 qui
1247 3637 1291 3704 ad
1307 3636 1507 3724 capiendum
1523 3644 1559 3702 et

196 3738 430 3824 occupandum
453 3741 544 3804 bona
568 3746 603 3803 et
623 3739 698 3824 jura
723 3737 825 3823 ipsius
849 3740 989 3804 ecclesie
1013 3760 1132 3807 manus
1155 3741 1270 3807 avidas
1292 3741 1473 3807 extendere
1488 3761 1557 3806 non

197 3841 388 3922 formidant,
403 3851 503 3928 prout
518 3842 621 3908 etiam
636 3842 714 3908 facti
731 3843 901 3908 evidentia
923 3844 1128 3927 manifestat,
1145 3853 1180 3911 et
1196 3855 1375 3932 propterea
1389 3845 1557 3930 presentia

197 3945 300 4031 ipsius
323 3947 422 4011 electi
446 3945 556 4010 eidem
579 3946 719 4011 ecclesie
734 3945 882 4012 redditur
896 3947 1077 4034 plurimum
1092 3958 1304 4035 opportuna;
1321 3948 1430 4014 eidem
1446 3948 1556 4014 electo

198 4049 381 4115 accedendi
406 4070 448 4114 ex
468 4069 557 4114 nunc
573 4049 615 4115 ad
631 4048 756 4114 dictam
782 4050 969 4130 ecclesiam,
987 4059 1021 4115 et
1040 4050 1130 4134 quod
1145 4072 1165 4116 a
1180 4070 1380 4135 quocunque
1395 4051 1556 4133 antistite,

197 4153 340 4238 gratiam
353 4160 388 4218 et
400 4154 672 4220 communionem
683 4160 790 4238 apost.
803 4153 890 4218 sedis
902 4154 1059 4236 habente,
1069 4154 1265 4220 diaconatus
1275 4163 1308 4220 et
1318 4155 1556 4241 presbiteratus

197 4254 331 4320 ordines
357 4275 397 4320 ac
424 4275 544 4321 munus
560 4256 820 4322 consecrationis
835 4257 994 4343 recipere,
1011 4257 1140 4342 ipsique
1163 4258 1332 4324 antistites
1347 4259 1479 4324 ordines
1494 4258 1555 4325 sibi

197 4358 350 4424 conferre
374 4378 415 4424 ac
435 4379 556 4425 munus
580 4359 772 4446 impendere
796 4361 986 4447 supradicta
1001 4362 1145 4444 valeant,
1173 4363 1358 4428 concedere
1373 4363 1556 4448 dignemini

196 4469 287 4528 auct.
304 4468 413 4548 apost.
429 4463 472 4528 de
486 4484 534 4548 gr.
550 4464 696 4550 speciali.
708 4505 752 4514 —
768 4461 844 4530 Fiat
860 4463 901 4531 R.
916 4475 937 4530 ³.
1396 4457 1400 4465 ’

228 4651 257 4710 a)
275 4647 332 4699 Cvd.
346 4649 516 4700 Clesletensis.

232 4837 254 4884 l.
277 4835 339 4884 Voir
350 4850 375 4884 n
387 4837 426 4894 69,
438 4839 494 4886 580.
513 4863 546 4874 -
569 4840 593 4886 2.
607 4838 668 4886 Voir
679 4853 704 4886 n.
716 4839 771 4888 755.
791 4867 822 4875 -
847 4840 871 4888 3.
884 4840 990 4899 Riealer,
1003 4855 1028 4888 n.
1040 4841 1113 4888 2207.
1133 4839 1275 4901 Engelbert
1286 4840 1360 4902 prete
1371 4841 1394 4888 le
1405 4848 1516 4891 serment
1527 4842 1560 4890 de

199 4907 298 4957 fidelite
309 4923 345 4958 au
356 4923 430 4972 pepe,
443 4909 467 4958 le
478 4913 493 4958 2
504 4924 573 4959 mars
585 4911 653 4971 1345,
666 4910 730 4962 dens
742 4911 767 4960 le
778 4912 894 4976 chapelle
905 4913 938 4962 de
950 4915 974 4963 S.
987 4914 1064 4962 Louie
1075 4914 1091 4962 a
1102 4913 1255 4964 villeneuve
1267 4913 1312 4976 (ib.
1324 4927 1350 4964 n.
1362 4915 1447 4976 2208).
