3650 5675
325 546 388 610 484
435 597 438 602 .
887 543 974 616 1849,
998 545 1037 608 22
1061 544 1128 609 rnai.

327 695 359 760 S.
373 692 517 759 Huberti
533 693 567 756 in
582 691 751 772 Ardenna,
768 690 811 757 O.
827 691 858 758 S.
875 690 925 772 Β,
953 691 1102 777 ejusdem
1128 692 1215 759 dioc.
1233 733 1273 744 —
1291 692 1428 761 Habeat
1453 704 1491 760 ut
1518 695 1551 759 in
1572 695 1689 776 forma,

327 820 404 865 cum
419 798 568 864 clausula
583 796 808 862 communiter
822 797 877 861 vel
893 796 1036 878 divisim,
1053 796 1096 862 de
1114 817 1131 878 9
1147 795 1214 864 kal.
1228 798 1313 882 junii
1330 805 1364 864 a⁰
1382 802 1424 867 8⁰.

369 941 464 1002 1618.
490 932 582 1020 Mag.
597 933 748 1000 Amoldo
763 933 805 999 de
821 932 975 1015 Brottial,
993 932 1152 1000 Leodien.
1164 934 1262 1016 dioc,
1275 936 1317 1002 de
1332 939 1409 1004 ben.
1423 938 1503 1003 eccl.
1520 958 1549 1004 c.
1566 959 1594 1004 c.
1611 948 1688 1020 010.,

327 1037 371 1103 ad
386 1037 462 1104 0011.
485 1045 550 1104 010.
581 1037 748 1103 abbatisse
773 1037 941 1118 secularis,
968 1038 1140 1124 prepositi,
1172 1037 1291 1104 decani
1318 1048 1354 1106 01
1378 1040 1516 1127 capituli
1539 1043 1622 1108 eccl.
1647 1041 1687 1109 B.

326 1140 499 1207 Gertrudis
513 1141 727 1223 Nivellensis,
739 1141 888 1225 ejusdem
899 1141 987 1208 dioc.
1000 1164 1010 1222 ;
1026 1163 1096 1208 non
1113 1145 1199 1209 obst.
1215 1145 1431 1230 expectativa
1447 1166 1472 1212 s.
1486 1166 1514 1211 c.
1531 1145 1565 1211 in
1579 1148 1686 1231 gratia

325 1246 461 1331 speciali
476 1246 537 1311 sibi
554 1245 644 1310 facta
660 1245 704 1310 ad
719 1246 795 1311 coll.
806 1253 870 1311 etc.
886 1245 1006 1311 decani
1022 1255 1058 1311 et
1068 1245 1205 1332 capituli
1227 1246 1367 1312 ecclesie
1380 1244 1686 1334 Cymacensispre·

325 1348 415 1414 dicte
430 1348 518 1414 dioc.
539 1385 570 1396 -
593 1346 731 1413 Habeat
746 1354 783 1413 ut
799 1348 833 1412 in
849 1347 956 1414 forma
972 1369 1049 1415 cum
1065 1350 1213 1416 clausula
1236 1351 1460 1416 communiter
1475 1353 1528 1446 vel
1544 1351 1687 1419 divisim.

367 1509 462 1570 1619.
488 1500 581 1588 Mag.
598 1502 748 1569 Roberto
772 1503 815 1568 de
841 1502 1000 1586 Racourt,
1017 1506 1141 1571 clerico
1165 1505 1326 1574 Leodien.
1343 1506 1440 1589 (1100,,
1456 1507 1498 1577 (10
1514 1511 1590 1574 ben.
1605 1509 1688 1574 0001.

326 1624 354 1670 0.
371 1626 400 1671 0.
413 1614 478 1672 010.
494 1606 537 1672 ad
552 1608 743 1672 coll.etc.-
756 1604 893 1673 Habeat
909 1628 986 1674 curn
1003 1609 1060 1674 1111
1071 1610 1220 1675 clausula
1236 1611 1459 1676 communiter
1474 1611 1529 1680 vel
1543 1610 1688 1692 divisim,

326 1709 413 1774 utin
436 1708 553 1791 forma,
574 1709 620 1776 ad
634 1711 710 1777 coll.
726 1711 931 1796 singulorum
960 1713 1200 1779 canonicorum
1225 1713 1365 1779 ecclesie
1382 1713 1542 1780 Leodien.
1558 1713 1614 1798 qui
1629 1714 1689 1779 ha·

324 1813 407 1877 bent
421 1813 517 1899 plura
531 1814 696 1879 beneficia
706 1813 865 1896 conferre,
879 1815 1011 1880 etiamsi
1027 1815 1174 1882 habeant
1190 1817 1339 1882 conferre
1359 1818 1489 1883 ratione
1505 1817 1689 1902 dignitatis*

323 1925 531 2002 personatus,
547 1939 606 1983 seu
621 1917 732 1999 officii,
749 1939 808 1984 seu
822 1919 1002 2005 prebende,
1019 1921 1150 1986 etiamsi
1164 1921 1197 1984 in
1210 1922 1292 1987 eccl.
1308 1912 1500 1986 cathe'drali.
1512 1921 1582 2006 (19,
1595 1921 1684 2008 204.)

367 2079 468 2141 1620.
494 2070 587 2157 Mag.
604 2071 706 2138 Petro
721 2072 763 2138 de
780 2071 938 2152 Ovencis,
955 2073 1155 2139 Ambianen.
1182 2073 1269 2140 dioc.
1286 2074 1418 2156 clerico,
1447 2072 1489 2139 de
1512 2075 1589 2140 ben.
1601 2076 1685 2140 eccl.

325 2195 354 2239 c.
370 2195 399 2240 c.
425 2184 491 2243 etc.
507 2177 550 2242 ad
576 2177 652 2242 coll.
679 2184 755 2258 010.,
781 2175 902 2242 decani
930 2183 965 2240 et
993 2177 1132 2264 capituli
1161 2176 1376 2259 Noviomen,
1393 2177 1525 2243 etiamsi
1541 2177 1574 2242 in
1602 2178 1685 2244 0001.

324 2271 507 2347 cathedrali
532 2281 678 2361 existat3
705 2301 775 2346 non
800 2284 885 2347 obst.
912 2281 1003 2365 quod
1027 2281 1071 2346 ad
1095 2281 1171 2347 coll.
1198 2289 1263 2348 etc.
1280 2281 1411 2348 abbatis
1436 2290 1472 2346 et
1498 2287 1686 2348 conventus

323 2385 517 2451 monasterii
533 2385 565 2451 S.
583 2383 721 2450 Martini
737 2385 936 2465 Tomacen.,
952 2384 994 2450 Ο.
1011 2384 1043 2450 S.
1060 2383 1109 2465 Β,
1127 2385 1170 2450 ad
1186 2405 1227 2449 ea
1249 2405 1314 2468 que
1338 2385 1466 2450 habent
1481 2383 1632 2451 conferre
1648 2384 1683 2449 in

322 2489 409 2556 dioc.
436 2489 666 2571 Cameracen.,
691 2489 735 2555 ad
759 2491 837 2555 ben.
865 2509 894 2555 c.
910 2509 939 2555 c.
965 2498 1030 2555 etc.
1058 2488 1101 2554 (10
1127 2489 1271 2554 remissis
1295 2489 1329 2554 in
1353 2488 1503 2574 jocundo
1534 2489 1683 2554 adventu

322 2593 354 2660 S.
370 2593 410 2660 V.
426 2593 469 2660 sit
496 2601 689 2679 expectans.
706 2629 749 2638 —
766 2591 905 2660 Habeat
929 2592 973 2658 ad
988 2592 1205 2667 collationem
1231 2598 1268 2657 ut
1285 2591 1319 2657 in
1342 2591 1459 2674 forma,
1475 2591 1518 2657 ad
1531 2591 1683 2658 collatio·

321 2717 399 2762 nem
415 2696 535 2764 decani
551 2705 588 2762 et
601 2697 738 2783 capituli
755 2694 789 2761 N
792 2695 971 2778 oviomen,
987 2697 1212 2762 communiter
1235 2698 1290 2761 vel
1317 2695 1461 2762 divisim.
1478 2697 1552 2780 (19,
1576 2697 1681 2780 204'.)

363 2859 458 2920 1621.
485 2851 578 2937 Mag.
594 2853 733 2939 Symoni
748 2852 791 2917 de
807 2851 973 2933 Condeta,
990 2852 1112 2919 clerico
1140 2850 1308 2918 Morinen.
1323 2851 1421 2933 (1100,
1437 2851 1480 2917 (10
1505 2852 1582 2915 ben.
1599 2851 1681 2915 0001.
1726 2840 1728 2843 ’

321 2977 349 3021 0.
376 2977 405 3022 0.
436 2964 513 3039 010.,
538 2964 719 3042 personatu
748 2958 803 3022 vel
828 2956 942 3022 officio
979 2964 1155 3042 spectante
1179 2965 1244 3022 etc.
1271 2955 1314 3022 ad
1340 2956 1416 3023 coll.
1444 2963 1508 3022 etc.
1532 2954 1681 3042 episcopi

322 3060 500 3142 Morinen.,
524 3062 656 3127 etiamsi
671 3062 706 3126 in
722 3063 804 3128 eccl.
830 3060 1014 3129 cathedrali
1041 3061 1186 3140 existat3
1211 3080 1281 3126 non
1302 3062 1388 3126 obst.
1405 3059 1495 3145 quod
1521 3058 1554 3123 in
1575 3059 1682 3125 forma

320 3166 491 3232 communi
506 3164 550 3231 ad
565 3166 641 3232 coll.
657 3173 722 3232 etc.
735 3166 895 3252 prepositi
911 3166 954 3231 de
980 3167 1099 3246 Aerea,
1124 3165 1277 3250 ejusdem
1296 3163 1394 3245 (1100,
1418 3164 1462 3229 sit
1487 3171 1681 3249 expectans.

318 3310 362 3320 -
379 3269 517 3336 Habeat
531 3278 569 3336 ut
584 3270 619 3335 in
635 3270 751 3351 sonna,
763 3270 806 3335 de
823 3292 840 3351 9
856 3269 923 3336 kal.
945 3269 1060 3357 [junii]
1079 3276 1113 3335 a⁰
1130 3272 1172 3336 8⁰.

361 3415 462 3475 1622.
480 3405 573 3492 Mag.
588 3408 740 3473 Antonio
766 3408 960 3475 vavassoris
981 3410 1023 3475 de
1046 3408 1240 3490 Bellavalle,
1258 3404 1532 3486 Μο1111011.(1100,
1545 3404 1587 3469 de
1602 3406 1679 3469 ben.

318 3513 400 3581 0001.
417 3532 446 3578 0.
458 3533 487 3578 c.
502 3521 579 3592 010.,
595 3520 778 3597 personatu
792 3532 852 3578 seu
879 3512 1004 3594 officio,
1020 3520 1197 3599 spectante
1225 3520 1301 3592 010.,
1317 3510 1361 3577 ad
1387 3511 1463 3576 coll.
1480 3516 1545 3585 etc.
1560 3507 1680 3573 decani

320 3624 355 3681 et
370 3616 507 3703 capituli
522 3617 605 3683 eccl.
623 3614 804 3697 Morinen.,
820 3617 952 3683 etiamsi
967 3618 1002 3682 in
1029 3606 1111 3683 e‘ccl.
1138 3614 1320 3683 cathedrali
1336 3613 1467 3679 existat.
1488 3648 1521 3659 -
1542 3610 1682 3676 Habeat

320 3740 397 3785 cum
413 3721 561 3787 clausula
577 3721 802 3786 communiter
816 3723 873 3786 vel
887 3721 1033 3803 divisim,
1050 3722 1137 3787 utin
1154 3721 1272 3801 forma,
1288 3725 1324 3784 et
1339 3718 1442 3784 etiam
1464 3716 1507 3782 ad
1523 3716 1599 3782 coll.
1615 3715 1682 3780 sin-

318 3824 471 3908 gulorum
501 3824 752 3907 canonicorum,
784 3826 840 3910 qui
875 3828 971 3912 plura
999 3825 1164 3891 beneficia
1200 3824 1350 3890 conferre
1379 3822 1517 3901 habent,
1549 3819 1682 3885 etiamsi

317 3928 447 3993 ratione
462 3928 644 4013 dignitatis,
660 3937 859 4014 personatus
874 3931 929 3995 vel
946 3929 1048 3996 officii
1063 3930 1212 3995 habeant
1227 3926 1386 3994 conferre.

359 4074 458 4134 1623.
485 4065 578 4152 Mag.
593 4065 613 4144 J
616 4067 741 4133 ohanni
753 4068 796 4134 de
809 4067 918 4148 Rubo,
934 4068 1120 4154 presbitero
1132 4066 1320 4133 Tomacen.
1333 4064 1431 4145 dioc,
1447 4062 1489 4128 de
1504 4064 1580 4127 ben.
1597 4061 1681 4127 eccl.

317 4190 345 4235 c.
362 4178 473 4248 c.etc.
489 4170 533 4235 ad
556 4171 632 4237 0011.
657 4179 732 4253 010.,
757 4172 878 4238 decani
903 4180 938 4237 et
963 4172 1100 4259 capituli
1125 4170 1266 4237 ecclesie
1293 4168 1331 4235 B.
1360 4166 1410 4233 M.
1438 4165 1679 4245 Curtracensis,

317 4272 466 4357 ejusdem
481 4272 671 4342 Tomacen.
686 4276 773 4343 dioc.
789 4316 833 4326 —
850 4277 987 4343 Habeat
1002 4285 1040 4343 ut
1055 4297 1165 4363 supra.

358 4415 461 4476 1624.
487 4409 579 4496 Mag.
594 4410 743 4489 Johanni
769 4412 936 4499 Volpond,
959 4415 1081 4481 clerico
1105 4413 1294 4481 Tomacen.
1318 4410 1417 4489 dioc,
1433 4407 1475 4474 de
1501 4410 1578 4474 ben.
1595 4407 1679 4479 eccl,

315 4531 343 4576 c.
360 4530 389 4577 c.
405 4520 480 4595 010,
497 4514 540 4579 ad
567 4515 644 4581 coll.
666 4516 798 4581 abbatis
819 4525 855 4582 et
881 4524 1068 4583 conventus
1094 4514 1289 4582 monasterii
1315 4514 1346 4579 S.
1372 4512 1462 4578 Petri
1479 4510 1679 4585 Gandensis‚

314 4613 356 4680 Ο.
373 4615 404 4681 S.
421 4614 470 4698 Β,
486 4616 635 4701 ejusdem
649 4620 737 4686 dioc.
754 4659 796 4669 —
809 4618 947 4686 Habeat
963 4628 1001 4686 ut
1015 4641 1125 4707 supra.

358 4760 458 4824 1625.
484 4753 577 4840 Mag.
594 4755 715 4840 Egidio
731 4756 898 4839 Stolbont,
917 4757 1131 4824 Cameracen.
1147 4757 1245 4837 dioc,
1262 4755 1305 4821 de
1320 4757 1397 4820 ben.
1410 4752 1492 4819 eccl.
1509 4771 1537 4816 c.
1554 4770 1582 4815 c.
1600 4757 1677 4827 010.,

313 4856 357 4921 ad
373 4859 448 4923 coll.
464 4867 530 4924 etc.
552 4861 683 4927 abbatis
705 4869 741 4925 et
756 4869 944 4927 conventus
959 4862 1151 4928 monasterii
1168 4862 1200 4927 S.
1222 4858 1406 4927 Salvatoris
1427 4854 1611 4935 EamensiS,
1632 4852 1677 4918 Ο.

314 4961 345 5025 S.
363 4959 412 5043 Β,
428 4962 579 5046 ejusdem
595 4963 813 5031 Cameracen.
829 4965 916 5033 dioc.
933 5006 976 5017 -
993 4965 1131 5033 Habeat
1143 4975 1180 5033 ut
1196 4985 1305 5052 supra.
