3650 5675
312 506 373 569 594
725 508 809 584 1351,
831 508 870 573 25
892 510 1108 589 septembre-1⁶r
1127 513 1253 577 octobre.

312 657 485 722 collectori
507 678 639 723 camere
662 667 776 725 nostre
803 661 837 724 in
864 662 1037 749 provincia
1059 663 1262 745 Coloniensi,
1286 664 1329 730 de
1355 686 1427 731 can.
1452 675 1488 731 et
1512 670 1604 754 preb.
1630 690 1669 735 ac

311 762 546 847 supplemento
562 783 634 828 vac.
662 764 705 828 ad
730 785 865 850 presens
889 765 922 830 in
940 768 1021 833 eccl.
1049 766 1255 853 Trajectensi
1283 789 1343 854 per
1367 771 1421 834 ob.
1446 768 1611 845 Jobannis
1626 770 1669 836 de

313 862 452 951 Leyden
470 874 489 931 ¹.
512 904 542 913 -
565 866 641 932 Fiat
657 876 752 933 motu
768 870 902 955 proprio
919 870 959 935 R.

354 970 431 1037 Dat.
449 992 502 1057 ap.
519 971 768 1038 Villamnovam
785 993 802 1058 7
820 973 885 1040 kal.
902 984 969 1041 oct.
985 984 1018 1040 a⁰
1039 985 1099 1041 10⁰.
1116 978 1187 1062 (21,
1216 997 1251 1061 15
1256 978 1302 1062 3).

361 1110 499 1194 2291.
1262 1147 1357 1211 1351,
1374 1148 1416 1209 25
1432 1129 1621 1214 septembre.

351 1230 440 1315 Sign.
457 1230 488 1295 S.
505 1229 545 1294 V.
562 1228 769 1315 Nticolaus),
786 1230 816 1295 S.
835 1230 885 1296 M.
901 1231 935 1296 in
962 1233 1017 1295 via
1040 1233 1111 1297 lata
1126 1231 1211 1298 diac.
1228 1232 1413 1313 cardinalis,
1438 1240 1527 1316 quat.
1543 1231 1666 1319 [Fran-

309 1333 386 1399 coui
403 1333 444 1398 de
461 1332 645 1399 Gemblaco
661 1347 682 1415 ²,
699 1356 759 1399 suo
780 1336 905 1401 vicario
920 1335 1066 1420 generali
1083 1358 1124 1401 ac
1140 1336 1272 1403 officiali
1290 1338 1323 1401 in
1339 1336 1480 1402 ecclesia
1496 1335 1666 1419 Leodien.,

304 1437 504 1524 jurisperito,
522 1438 704 1523 presbitero
721 1447 755 1504 et
771 1440 908 1526 rectori]
927 1440 1079 1525 parroch.
1095 1441 1236 1507 ecclesie
1259 1441 1300 1507 de
1318 1441 1478 1523 Dourbes,
1504 1441 1596 1525 cujus
1613 1442 1668 1526 jus

307 1542 521 1628 presentandi
553 1542 618 1606 lrac
641 1542 715 1608 rice
743 1551 875 1635 spectat
898 1543 944 1609 ad
967 1545 1254 1630 presentationem
1281 1546 1366 1624 laici,
1383 1544 1473 1629 quod
1497 1544 1667 1628 quondam

306 1647 495 1712 Alexander
510 1646 552 1711 de
570 1645 696 1713 Enatte
712 1662 723 1697 ³
739 1649 916 1713 ecclesiam
928 1650 1081 1735 parroch.
1097 1650 1139 1715 de
1156 1648 1272 1714 Harne
1284 1655 1382 1714 tanto
1393 1656 1546 1734 tempore
1556 1648 1667 1713 tenuit

308 1772 375 1815 non
407 1757 580 1836 promotus
607 1750 649 1815 ad
675 1751 909 1833 sacerdotium,
938 1754 1029 1817 omni
1057 1753 1208 1837 legitimo
1232 1751 1475 1838 impedimento
1499 1759 1664 1831 cessante,

306 1857 430 1939 absque
455 1855 604 1939 legitima
631 1853 881 1939 dispensatione
906 1877 1114 1940 quacunque,
1145 1856 1236 1940 quod
1265 1856 1366 1941 ipsius
1396 1856 1541 1935 collati0,
1564 1855 1663 1940 juxta

305 1958 539 2024 Lateranensis
555 1958 687 2023 concilii
704 1967 841 2039 statuta,
857 1960 919 2025 fuit
935 1969 969 2024 et
985 1969 1036 2025 est
1052 1960 1096 2025 ad
1111 1961 1225 2026 sedem
1237 1970 1344 2046 apost.
1356 1959 1525 2024 devoluta.
1549 1959 1662 2041 Quare

304 2082 399 2148 supp.
416 2071 506 2147 quat.
523 2062 712 2148 hujusmodi
736 2064 912 2129 ecclesiam
929 2065 1082 2149 parroch.
1098 2064 1139 2129 de
1165 2063 1290 2144 Harne,
1316 2063 1362 2128 sic
1389 2063 1443 2126 vel
1460 2061 1527 2127 alio
1543 2062 1663 2147 quovis

304 2165 406 2231 modo
433 2174 623 2247 vacantem,
651 2166 753 2231 etiam
780 2168 806 2232 si
834 2168 1033 2253 generaliter
1056 2169 1110 2232 vel
1141 2168 1328 2254 specialiter
1354 2166 1451 2231 luerit
1481 2174 1662 2248 reservata,

306 2270 416 2335 eidem
433 2268 601 2337 Franconi
619 2270 768 2336 conferre
785 2271 967 2356 dignemini
995 2281 1029 2336 et
1044 2271 1220 2357 providere
1240 2271 1282 2337 de
1299 2272 1378 2358 ipsa,
1395 2279 1511 2335 amoto
1526 2273 1567 2335 ab
1583 2270 1664 2336 inde

304 2376 452 2459 quolibet
469 2375 655 2456 detentore,
682 2396 721 2442 ac
748 2397 862 2443 secum
878 2397 976 2462 super
1002 2378 1068 2442 hoc
1092 2376 1282 2463 dispensare
1307 2384 1344 2439 ut
1359 2375 1466 2461 ipsam
1483 2374 1661 2439 ecclesiam

302 2499 378 2544 cum
395 2478 486 2545 dicta
503 2480 655 2565 parroch.
672 2480 814 2546 ecclesia
839 2481 881 2546 de
897 2481 1062 2562 Dourbes,
1079 2502 1179 2564 quam
1195 2481 1307 2562 habet,
1324 2478 1422 2545 simul
1438 2478 1543 2563 possit
1569 2477 1661 2543 licite

301 2584 462 2665 obtinere,
490 2590 547 2649 aut
568 2605 643 2650 eam
670 2584 731 2650 sibi
759 2585 945 2650 concedere
969 2585 1002 2650 in
1030 2584 1241 2665 commenda,
1265 2592 1302 2649 ut
1329 2582 1405 2648 inde
1432 2582 1557 2647 fructus
1581 2602 1661 2647 suos

299 2688 469 2773 utriusque
486 2689 700 2755 ecclesiarum
725 2690 950 2775 predictarum
975 2690 1080 2776 possit
1104 2689 1233 2768 sacere;
1252 2689 1422 2773 quibusvis
1448 2686 1659 2752 constitutio-

298 2792 395 2860 nibus
411 2800 445 2859 et
461 2794 533 2859 aliis
549 2814 759 2880 nequaquam
776 2795 987 2860 obstantibus
1003 2817 1010 2874 ;
1027 2816 1086 2860 seu
1102 2793 1192 2879 quod
1215 2793 1303 2859 idem
1333 2791 1464 2857 Franco
1488 2790 1658 2857 delectum

297 2897 459 2961 natalium
475 2897 601 2982 patitur
616 2897 658 2962 de
675 2899 786 2962 soluto
802 2905 836 2963 et
860 2900 970 2963 soluta
987 2899 1128 2982 genitus,
1152 2897 1231 2962 licet
1254 2917 1313 2982 per
1329 2896 1368 2960 E.
1385 2895 1416 2959 S.
1433 2915 1508 2959 cum
1525 2895 1658 2980 prefato

299 2997 473 3066 Francone
491 3021 588 3086 super
604 3001 738 3068 defectu
765 3002 918 3088 predicto
945 3002 1043 3067 fuerit
1070 3002 1153 3066 alias
1177 3001 1419 3086 dispensatum,
1436 3006 1471 3063 et
1497 2999 1587 3081 quod
1613 2998 1657 3064 de

296 3102 429 3170 defectu
445 3105 577 3190 prefato
592 3127 660 3170 non
677 3115 857 3171 teneretur.
870 3107 903 3170 in
921 3106 994 3170 aliis
1016 3104 1129 3190 gratiis
1152 3104 1370 3190 impetrandis
1386 3103 1495 3168 facere
1510 3103 1657 3168 mentio-

295 3227 373 3273 nem
389 3230 397 3288 ;
415 3229 491 3273 cum
507 3210 580 3274 aliis
596 3211 751 3275 clausulis
774 3210 958 3296 oportunis,
975 3219 1009 3273 et
1024 3208 1188 3273 beneficia
1204 3229 1268 3291 que
1290 3207 1431 3287 obtinet,
1456 3225 1655 3290 quecunque

295 3323 330 3376 et
346 3321 602 3397 quantacunque
627 3314 703 3396 sint,
724 3315 839 3398 vigore
862 3313 1119 3398 dispensationis
1143 3320 1251 3396 apost.
1274 3312 1397 3376 babere
1412 3330 1474 3396 pro
1490 3310 1655 3395 expressis

295 3416 337 3481 de
352 3417 459 3500 gratia
476 3418 611 3504 speciali
626 3441 634 3498 ;
653 3418 896 3498 executoribus,
913 3425 978 3483 etc.
994 3458 1037 3466 -
1053 3415 1130 3481 Fiat
1148 3417 1188 3484 R.

338 3519 416 3584 Dat.
434 3541 488 3606 ap.
505 3520 754 3588 Villamnovam
772 3541 790 3606 7
807 3521 872 3589 kal.
890 3530 957 3587 oct.
973 3529 1006 3586 a⁰
1025 3529 1086 3587 10⁰.
1104 3521 1175 3606 (21,
1197 3527 1283 3605 157).

346 3655 490 3737 2292.
1301 3691 1395 3755 1551,
1413 3675 1455 3733 1⁰r
1469 3671 1607 3734 octobre.

336 3775 436 3860 Supp.
455 3774 656 3858 Nticolaus),
686 3776 716 3840 S.
743 3775 792 3840 M.
818 3777 849 3841 iu
879 3777 1027 3842 vialata
1054 3776 1137 3842 (liae.
1166 3775 1351 3854 cardinalis,
1379 3783 1469 3858 (quat.
1498 3772 1652 3836 familiari

292 3899 361 3957 sue,
379 3879 540 3942 contiuuo
565 3881 792 3960 commensali,
819 3879 1059 3947 Bartliolomeo
1084 3881 1126 3946 de
1142 3881 1251 3945 Ponte
1266 3894 1287 3959 ⁴,
1316 3877 1438 3943 clerico
1462 3875 1653 3953 Leodiensi,

290 3982 331 4046 de
348 3982 489 4046 ecclesia
506 3984 659 4066 parrocb.
677 3982 715 4047 B.
734 3982 782 4048 M.
799 3983 841 4048 de
870 3982 1065 4064 Harstallio,
1092 3984 1251 4049 Leodien.
1267 3983 1365 4061 dioc,
1383 4001 1455 4046 rac.
1483 3999 1542 4064 per
1562 3999 1653 4042 uror-

290 4093 360 4148 tem
376 4083 540 4162 Johannis
555 4085 597 4150 de
614 4083 883 4168 Boudemborch,
907 4086 1014 4152 ultimi
1041 4088 1144 4153 curati
1169 4087 1328 4172 ejusdem,
1346 4086 1400 4169 qui
1430 4092 1523 4148 extra
1550 4081 1651 4147 Rom.

291 4189 415 4252 curiam
433 4189 523 4252 diem
539 4189 657 4252 clausit
674 4198 871 4270 extremum,
889 4191 945 4256 diu
962 4201 1041 4255 ante
1058 4200 1201 4256 mortem
1219 4191 1320 4274 ipsius
1335 4186 1545 4274 dispositioni
1562 4185 1651 4250 sedis

292 4303 400 4376 apost.
417 4301 594 4372 reservata,
612 4292 793 4377 dignemini
820 4293 1103 4380 provirlere31ron
1128 4298 1212 4359 obst.
1240 4293 1329 4378 quod
1355 4291 1443 4356 idem
1471 4288 1650 4353 Bartholo-

290 4417 384 4460 meus
399 4399 475 4461 beu.
492 4399 573 4461 eccl.
591 4418 619 4462 c.
637 4417 664 4462 c.
681 4399 736 4461 vel
753 4420 777 4463 s.
795 4419 823 4463 c.
852 4407 1008 4484 spectans
1031 4400 1074 4464 ad
1101 4399 1315 4464 collationem
1344 4416 1402 4461 seu
1428 4392 1650 4479 presentatio-

289 4519 367 4563 nem
383 4508 458 4582 etc,
475 4501 605 4565 abbatis
621 4508 655 4565 et
669 4512 855 4567 conventus
871 4504 1065 4568 monasterii
1076 4503 1107 4567 S.
1120 4502 1295 4580 'frodonis
1313 4499 1355 4565 Ο.
1372 4499 1404 4564 S.
1421 4497 1470 4578 Β,
1487 4495 1650 4563 Leodien.

289 4604 385 4681 dioc,
401 4614 579 4689 expectare
596 4614 775 4686 noscatur;
794 4627 869 4671 curn
885 4606 958 4672 aliis
973 4628 1040 4672 non
1058 4610 1143 4672 obst.
1160 4647 1203 4656 --
1220 4605 1296 4670 Fiat
1314 4603 1354 4670 R.

333 4708 410 4773 Dat.
428 4729 481 4792 ap.
500 4707 747 4774 Villauurovam
776 4709 840 4774 kal.
858 4719 925 4775 oct.
942 4721 975 4774 a⁰
995 4722 1055 4775 10⁰.
1074 4712 1145 4795 l2¹r
1168 4713 1255 4795 14⁶)-

285 4955 306 5002 J,
322 4884 341 5000 ll.
356 4883 438 4942 Burin,
453 4883 533 4944 bru,
546 4899 572 4932 n.
584 4885 638 4934 894.
651 4911 683 4921 -
700 4889 722 4933 ⁸2.
738 4885 796 4933 voir-
808 4901 832 4934 n.
847 4887 914 4944 1015,
932 4889 1000 4945 1023,
1015 4888 1083 4948 1531,
1099 4888 1169 4934 1861.
1181 4911 1214 4920 -
1232 4885 1255 4938 3³,
1266 4883 1327 4930 l'oir
1337 4895 1364 4931 n.
1374 4881 1447 4930 2269.
1458 4905 1491 4917 -
1509 4879 1533 4929 4.
1547 4877 1651 4941 Kirsch,

306 4957 325 4997 'u
338 4957 361 5007 Ι..
376 4959 430 5006 315.
