3650 5675
705 556 794 632 1346,
817 556 869 620 7-9
891 559 971 622 aott.
1274 507 1277 516 Ι
1460 558 1521 622 269

210 707 358 788 1042.
1133 719 1135 724 ’
1242 721 1337 804 1346,
1356 739 1374 803 7
1390 725 1478 786 ooal.

202 826 304 911 Supp.
321 822 519 899 Galhardus‚
535 823 729 908 archiepisc.
746 822 945 889 Brundusin.
962 833 980 904 ¹,
997 833 1088 907 quat.
1108 823 1198 910 [cap.
1210 843 1251 889 ac
1262 825 1354 890 socio
1369 831 1404 889 et
1420 823 1522 889 famil.

158 950 220 994 suo
246 927 393 1006 Johanni
417 927 460 992 de
485 927 698 1006 Drehanche,
721 926 848 1013 presb]
878 926 1037 992 Leodien.
1061 927 1159 1010 dioc,
1181 930 1300 1014 capell.
1324 949 1382 994 seu
1404 930 1522 994 altaria

161 1031 200 1098 B.
216 1031 348 1098 Thome
373 1040 481 1118 apost.
507 1039 542 1096 et
568 1031 599 1096 S.
627 1029 775 1111 Martini,
807 1032 887 1096 sitas
911 1031 945 1094 in
969 1032 1051 1096 eccl.
1075 1030 1113 1097 B.
1137 1031 1185 1098 M.
1210 1033 1411 1119 Dyonensis,
1433 1032 1522 1098 dicte

161 1135 321 1202 Leodien.
333 1134 433 1215 dioc,
446 1154 596 1219 quarum,
613 1133 700 1198 illius
711 1134 869 1201 videlicet
885 1132 924 1198 B.
941 1134 1073 1200 Thome
1088 1135 1245 1202 fructus...
1262 1159 1281 1220 4
1297 1135 1422 1200 march.
1446 1155 1523 1200 eum

161 1239 307 1320 dimidia,
339 1246 374 1304 et
404 1238 560 1318 alteriue,¹
581 1237 739 1302 videlicet
770 1235 809 1302 B.
833 1236 1018 1322 Martini,3
1047 1240 1171 1305 march.
1198 1260 1274 1305 cum
1298 1239 1435 1305 dimidia
1457 1259 1524 1322 arg.

161 1344 309 1408 valorem
325 1363 473 1408 annuum
491 1363 561 1408 non
577 1341 754 1421 excedunt,
772 1363 844 1407 vac.
861 1341 979 1407 incur.
996 1342 1027 1407 S.
1044 1341 1084 1407 V.
1101 1363 1160 1427 per
1175 1344 1231 1409 lib.
1247 1343 1367 1428 resign.
1385 1342 1524 1407 Evrardi

161 1447 203 1512 de
232 1445 361 1527 HaloiS,
385 1449 504 1533 presb,
532 1447 678 1531 ipsarum
694 1443 733 1511 B.
749 1444 881 1511 Thome
908 1455 943 1510 et
970 1444 1135 1522 Johaunis
1160 1449 1192 1512 le
1207 1446 1379 1527 Tressons,
1405 1449 1525 1532 presb,

163 1549 194 1616 S.
220 1547 358 1615 Martini
386 1550 541 1617 altarium
566 1550 637 1615 sive
664 1550 866 1634 capellarum
891 1549 972 1615 olim
993 1558 1160 1616 rectorum
1184 1571 1242 1617 seu
1264 1571 1357 1637 perp.
1381 1551 1526 1635 capella-

163 1675 291 1735 nonun,
308 1654 397 1741 apud
413 1656 527 1721 sedem
543 1662 650 1740 apost.
667 1655 700 1719 in
715 1654 869 1719 manibus
886 1653 926 1720 R.
944 1653 980 1720 P.
996 1655 1086 1720 dom.
1104 1653 1311 1741 Petri,episc.
1328 1653 1524 1733 Penestrini,

163 1757 195 1822 S.
223 1757 263 1824 R.
291 1757 331 1823 E.
355 1759 630 1839 vicecancellarii,
666 1766 820 1842 tempore
841 1757 881 1823 V.
908 1757 939 1823 S.
964 1757 1167 1842 generalium
1193 1758 1383 1842 gratiamm,
1409 1757 1524 1837 factas,

162 1861 273 1926 eidem
302 1860 450 1938 Jobanni
481 1861 523 1928 de
554 1861 757 1927 Drehanche
788 1861 939 1927 conferre
969 1861 1150 1946 dignemini
1178 1885 1186 1942 ;
1212 1882 1288 1927 cnm
1319 1864 1361 1927 ab
1388 1861 1468 1926 olim
1492 1861 1525 1924 in

163 1964 320 2050 predicta,
338 1967 421 2031 eccl.
447 1965 623 2050 Dyonensi
647 1986 732 2030 unus
757 1985 829 2050 cap.
853 1965 965 2050 potuit
981 1973 1015 2029 et
1031 1965 1140 2031 adbuc
1156 1973 1269 2050 potest
1284 1965 1366 2030 duas
1381 1965 1527 2049 capellas

163 2089 221 2132 seu
236 2069 365 2149 altaria,
375 2078 512 2156 propter
523 2069 717 2134 earumdem
732 2069 923 2134 reddituum
937 2069 1148 2150 tenuitatem,
1166 2069 1317 2134 obtinere
1331 2091 1339 2148 ;
1356 2089 1425 2133 non
1441 2071 1527 2134 obst.

165 2173 254 2256 quod
277 2172 367 2238 idem
394 2171 567 2250 Iohannes
588 2174 706 2258 capell.
732 2172 906 2258 hospitalis
928 2172 1018 2258 opidi
1038 2172 1239 2258 DyonensiS,
1255 2172 1346 2237 dicte
1367 2170 1527 2236 Leodien.

164 2275 262 2357 dioc..
294 2275 387 2360 cujus
416 2277 518 2342 annui
549 2277 717 2342 fructus...
748 2297 914 2341 summam
946 2279 964 2341 8
994 2277 1120 2342 march.
1152 2296 1220 2362 arg.
1251 2297 1319 2342 non
1350 2275 1527 2356 excedunt,

164 2381 312 2446 noscitur
331 2381 493 2447 obtinere.
510 2422 553 2432 -
570 2381 646 2446 Fiat
663 2378 703 2445 R.

208 2483 286 2549 Dat.
302 2485 402 2570 Avin,
421 2503 439 2569 7
455 2485 499 2551 id.
515 2505 589 2569 aug.
605 2493 638 2549 a0
655 2494 697 2568 5⁰.
714 2485 781 2565 (ll,
803 2487 889 2568 137).
925 2537 928 2544 .

218 2620 1342 2717 1043.1346,
1360 2653 1379 2716 9
1396 2637 1483 2695 norit.

207 2737 309 2824 Supp.
319 2738 357 2803 fr.
374 2737 600 2819 Fortanerins,
610 2738 773 2825 generalis
789 2739 957 2803 minorum
966 2749 986 2818 ²,
998 2746 1090 2822 quat.
1106 2737 1144 2803 lr.
1156 2736 1371 2822 Radulphum
1388 2735 1429 2800 de
1446 2734 1528 2800 Tor·

165 2853 276 2923 naco³,
287 2842 357 2908 ord.
368 2843 546 2924 minorum,
559 2846 633 2909 bac.
644 2844 740 2908 form.
757 2844 791 2907 in
806 2843 837 2907 S.
854 2843 958 2908 theol.
972 2850 1006 2907 et
1015 2843 1086 2927 jam
1095 2862 1156 2927 per
1165 2842 1292 2907 dictum
1303 2840 1454 2906 ordinem
1466 2861 1527 2925 pro

164 2947 325 3030 magistro
338 2956 601 3031 presentatum...
621 2948 783 3013 mandare
804 2934 990 3031 dignemini
1011 2944 1212 3012 cancellario
1239 2944 1413 3009 Parisiensi
1438 2944 1528 3029 quod

166 3049 236 3114 sine
256 3050 416 3115 dilatione
432 3050 541 3135 ipsum
555 3052 607 3117 ad
622 3052 848 3136 magisterium
861 3058 1070 3137 promoveat,
1086 3052 1112 3115 si
1129 3048 1252 3115 adhoc
1269 3048 1426 3113 meruerit
1442 3048 1526 3133 ydo-

165 3173 248 3218 neus
259 3153 405 3238 repcriri.
420 3195 464 3203 -
480 3153 556 3220 Fiat
573 3154 613 3221 R.
648 3141 651 3145 Δ

209 3256 288 3322 Dat.
303 3257 404 3323 Avin.
418 3278 435 3342 5
452 3258 497 3323 id.
512 3279 587 3344 aug.
603 3267 636 3324 a⁰
653 3266 694 3343 5⁰.
711 3262 775 3341 (ll,
797 3262 884 3343 130).

219 3397 367 3477 1044.
1250 3408 1378 3490 134119
1394 3412 1482 3472 aaut.

207 3513 418 3597 Significatur
434 3511 465 3576 S.
483 3511 522 3577 V.
539 3533 580 3575 ex
596 3522 691 3597 parte
707 3513 838 3579 abbatis
852 3522 888 3578 et
903 3533 1002 3579 conv.
1019 3512 1212 3578 monasterii
1229 3510 1271 3576 de
1286 3510 1306 3588 J
1309 3531 1428 3595 oyaco,
1445 3510 1526 3575 Ord.

164 3614 368 3697 Cistercien.,
393 3616 559 3700 Senonen.
584 3616 681 3697 dioc,
706 3617 806 3702 quod,
831 3638 908 3683 cum
931 3625 1068 3703 propter
1089 3616 1259 3682 defectum
1289 3615 1477 3680 reddituum
1493 3622 1527 3677 et

162 3722 329 3785 bonorum
343 3719 425 3785 dicti
441 3720 645 3800 monasterii,
661 3741 853 3805 guerrarum
874 3722 1176 3807 importunitatem,
1192 3719 1336 3784 debilem
1354 3726 1528 3782 monetam

164 3822 374 3907 temporibus
399 3823 577 3890 retroactis.
596 3834 795 3905 currentem,
818 3824 1024 3891 decimarum
1046 3830 1082 3887 et
1105 3822 1245 3887 aliarum
1269 3819 1528 3885 subventionum

165 3925 379 4005 solutionem,
392 3945 525 3991 necnon
537 3926 735 3992 facultatum
753 3927 902 4011 ejusdem
918 3925 1110 3993 monasterii
1125 3924 1263 3988 minime
1279 3922 1529 4009 suppetentium

167 4027 211 4093 ad
226 4029 508 4093 sustentationem
522 4031 769 4116 pauperrimam
786 4031 918 4097 abbatis
933 4038 968 4096 et
985 4050 1082 4095 conr.
1099 4026 1291 4106 eorundem,
1308 4025 1397 4090 idem
1412 4044 1528 4089 mona-

166 4132 306 4197 sterium
317 4132 432 4197 fuisset
454 4140 490 4197 et
510 4142 599 4197 esset
616 4134 715 4198 certis
729 4133 883 4198 usurariis
898 4142 933 4197 et
949 4133 1021 4198 aliis
1037 4131 1186 4218 personis
1202 4129 1236 4193 in
1253 4147 1336 4192 2000
1353 4127 1408 4192 lib.
1426 4126 1528 4191 Paris,

165 4255 226 4321 per
252 4226 360 4301 certas
385 4236 515 4301 litteras
539 4244 574 4301 et
599 4240 659 4301 sub
687 4238 786 4303 certis
807 4237 904 4322 penis
927 4235 1108 4301 efficaciter
1131 4233 1336 4317 obligatum;
1360 4230 1528 4314 iidemque

165 4340 270 4404 abbas
292 4346 327 4403 et
350 4359 458 4419 coum,
482 4338 600 4404 habito
619 4338 768 4425 diligenti
784 4348 932 4405 tractatu
948 4340 1034 4403 inter
1050 4338 1150 4423 ipsos,
1167 4338 1340 4419 electaque
1357 4334 1477 4399 saniori
1494 4342 1529 4399 et

165 4442 296 4507 meliori
311 4444 366 4507 via
389 4463 449 4528 per
472 4463 573 4526 quam
588 4454 726 4529 possent
742 4444 831 4508 idem
847 4442 1086 4508 monasterium
1103 4440 1282 4524 aequitare,
1303 4458 1362 4503 100
1377 4437 1434 4503 lib.
1450 4435 1529 4503 Tur.

200 4636 223 4682 l.
235 4631 350 4681 Galbarrl
361 4631 394 4681 de
406 4630 504 4691 Cernes
516 4632 556 4681 ev.
567 4633 600 4681 de
612 4632 719 4692 slmnad,
733 4635 790 4696 puis
800 4633 833 4680 ‹le
845 4634 976 4695 Veaprem,
994 4646 1026 4678 en
1038 4631 1158 4691 Hongrie,
1171 4627 1274 4677 nomme
1286 4629 1302 4675 b
1314 4624 1487 4675 l'aroherbche
1498 4626 1530 4674 de

168 4705 281 4753 Brindisi
294 4707 318 4754 le
330 4708 360 4754 19
371 4706 458 4767 juillet
470 4707 533 4754 1346
552 4706 656 4767 (Eubel,
670 4708 690 4765 1,
706 4709 750 4755 154
764 4723 770 4762 ;
787 4707 853 4755 Albe
869 4721 911 4769 ap.
924 4704 1039 4754 niniam
1049 4703 1080 4753 do
1092 4700 1410 4760 armonia-dealbationis,
1424 4705 1442 4749 t.
1454 4700 1528 4758 VIII,

168 4794 212 4842 pp.
229 4780 358 4841 abo-362).
378 4808 411 4817 -
430 4784 453 4828 2.
471 4780 606 4829 Fortanier
624 4781 656 4829 de
676 4780 771 4837 Vassal,
793 4783 909 4829 ministre
921 4779 1023 4841 general
1040 4778 1072 4826 de
1090 4777 1187 4824 l'Ordre
1204 4790 1234 4825 en
1254 4776 1324 4835 1343,
1342 4775 1400 4837 puis
1416 4788 1448 4822 en
1466 4774 1529 4820 1347

166 4853 328 4914 archequue
344 4854 377 4902 ‹le
395 4854 522 4913 Ravenna,
541 4868 572 4901 en
592 4856 651 4902 1351
671 4856 816 4917 patriarche
833 4855 866 4903 do
876 4854 970 4911 Grmlo,
982 4858 1009 4901 ct
1021 4850 1136 4901 cardinal
1148 4864 1180 4899 en
1193 4850 1253 4897 1361
1267 4846 1387 4911 (Dcnifle,
1405 4847 1527 4905 (.bortm,

168 4926 203 4984 II,
216 4928 264 4975 413
277 4943 283 4984 ;
300 4927 367 4975 Albe
377 4941 420 4989 ap.
431 4928 527 4976 Annal.
539 4926 569 4975 dc
581 4927 899 4988 ist-honta-dea-Fmapaiu,
912 4933 931 4975 t.
944 4926 1017 4986 VIII,
1035 4940 1078 4988 pp.
1092 4924 1219 4985 roo-172).
1231 4950 1262 4961 -
1279 4922 1302 4970 3.
1314 4921 1339 4969 ΙΙ
1350 4922 1415 4970 n'est
1427 4934 1473 4985 pas
1484 4922 1529 4968 sllr

166 5012 218 5060 quo
229 5002 297 5047 cette
309 4996 381 5062 pieca
391 5014 418 5048 se
429 5002 577 5063 rapporter'r
595 5000 705 5049 Toumai
723 5001 880 5063 (Belgique).
