3650 5675
304 495 368 561 446
858 493 947 566 1849,
970 492 1009 555 22
1031 491 1100 557 mai.

305 648 472 715 Senonen.
487 646 575 712 dioc.
590 668 599 726 ς
614 666 685 711 non
700 648 786 712 obst.
803 645 894 731 quod
909 645 1073 731 capellan.
1089 666 1192 711 unam
1207 647 1241 711 in
1257 648 1339 713 eccl.
1351 648 1563 713 Attrebaten.
1578 646 1665 712 obti-

304 758 397 819 neat.
411 791 456 801 —
485 749 624 815 Habeat
650 750 693 815 ad
720 751 797 815 coll.
825 749 958 815 abbatis
979 757 1016 814 et
1038 757 1225 816 conventus
1239 750 1271 816 S.
1287 751 1423 817 Andree
1445 752 1488 818 de
1512 750 1662 816 Castello

306 855 339 920 in
356 853 601 935 Cameracesi0,
618 852 661 920 O.
676 853 709 920 S.
725 852 775 935 Β,
792 851 1009 919 Cameracen.
1025 853 1112 922 dioc.

352 995 453 1057 1705.
471 989 564 1075 Mag.
580 989 600 1068 J
603 992 712 1057 acobo
726 990 769 1056 de
785 989 951 1075 Bovignia
963 1001 983 1071 ¹,
1001 989 1161 1057 Leodien.
1174 990 1320 1073 dioc.,de
1336 1013 1409 1059 can.
1425 1000 1461 1058 et
1475 995 1567 1079 preb.
1582 993 1665 1058 eccl.

306 1095 345 1162 B.
363 1093 412 1160 M.
427 1094 660 1179 TrajectensiS,
676 1095 767 1160 dicte
790 1094 899 1174 dioc.;
916 1114 986 1159 non
1010 1097 1095 1161 obst.
1112 1095 1203 1179 quod
1225 1095 1334 1161 eidem
1359 1096 1402 1161 sit
1427 1097 1598 1182 provisum
1624 1096 1667 1161 (10

306 1199 494 1285 capellania
518 1199 551 1264 S.
576 1196 699 1264 Ursule
720 1198 756 1263 in
780 1197 934 1284 parroch.
959 1199 1041 1263 eccl.
1067 1197 1109 1263 de
1136 1196 1310 1284 Bovignia,
1335 1201 1428 1285 cujus
1452 1200 1577 1265 fructus
1599 1207 1667 1264 tres

304 1303 461 1368 marchas
475 1301 605 1386 argenti
630 1321 700 1367 nou
725 1301 903 1368 excedunt.
919 1340 963 1349 -
979 1299 1117 1366 Habeat
1140 1323 1213 1368 can.
1238 1305 1298 1368 sub
1326 1324 1401 1389 exp.
1428 1303 1577 1389 predicte
1592 1323 1666 1389 pre-

305 1405 427 1473 bende.

352 1544 454 1608 1706.
481 1541 547 1629 Isti
574 1549 655 1608 sunt
680 1547 862 1608 secundum
892 1550 1018 1608 statum
1041 1565 1155 1608 eorum
1186 1551 1217 1608 et
1239 1545 1476 1632 sufficzerrtiam
1504 1548 1666 1612 modicum

308 1645 473 1727 habentes,
489 1653 522 1711 et
534 1655 614 1712 sunt
629 1649 662 1714 r'n
678 1669 815 1712 numero
831 1649 950 1734 uiginti
964 1651 1070 1712 dun...

353 1749 446 1835 Mag.
461 1750 610 1829 Johanni
626 1749 772 1818 Buridan
787 1764 809 1833 ²,
833 1753 1048 1818 Attrebaten.
1075 1752 1192 1819 dioc...
1222 1753 1267 1819 Et
1289 1753 1316 1818 si
1332 1754 1444 1840 placet
1470 1753 1588 1819 Vestre
1612 1754 1667 1840 pie

309 1854 487 1920 Sanctitati
503 1854 612 1920 eidem
628 1856 788 1941 magistro
810 1855 853 1921 de
875 1859 952 1922 ben.
976 1857 1058 1922 0001.
1075 1877 1100 1922 s.
1117 1877 1156 1937 0.,
1173 1864 1352 1942 personatu
1377 1859 1432 1922 vel
1447 1856 1560 1924 officio
1574 1878 1669 1944 spec-

309 1965 404 2023 tante
428 1958 471 2024 ad
494 1960 570 2025 coll.
597 1967 673 2041 etc,
690 1959 839 2046 episcopi
856 1958 1023 2027 Morinen.
1037 1984 1046 2042 ;
1062 1982 1132 2026 non
1155 1964 1240 2028 obst.
1265 1962 1358 2028 dicto
1384 1965 1586 2029 canonicatu
1608 1966 1668 2028 sub

310 2083 385 2148 exp.
410 2062 589 2147 prebende,
612 2071 649 2128 et
675 2063 765 2148 quod
791 2064 835 2130 ad
858 2084 996 2150 presens
1022 2066 1176 2151 parroch.
1203 2068 1284 2132 0001.
1312 2066 1354 2131 (10
1379 2065 1510 2132 Bauvin
1535 2065 1668 2146 Provin,

309 2164 497 2232 Tomacen.
512 2165 611 2247 dioc,
638 2165 765 2233 dictam
787 2169 976 2236 custodiam
992 2190 1032 2236 ac
1056 2170 1226 2254 quandam
1252 2171 1473 2256 capellaniam
1500 2170 1667 2252 Parisien.,

310 2270 403 2353 cujus
417 2269 624 2355 presentatio
639 2269 684 2336 ad
699 2269 966 2338 Universitatem
987 2293 1045 2338 seu
1061 2274 1189 2359 aliquos
1203 2275 1381 2360 magistros
1395 2274 1495 2341 studii
1512 2275 1669 2341 Parisien.

309 2372 466 2458 pertinet,
481 2372 631 2439 noscitur
646 2373 810 2441 obtinere.
832 2415 877 2424 -
893 2374 1034 2441 Habeat
1057 2377 1102 2442 ad
1116 2378 1192 2442 coll.
1209 2377 1358 2463 episcopi
1386 2376 1553 2444 Morinen.
1570 2378 1667 2443 adea

309 2498 375 2561 que
390 2476 493 2543 habet
508 2477 659 2544 conferre
674 2499 700 2545 s.
716 2498 756 2560 c.,
773 2479 877 2544 etiam
893 2479 920 2544 si
937 2479 970 2544 in
994 2480 1137 2547 ecclesia
1152 2481 1345 2547 cathedrali.

356 2616 455 2680 1707.
473 2612 563 2698 Mag.
579 2615 732 2681 Amoldo
748 2614 789 2681 de
806 2615 838 2680 S.
855 2614 965 2681 Marie
982 2616 1074 2698 Gest,
1091 2616 1251 2683 Leodien.
1263 2617 1361 2699 dioc,
1371 2616 1414 2682 (10
1429 2638 1502 2682 cau.
1518 2621 1578 2683 sub
1594 2639 1669 2704 exp.

310 2718 401 2802 preb.
417 2717 449 2784 S.
466 2717 621 2803 Dyonisii
638 2717 799 2784 Leodien.
814 2741 823 2800 3
839 2739 909 2785 non
926 2723 1012 2786 obst.
1035 2719 1125 2805 quod
1149 2741 1222 2786 can.
1247 2729 1282 2786 et
1307 2722 1400 2806 preb.
1416 2722 1495 2787 eccl.
1523 2721 1555 2787 S.
1579 2720 1668 2786 Petri

310 2818 471 2888 Leodien.
487 2842 528 2887 ac
543 2822 697 2907 parroch.
713 2823 795 2889 eccl.
811 2821 854 2889 de
869 2821 991 2905 Tellin,
1007 2822 1168 2909 Leodien.
1184 2824 1282 2907 dioc,
1294 2823 1457 2891 obtineat.
1467 2862 1510 2871 -
1534 2823 1670 2891 Habeat

309 2933 348 2990 ut
361 2925 460 3011 petit.

356 3065 458 3128 1708.
475 3061 567 3147 Mag.
585 3063 770 3130 Eustachio
784 3064 826 3130 (10
843 3063 951 3131 Milen
961 3082 983 3147 ³,
1008 3067 1129 3132 clerico
1153 3065 1302 3133 Leodien
1318 3068 1415 3151 dioc,
1428 3070 1483 3154 qui
1500 3067 1670 3154 quondam

309 3170 365 3232 b0.
376 3186 440 3231 me.
450 3167 624 3232 reverendi
637 3168 672 3232 in
683 3166 816 3234 Christo
829 3168 1233 3255 patris,dom.G(uidonis)
1244 3170 1286 3236 de
1299 3170 1510 3258 Comborgio,
1521 3173 1669 3259 episcopi

311 3268 539 3351 Noviomen.,⁴
555 3271 701 3356 quinque
716 3274 813 3338 annis
828 3275 955 3358 absque
971 3274 1106 3358 aliquali
1123 3276 1391 3342 remuneratione
1406 3276 1577 3342 familiaris
1587 3276 1670 3341 exti-

309 3372 361 3454 tit,
383 3374 513 3439 labores
527 3375 729 3461 multiplices
756 3375 964 3457 sustinendo,
991 3377 1034 3443 (10
1060 3380 1136 3443 ben.
1162 3379 1243 3445 eccl.
1260 3400 1284 3445 s.
1301 3400 1330 3445 c.
1346 3386 1522 3466 spectante
1537 3388 1612 3461 etc,
1629 3380 1672 3445 ad

311 3476 387 3541 coll.
398 3483 474 3558 010,
485 3478 656 3564 prepositi,
667 3479 788 3545 decani
800 3480 942 3545 ecclesie
953 3479 1113 3547 Leodien.
1128 3482 1327 3567 ubicumque
1343 3491 1378 3548 et
1387 3483 1672 3569 qualitercumque

310 3579 524 3645 conferentur
542 3604 550 3662 ;
568 3602 636 3646 non
654 3583 741 3647 obst.
757 3583 848 3666 quod
863 3584 1017 3668 parroch.
1034 3587 1116 3651 eccl.
1133 3584 1673 3654 88.110111001101Ρο111(1οΤ0111-

309 3684 399 3769 plou,
417 3682 577 3751 Leodien.
593 3685 691 3766 dioc,
708 3687 858 3752 noscitur
874 3687 1036 3755 obtinere.
1059 3726 1090 3737 -
1113 3689 1252 3755 Habeat
1268 3702 1305 3755 ut
1321 3691 1355 3756 in
1367 3690 1485 3756 forma.
1497 3692 1566 3775 (19,
1581 3696 1672 3775 210).

356 3825 456 3887 1709.
474 3819 567 3906 Mag.
583 3821 750 3889 Balduino
768 3825 810 3890 de
827 3825 987 3907 Pisciaco,
1004 3828 1204 3893 Ambianen.
1231 3828 1329 3910 dioc,
1346 3829 1388 3894 de
1403 3834 1480 3896 ben.
1497 3831 1579 3896 0001.
1596 3850 1624 3895 c.
1642 3851 1671 3896 c.

310 3932 387 4006 etc,
403 3924 447 3990 ad
462 3927 538 3991 coll.
555 3934 620 3993 etc.
636 3927 754 3993 decani
772 3939 806 3995 01
833 3930 970 4015 capituli
998 3931 1029 3997 S.
1046 3931 1234 3997 Wulfranni
1261 3933 1295 3997 in
1322 3934 1553 4014 Abbatisvilla,
1580 3934 1671 3999 dicte

310 4027 397 4093 dioc.
412 4050 421 4106 ;
437 4048 507 4093 uon
523 4031 610 4095 obst.
625 4032 779 4115 parroch.
795 4035 877 4099 eccl.
887 4034 930 4099 (10
943 4033 1176 4120 Mayencuria,
1190 4035 1338 4121 ejusdem
1353 4036 1451 4118 (1100,
1468 4058 1568 4121 quam
1584 4037 1672 4102 obti-

310 4140 380 4213 net,
397 4140 431 4197 et
447 4152 522 4198 can.
539 4136 599 4198 sub
624 4155 699 4221 exp.
724 4138 817 4221 preb.
844 4138 985 4204 ecclesie
1012 4138 1044 4203 S.
1069 4138 1259 4225 Walburgis
1284 4140 1474 4222 Fumensis,
1502 4140 1671 4206 Morinen.

311 4234 408 4316 dioc,
440 4256 541 4320 quam
571 4239 725 4323 parroch.
763 4241 942 4307 ecclesiam
979 4251 1169 4328 permutare
1206 4244 1331 4326 valeat,
1363 4265 1440 4310 cum
1469 4244 1673 4310 beneficium

311 4338 582 4423 incompassibile
605 4342 730 4407 virtute
755 4344 919 4429 presentis
944 4345 1050 4429 gratie
1077 4346 1185 4431 ipsum
1210 4347 1390 4432 contigerit
1416 4355 1603 4434 acceptare.
1629 4388 1674 4396 -

312 4440 451 4507 Habeat
467 4445 690 4509 communiter
704 4448 758 4510 vel
774 4446 907 4512 divisim
923 4456 961 4513 ut
977 4449 1010 4513 in
1026 4450 1144 4516 forma.
1162 4450 1232 4535 (19,
1251 4456 1431 4535 2101101).

344 4690 366 4735 l.
379 4688 447 4736 C’est
458 4704 517 4737 anus
533 4690 611 4739 doute
631 4692 668 4740 lui
679 4694 724 4753 qui
745 4694 834 4742 derint
855 4696 913 4757 plus
933 4696 991 4745 tard
1009 4698 1134 4747 chauoiuo
1151 4704 1177 4746 ct
1188 4698 1272 4760 doycn
1284 4699 1317 4747 (10
1336 4700 1512 4748 Notre-Damc
1531 4701 1546 4746 b
1567 4698 1675 4749 Dinant.

311 4761 423 4821 (Kirsch,
443 4762 569 4822 Auarici,
583 4764 676 4826 1213)
690 4767 740 4821 ;01.
754 4782 779 4814 n.
792 4770 844 4826 128,
864 4772 917 4819 130.
930 4798 962 4805 -
981 4774 1004 4819 2.
1025 4772 1130 4830 Denifle,
1152 4772 1186 4829 11,
1208 4774 1263 4820 1116.
1274 4800 1307 4807 -
1327 4774 1349 4821 3.
1362 4772 1422 4820 Plus
1434 4772 1493 4821 tard
1504 4772 1629 4819 chauoine
1641 4772 1676 4821 (10

313 4836 337 4882 S.
351 4835 473 4883 lambert
486 4838 599 4897 (Kirseb,
612 4839 738 4898 Arrrraten,
753 4840 772 4899 l,
786 4842 836 4900 23).
849 4870 881 4877 -
898 4845 921 4891 4.
934 4844 994 4905 Guy
1006 4844 1038 4893 de
1051 4845 1186 4904 Comborn,
1200 4844 1297 4906 equue
1308 4846 1341 4894 de
1353 4846 1446 4908 Noyon
1458 4846 1481 4895 lc
1495 4847 1524 4893 11
1537 4846 1587 4892 mai
1601 4846 1673 4904 13⁴7,

313 4908 442 4971 remplace
453 4910 477 4957 lc
490 4912 519 4957 14
531 4912 670 4960 novembre
685 4915 746 4961 1348
759 4928 805 4976 par
817 4915 917 4963 b'irurin
929 4916 962 4965 de
975 4918 1117 4979 Coequerel
1129 4919 1232 4979 (Euboi,
1247 4919 1266 4979 I,
1280 4921 1346 4981 390).
1502 4924 1506 4932 “
