3650 5675
273 526 335 590 288
754 523 842 601 1346,
867 522 963 587 28-26
986 524 1152 588 novembre.

274 677 460 742 litterarum
482 683 678 756 vestrarum,
705 682 741 740 et
764 675 798 739 in
822 669 862 740 B.
891 673 941 764 M.
964 673 1006 740 de
1026 675 1237 756 Annoniaco,
1254 674 1296 741 Ο.
1312 675 1344 741 S.
1359 677 1456 760 Aug,
1473 676 1637 743 Viennen.

274 781 371 861 dioc,
388 781 506 847 eccles.
532 781 727 846 clericatum
743 779 836 846 chori
851 799 910 844 seu
926 778 1122 860 chorariam,
1139 779 1274 845 solitam
1293 779 1421 845 clericis
1436 781 1638 846 secularibus

274 884 442 969 assignari,
459 904 498 950 ac
519 884 561 949 de
585 883 680 950 terris
703 882 793 949 dicte
814 882 955 948 ecclesie
978 882 1143 964 Anicien.,
1165 883 1333 949 consuetis
1356 884 1526 950 canonicis
1548 885 1637 950 dicte

275 989 415 1054 ecclesie
430 988 607 1053 dumtaxat
623 988 657 1052 in
673 1008 767 1078 perp.
782 989 859 1052 ben.
876 987 958 1052 eccl.
974 986 1143 1071 assignari,
1156 1005 1260 1070 usque
1271 987 1315 1052 ad
1326 987 1474 1052 valorem
1490 1008 1550 1053 100
1562 987 1637 1053 soli-

274 1092 392 1159 dorum
407 1113 499 1178 parv.
515 1092 639 1159 Turon.
654 1092 804 1159 noscitur
819 1091 981 1157 obtinere.
996 1131 1040 1140 -
1056 1088 1132 1156 Fiat
1149 1089 1188 1155 R.

318 1196 397 1262 Dat.
412 1197 514 1262 Avin.
532 1217 549 1277 9
567 1195 633 1262 kal.
648 1196 722 1262 dec.
738 1203 771 1280 a⁰
788 1203 829 1279 5⁰.
843 1194 916 1275 (12,
937 1193 1025 1276 111).

327 1350 467 1432 1106.
1238 1384 1255 1427 r
1256 1363 1332 1446 346,
1350 1385 1368 1426 2
1367 1383 1388 1446 3
1408 1364 1589 1428 novembre.

320 1468 421 1555 Supp.
447 1467 596 1534 notarius
622 1473 743 1546 vester,
769 1464 965 1551 Raynaldus
979 1465 1022 1530 de
1040 1464 1132 1531 Filiis
1155 1464 1234 1532 Ursi
1252 1461 1272 1546 ¹,
1289 1474 1382 1550 quat.
1409 1465 1469 1530 sibi
1486 1486 1575 1551 spec.
1591 1486 1638 1551 gr.

275 1573 445 1654 facientes,
478 1571 587 1638 eidem
612 1571 654 1636 de
679 1566 751 1635 c'an.
776 1575 812 1634 et
834 1571 927 1655 preb.
962 1570 1044 1635 eccl.
1067 1569 1287 1650 Lincolnien.,
1311 1577 1346 1634 et
1368 1569 1638 1636 archidiaconatu

275 1663 515 1762 Leycestriein
528 1675 648 1740 eadem
660 1674 753 1755 eccl,
765 1693 840 1738 vac.
853 1673 896 1738 ad
908 1693 1044 1759 presens
1056 1673 1146 1759 apud
1161 1673 1276 1740 sedem
1291 1681 1398 1759 apost.
1415 1694 1475 1759 per
1490 1676 1543 1739 ob.
1559 1676 1638 1740 bon.

276 1801 377 1846 mem.
400 1781 491 1846 dom.
510 1778 713 1864 Raymundi,
730 1777 761 1842 S.
780 1775 829 1842 M.
846 1775 948 1843 Nove
963 1776 1050 1843 diac.
1067 1777 1156 1844 card.
1172 1788 1192 1858 ²,
1209 1778 1339 1843 etiamsi
1354 1778 1463 1843 dictus
1478 1777 1639 1844 archidia-

279 1890 421 1949 conatus
443 1904 557 1950 curam
580 1883 705 1948 habeat
727 1882 925 1962 animarum,
948 1880 1130 1965 dignemini
1146 1880 1321 1968 providere
1336 1903 1345 1960 ;
1361 1901 1431 1946 non
1447 1882 1533 1946 obst.
1549 1879 1639 1965 quod
1730 1904 1734 1910 ’

278 1988 387 2054 dictus
399 1987 596 2074 Raynaldus
610 1987 645 2050 in
660 1985 829 2066 Paduana,
848 1992 884 2051 et
894 1984 1086 2052 Tholetana
1109 2007 1150 2052 ac
1172 1986 1332 2052 Leodien.
1345 1970 1493 2052 ecclesiis
1517 2005 1590 2051 can.
1606 1993 1640 2050 et

279 2095 381 2178 preb.,
412 2099 447 2158 et
474 2092 508 2156 in
538 2091 657 2156 eadem
690 2088 852 2156 Leodien.
882 2091 1025 2156 ecclesia
1062 2083 1378 2159 archidiaconatum,
1410 2097 1561 2156 curatum
1598 2090 1640 2155 de

265 2188 457 2282 'Campinia
472 2204 483 2239 ³
499 2194 647 2274 obtinet;
668 2201 702 2260 et
725 2194 816 2279 quod
831 2193 957 2259 dudum
979 2193 1039 2259 sibi
1061 2195 1103 2259 de
1126 2215 1199 2260 can.
1223 2201 1257 2260 et
1281 2197 1371 2281 preb.
1393 2194 1541 2279 ejusdem
1558 2194 1639 2259 eccl.

279 2297 499 2379 Lincolnien.,
524 2308 607 2365 tunc
631 2319 690 2384 per
716 2299 772 2364 lib.
798 2298 1060 2383 resignationem
1077 2297 1155 2364 Ursi
1182 2299 1237 2380 de¹
1252 2299 1327 2364 filiis
1343 2297 1432 2378 Ursi,
1449 2297 1558 2363 fratris
1580 2298 1639 2378 sui,

277 2424 361 2486 vac,
389 2402 590 2492 providistis,
614 2403 694 2468 licet
717 2403 849 2468 illorum
865 2401 1111 2488 possessionem
1127 2423 1298 2487 nunquam
1314 2402 1460 2488 potuerit
1476 2401 1614 2487 adipisci
1630 2423 1639 2481 ;

277 2529 360 2592 quos
382 2509 517 2593 quidem
541 2529 615 2574 can.
639 2516 674 2572 et
697 2510 789 2594 preb.
805 2513 841 2572 et
855 2507 909 2592 jus
925 2506 986 2572 sibi
1002 2514 1200 2592 competens
1217 2507 1250 2572 in
1266 2506 1401 2588 eisdem,
1417 2515 1495 2592 post
1510 2526 1640 2572 assecu-

276 2611 404 2678 tionem
431 2613 607 2699 pacificam
634 2611 823 2697 hujusmodi
849 2631 908 2696 gr,
936 2618 988 2676 est
1013 2610 1203 2676 renuntiare
1230 2619 1388 2700 paratus3
1416 2630 1492 2675 cum
1520 2608 1639 2673 eodem

170 2770 172 2773 ,
278 2715 458 2802 Raynaldo
474 2725 511 2781 ut
526 2716 654 2782 dictum
670 2715 980 2781 archidiaconatum
992 2712 1187 2800 Leycestrie
1199 2714 1301 2778 libere
1313 2713 1470 2799 recipere,
1483 2721 1518 2778 et
1529 2712 1638 2799 ipsum
1670 2785 1673 2792 ,

276 2841 431 2887 unacum
448 2818 721 2886 archidiaconatu
730 2819 772 2884 de
783 2816 962 2905 Campinia
973 2825 1008 2883 et
1020 2838 1093 2884 can.
1104 2826 1139 2883 et
1150 2820 1242 2904 preb.
1255 2816 1414 2905 predictis
1422 2817 1514 2883 licite
1525 2817 1638 2883 valeat

275 2924 428 3006 retinere,
455 2924 776 3009 generalis'concilii
803 2931 839 2989 et
862 2918 1014 3006 qualibet¹
1033 2922 1098 2987 alia
1121 2922 1362 2989 constitutione
1386 2921 1553 2987 contraria
1569 2941 1637 2986 non

276 3032 372 3109 obst,
389 3028 630 3113 dispensantes.
647 3067 690 3077 —
706 3026 783 3092 Fiat
799 3035 834 3091 et
849 3012 1080 3112 dispensamus
1099 3025 1138 3091 R.
1262 3030 1263 3035 ’

220 3219 224 3226 ⁵
318 3132 397 3197 Dat.
413 3132 514 3197 Avin.
532 3152 549 3212 9
567 3130 632 3197 kal.
648 3131 721 3196 dec.
737 3140 770 3204 a⁰
787 3140 828 3215 5⁰.
846 3131 918 3215 (12,
941 3130 1028 3215 111).
1063 3216 1065 3221 ,

330 3283 466 3367 1107.
1004 3338 1006 3342 ,
1239 3296 1334 3379 1346,
1352 3294 1395 3360 26
1411 3296 1593 3361 trovembre.

318 3400 419 3487 Supp.
437 3400 589 3481 KaroluS,
607 3398 672 3465 Dei
686 3401 794 3485 gratia
809 3399 844 3465 in
862 3400 1094 3465 Romanorum
1120 3420 1234 3485 regem
1255 3402 1392 3480 electus,
1416 3406 1451 3464 et
1467 3397 1636 3479 Gerlacus,

275 3506 339 3569 Dei
355 3512 390 3569 et
405 3511 517 3571 vestra
531 3504 638 3589 gratia
652 3505 847 3591 archiepisc.
876 3503 1067 3590 Maguntin.
1082 3516 1103 3585 ⁴,
1129 3512 1220 3588 quat.
1248 3503 1373 3568 eisdem
1398 3502 1432 3567 in
1459 3522 1636 3588 personam

276 3608 413 3693 Rutgeri
428 3608 471 3675 de
487 3607 731 3691 Ghenehoven,
749 3610 837 3689 cler,
854 3608 1090 3673 commensalis
1115 3606 1195 3673 dicti
1223 3605 1412 3691 Maguntin.
1429 3606 1636 3691 archiepisc,

273 3733 362 3799 spec.
377 3733 425 3798 gr.
441 3712 613 3792 facientes,
638 3713 747 3778 eidem
772 3714 814 3778 de
841 3734 915 3779 can.
941 3721 975 3778 et
999 3715 1091 3799 preb.
1119 3714 1200 3778 eccl.
1228 3711 1260 3778 S.
1285 3710 1448 3789 Johannis
1465 3709 1636 3791 Leodien.,

273 3823 378 3901 spect.
394 3816 436 3881 ad
452 3816 528 3881 coll.
555 3814 657 3900 episc.
673 3814 845 3896 Leodien.,
861 3836 933 3881 vac.
957 3836 1017 3901 per
1033 3817 1086 3881 ob.
1104 3814 1275 3900 quondam
1292 3813 1468 3880 Giselberti
1485 3813 1527 3880 de
1544 3812 1637 3879 Didi-

273 3919 381 4000 chem,
398 3920 455 4004 qui
471 3927 566 3984 extra
585 3918 682 3983 Rom.
699 3938 767 3983 cur.
792 3918 881 3983 diem
906 3939 1003 3984 suum
1029 3919 1150 3984 clausit
1177 3926 1374 3999 extremum,
1402 3918 1585 3983 dummodo
1600 3918 1634 3981 in

273 4023 320 4088 eis
335 4044 403 4088 non
421 4023 464 4087 sit
480 4022 576 4087 alteri
588 4023 642 4107 jus
657 4022 834 4106 quesitum,
851 4021 1035 4107 dignemini
1051 4023 1267 4108 providere...
1283 4046 1291 4103 ;
1309 4044 1378 4089 non
1394 4024 1479 4087 obst.
1507 4028 1635 4086 statuto

273 4126 375 4211 ipsius
390 4127 556 4209 eccl.,quo
571 4126 681 4190 caveri
697 4125 827 4206 dicitur,
844 4126 934 4210 quod
950 4127 1033 4191 nulli
1048 4126 1091 4192 de
1106 4135 1216 4192 morte
1237 4126 1392 4192 canonici
1404 4124 1557 4205 creditur,
1570 4122 1633 4187 nisi

272 4232 432 4315 probetur
445 4250 506 4316 per
520 4229 603 4294 duos
619 4229 868 4295 concanonicos
883 4232 965 4296 eccl.
981 4237 1170 4296 memorate
1185 4253 1193 4310 ;
1220 4230 1300 4296 dum
1322 4239 1437 4296 tamen
1453 4226 1542 4292 idem
1558 4246 1634 4311 sup-

273 4333 402 4418 plicans
416 4332 517 4398 fidem
533 4333 614 4398 alias
629 4332 731 4398 saciat
746 4334 905 4399 idoneam
922 4334 964 4399 de
987 4342 1095 4399 morte
1122 4334 1202 4400 dicti
1231 4332 1409 4398 Giselberti
1425 4354 1433 4412 ;
1461 4352 1530 4398 non
1546 4332 1633 4396 obst.

273 4437 375 4501 etiam
391 4436 482 4521 quod
496 4456 594 4521 super
607 4438 711 4502 altare
726 4437 797 4503 sive
812 4437 939 4503 vicaria
956 4437 987 4503 S.
1006 4436 1155 4519 Martini,
1166 4439 1266 4503 situm
1278 4438 1311 4501 in
1325 4439 1407 4502 eccl.
1424 4436 1455 4501 S.
1473 4434 1636 4500 Gereonis

274 4540 460 4622 Colonien,
476 4541 625 4606 noscitur
641 4541 782 4628 litigare.
798 4582 842 4591 -
858 4540 936 4606 Fiat
953 4540 992 4607 R.

316 4645 396 4710 Dat.
412 4644 511 4709 Avin.
530 4648 547 4708 6
564 4644 630 4710 kal.
645 4646 717 4711 dec.
735 4652 768 4710 a⁰
786 4652 828 4729 5⁰.
844 4647 914 4728 (12,
936 4649 1032 4727 112').

306 4897 326 4942 l.
345 4894 369 4942 Il
388 4893 479 4943 derint
495 4893 554 4956 plus
573 4894 632 4942 tard
651 4894 766 4942 cardinal
786 4895 821 4942 du
841 4896 903 4943 titre
921 4894 953 4943 de
972 4896 996 4941 Β*
1008 4894 1103 4943 Adrion
1118 4911 1124 4953 ;
1141 4896 1197 4942 voir
1209 4908 1233 4942 11.
1245 4892 1300 4940 503.
1321 4918 1353 4928 --—
1372 4892 1634 4941 1101111016.-

272 4970 295 5017 3.
307 4968 338 5015 de
351 4968 445 5026 Thorax,
456 4966 491 5026 II,
502 4968 584 5015 44-45.
596 4995 628 5001 --
639 4969 662 5015 4.
675 4968 742 5017 Mon.
758 4967 812 5016 Vnt.
826 4968 896 5027 Boia,
910 4968 931 5027 l,
944 4983 969 5016 rr.
982 4968 1038 5018 816.
