3650 5675
294 532 354 597 202
838 531 927 605 1345,
949 530 1000 595 6-9
1021 550 1110 596 mars.

294 684 422 748 tionem
438 691 472 748 et
488 682 685 747 mandatum
701 681 850 765 ejusdem
866 680 977 761 electi,
987 681 1217 747 administrare
1230 692 1264 746 et
1276 702 1431 748 exercere
1443 703 1483 748 ac
1495 682 1654 767 judicare,

293 796 328 851 et
353 786 465 852 omnia
489 786 599 851 facere
615 807 680 867 que
695 786 738 852 ad
753 788 977 871 temporalem
992 786 1254 871 jurisdictionem
1277 787 1448 872 pertinent
1462 810 1471 868 5
1500 788 1655 872 idemque

293 892 419 955 electus
435 892 477 954 ab
494 890 541 955 eis
556 898 590 955 et
606 910 626 954 a
641 889 892 973 quibuscunque
909 890 982 954 aliis
1006 890 1200 956 feudatariis
1222 898 1257 955 et
1281 890 1430 972 subditis,
1455 912 1656 975 quocunque

292 990 429 1055 nomine
444 999 651 1073 censeantur,
660 993 887 1077 juramentum
904 992 1075 1057 fidelitatis
1085 1014 1125 1058 ac
1138 993 1365 1059 obedientiam
1383 1002 1418 1059 et
1432 994 1655 1060 reverentiam

292 1094 423 1179 exigere
440 1103 474 1159 et
489 1096 637 1182 recipere
653 1098 756 1162 libere
772 1106 807 1162 et
823 1096 914 1162 licite
927 1099 1051 1176 valeat,
1063 1098 1192 1183 ipsique
1205 1098 1336 1184 prefato
1348 1098 1458 1163 electo
1474 1098 1530 1163 illa
1544 1098 1656 1163 facere

291 1207 326 1264 et
350 1198 509 1263 exhibere
528 1202 663 1285 penitus
689 1210 879 1283 teneantur,
905 1202 1016 1269 donec
1044 1203 1226 1288 imperator
1252 1203 1307 1266 vel
1337 1221 1395 1265 rex
1427 1200 1655 1266 Romanorum

292 1300 400 1382 fuerit,
424 1322 445 1365 a
469 1322 536 1385 quo
562 1312 678 1388 petere
705 1306 815 1370 valeat
842 1306 966 1391 regalia
993 1306 1195 1391 supradicta,
1223 1326 1263 1370 ac
1293 1305 1319 1371 si
1345 1325 1443 1369 verus
1472 1306 1655 1390 imperator

291 1407 346 1469 vel
361 1426 419 1469 rex
436 1405 665 1473 Romanorum
681 1410 849 1491 existeret,
863 1419 897 1476 et
909 1413 952 1476 ab
964 1431 1006 1476 eo
1022 1410 1169 1496 prefatus
1185 1410 1313 1474 electus
1328 1407 1517 1495 hujusmodi
1533 1410 1656 1493 regalia

291 1510 473 1594 recepisset
488 1532 495 1589 ;
513 1531 581 1575 non
594 1514 680 1578 obst.
693 1514 946 1598 quibuscunque
958 1514 1094 1580 statutis
1110 1522 1145 1578 et
1160 1513 1456 1578 consuetudinibus
1471 1513 1654 1594 contrariis,

292 1613 397 1677 etiam
408 1611 603 1697 juramento
618 1615 764 1682 vallatis.
780 1657 824 1666 -
840 1617 917 1683 Fiat
935 1617 976 1683 R.

337 1713 425 1780 Item
453 1736 548 1801 supp.
584 1727 677 1801 quat.
704 1720 766 1785 sibi
794 1720 980 1787 concedere
1004 1720 1186 1805 dignemini
1214 1728 1466 1785 conservatores
1492 1719 1525 1784 in
1551 1721 1656 1786 forma

293 1820 425 1886 concilii
443 1819 650 1887 Viennensis.
667 1864 710 1872 —
726 1823 804 1888 Fiat
820 1824 862 1889 ad
878 1825 1144 1909 quinquennium
1173 1823 1213 1889 R.

338 1923 415 1988 Dat
432 1943 486 2009 ap.
503 1923 753 1992 Villamnovam
770 1950 789 2012 4
805 1949 884 1993 non.
900 1936 999 1993 mart.
1016 1937 1050 1993 a⁰
1067 1934 1109 2012 3⁰.
1126 1931 1172 2010 (6,
1192 1930 1330 2011 64-64').

346 2059 456 2143 819.
1359 2094 1455 2159 1345,
1472 2076 1492 2139 ό
1509 2098 1612 2142 mars.

339 2178 440 2264 Supp.
474 2178 601 2260 Petrus,
633 2179 721 2245 card.
752 2181 960 2260 Atrebatem,
991 2187 1082 2264 quat.
1113 2179 1173 2245 sibi
1204 2179 1247 2245 de
1276 2179 1485 2265 prepositura
1516 2180 1656 2246 ecclesie

295 2282 326 2347 S.
355 2279 494 2347 Martini
521 2282 741 2349 Wonnatien.
768 2304 841 2349 vac.
869 2284 902 2347 in
930 2283 1021 2349 curia
1044 2304 1105 2369 per
1128 2284 1267 2349 liberam
1290 2283 1549 2375 resignationem
1565 2284 1655 2349 dom.

296 2384 499 2469 Engelberti,
516 2386 614 2451 electi
631 2385 804 2468 Leodien,
820 2386 1002 2471 dignemini
1019 2386 1206 2472 providere.
1223 2385 1358 2450 ——Fiat
1376 2386 1416 2451 R.
1433 2396 1451 2451 ¹.

338 2489 417 2554 Dat.
434 2510 486 2575 ap.
504 2490 754 2556 Villamnovam
772 2512 789 2555 2
807 2510 886 2556 non.
902 2498 1000 2555 mart.
1017 2497 1050 2555 a⁰
1068 2498 1110 2575 3⁰.
1126 2492 1174 2573 (6,
1192 2492 1275 2575 70¹³).
1411 2500 1416 2506 '

347 2627 461 2709 820.
1361 2660 1454 2726 1345,
1473 2661 1492 2724 7
1509 2662 1611 2705 mars.

337 2746 439 2833 Supp.
466 2746 577 2812 Guido
601 2747 642 2812 de
671 2746 884 2827 Podiovallis,
911 2747 1119 2827 domicellus,
1136 2754 1228 2831 quat.
1258 2746 1421 2832 [Johanni
1438 2745 1480 2810 de
1496 2744 1653 2823 Parvisi0,

294 2853 372 2918 cler.
388 2851 560 2932 Leodien,
576 2873 644 2917 non
662 2853 842 2938 conjugato
857 2871 921 2916 nec
937 2851 970 2915 in
987 2850 1087 2915 sacris
1103 2850 1273 2915 ordinibus
1283 2846 1654 2934 constituto],tabellio-

294 2964 391 3019 natus
407 2953 555 3019 officium
571 2954 756 3019 concedere
772 2953 966 3038 dignemini.
983 2994 1026 3001 -
1042 2952 1120 3018 Fiat
1138 2953 1177 3018 R.

337 3058 415 3123 Dat.
432 3079 485 3143 ap.
502 3057 749 3122 Villamnovam
765 3078 844 3122 non.
860 3065 958 3122 mart.
975 3065 1008 3121 a⁰
1025 3064 1066 3140 3⁰.
1084 3059 1133 3140 (6,
1152 3057 1235 3142 71').

346 3193 453 3275 821.
1359 3222 1452 3286 1345,
1469 3222 1489 3286 9
1506 3223 1610 3266 mars.

337 3311 439 3397 Supp.
454 3310 600 3376 decanus
615 3319 650 3374 et
666 3310 850 3397 capitulum
862 3313 944 3376 eccl.
957 3309 1126 3376 Morinen.
1139 3311 1238 3395 quod,
1256 3331 1333 3375 cum
1348 3328 1453 3394 nuper
1468 3307 1559 3372 dicta
1571 3306 1603 3371 S.
1614 3304 1655 3372 V.

295 3412 437 3478 Matheo
453 3414 495 3478 de
512 3412 693 3496 Feukeriis,
710 3416 819 3500 presb.
834 3424 855 3496 ²,
879 3415 985 3498 quiin
1002 3414 1093 3480 dicta
1116 3416 1198 3480 eccl.
1224 3435 1244 3479 a
1265 3415 1369 3497 longo
1391 3420 1544 3497 tempore
1566 3409 1657 3476 horis

292 3516 418 3582 diurnis
448 3525 482 3582 et
511 3517 685 3582 nocturnis
712 3517 850 3582 servivit
879 3524 915 3582 et
945 3517 978 3582 in
1009 3517 1146 3602 agendis
1176 3517 1320 3602 negotiis
1350 3516 1451 3603 ipsius
1475 3517 1558 3580 eccl.
1594 3513 1655 3580 sibi

292 3619 478 3685 commissis
508 3619 614 3685 fidelis
645 3629 680 3685 et
709 3620 850 3704 diligens
876 3628 928 3686 est
958 3629 1119 3706 repertus,
1150 3620 1329 3704 quamdam
1360 3619 1500 3705 supplic.
1523 3618 1566 3683 de
1590 3638 1657 3683 una

292 3724 552 3810 capellaniarum
589 3723 679 3789 dicte
717 3726 809 3805 eccl,
837 3731 1074 3789 consuetarum
1104 3722 1233 3789 clericis
1262 3723 1465 3788 secularibus
1487 3721 1655 3805 assignari,

291 3835 466 3912 spectante
490 3827 533 3893 ad
557 3827 633 3893 coll.
663 3827 702 3892 R.
719 3826 756 3896 P.
772 3827 862 3893 dom.
892 3825 1060 3892 Morinen.
1091 3827 1203 3912 episc,
1220 3825 1246 3890 si
1272 3834 1307 3891 et
1334 3847 1410 3892 cum
1435 3847 1509 3890 eam
1536 3845 1656 3889 vacare

292 3931 480 4015 contigerit,
495 3930 638 4016 gratiam
664 3930 825 3995 facientes
850 3931 1031 4016 specialem
1055 3931 1236 4014 signaverit
1260 3938 1295 3995 et
1320 3931 1354 3995 in
1390 3929 1481 3996 dicta
1516 3929 1655 4015 supplic.

292 4036 438 4122 positum
464 4035 573 4116 fuerit,
603 4055 705 4100 «non
723 4036 808 4099 obst.
833 4035 924 4119 quod
939 4033 1029 4099 idern
1047 4033 1205 4100 Matheus
1220 4033 1401 4119 quamdam
1424 4034 1544 4117 capell.
1559 4051 1652 4118 perp.

292 4139 326 4203 in
353 4138 444 4204 dicta
468 4139 560 4218 eccl,
588 4138 681 4222 cujus
707 4138 855 4204 redditus
878 4138 964 4203 adeo
988 4146 1108 4203 tenues
1132 4139 1278 4203 existunt
1304 4137 1394 4223 quod
1416 4157 1480 4201 nec
1503 4135 1655 4201 sufficere

293 4252 433 4327 possunt
449 4243 491 4307 ad
506 4241 789 4307 sustentationem
800 4241 947 4306 hominis
959 4243 1064 4306 etiarn
1073 4241 1230 4327 pauperis
1239 4248 1274 4304 et
1283 4241 1325 4305 ad
1337 4240 1502 4306 decimam
1519 4247 1656 4325 propter

293 4347 362 4431 ejus
385 4347 585 4412 tenuitatem
602 4367 670 4412 non
686 4353 822 4411 taxatur
838 4367 867 4426 u,
885 4367 950 4429 que
966 4349 1068 4411 verba
1082 4346 1193 4431 posita
1209 4345 1343 4409 suerunt
1360 4344 1393 4407 in
1409 4343 1500 4407 dicta
1516 4342 1656 4428 supplic.

293 4469 352 4534 per
369 4449 540 4534 cujusdam
566 4451 664 4515 amici
689 4450 770 4515 dicti
788 4449 920 4515 Mathei
937 4449 1045 4535 ipsam
1061 4450 1201 4535 supplic.
1217 4448 1375 4515 dictantis
1405 4446 1656 4532 simplicitatem

293 4555 347 4617 vel
372 4574 518 4618 errorem
534 4577 542 4634 ;
559 4561 651 4618 etex
672 4554 720 4617 eis
744 4554 833 4619 dicte
850 4553 881 4618 S.
895 4553 934 4618 V.
950 4553 1056 4637 gratia
1071 4574 1092 4617 a
1107 4555 1255 4638 pluribus
1272 4550 1467 4635 subreptitia
1483 4556 1657 4614 censeatur

293 4659 348 4721 vel
364 4667 529 4743 suspecta,
546 4657 625 4722 licet
639 4677 756 4722 verum
772 4657 815 4721 sit
831 4657 922 4741 quod
936 4657 1027 4723 dicta
1043 4657 1161 4742 capell.
1177 4657 1220 4721 ad
1235 4656 1401 4721 decimam
1416 4674 1485 4718 non
1501 4661 1634 4718 taxetur
1647 4673 1656 4731 ;

294 4769 459 4844 quatenus
475 4760 664 4844 hujusmodi
691 4761 801 4826 verbis
823 4781 892 4826 non
917 4763 1003 4826 obst.
1019 4761 1110 4825 dicta
1126 4759 1326 4845 supplicatio
1343 4757 1374 4822 in
1391 4757 1523 4822 residuo
1538 4755 1580 4821 de
1596 4775 1656 4820 sua

328 4968 348 5013 l.
360 4965 422 5013 Voir
434 4981 459 5014 n.
473 4967 527 5015 796.
541 4991 571 5000 -
583 4967 605 5014 2.
618 4965 680 5012 Voir
691 4979 716 5013 n.
728 4967 783 5014 448.
