3650 5675
662 524 748 599 1342,
773 525 792 589 9
813 525 989 605 septembre.
1475 533 1512 599 41
1626 565 1630 576 ·

146 696 234 760 mag.
253 674 434 743 Leomardi
450 675 494 741 de
509 674 838 756 Gravelia,Senensis
854 696 938 756 can,
946 684 1039 759 quat.
1055 676 1116 743 sibi
1132 677 1176 743 de
1190 698 1263 743 een.
1280 686 1315 743 et
1324 682 1415 765 preb.
1426 682 1513 765 [vac.

147 780 203 843 vel
219 782 344 863 vacat]
361 780 394 845 in
411 781 491 847 eccl.
509 780 540 845 S.
557 779 651 847 Pauli
669 778 828 847 Leodien.
845 780 1028 863 dignemini
1045 780 1231 866 providere,
1242 802 1312 849 non
1325 785 1410 849 obst.
1422 786 1514 869 quod

148 884 239 949 idem
257 882 431 960 Johannes
447 884 480 949 in
499 884 581 951 eccl.
598 884 629 949 S.
645 882 810 961 Johannis
830 882 990 949 Leodien.
1016 884 1204 951 custodiam
1227 894 1263 951 et
1287 886 1321 951 in
1343 887 1374 953 S.
1399 890 1513 955 Amati

149 986 345 1067 Duacensis‚
369 988 566 1053 Atrebaten.
591 988 688 1069 dioc,
714 1008 787 1053 can.
803 994 838 1053 et
862 990 954 1072 preb.
971 1008 1013 1053 ac
1028 988 1235 1054 scolastriam
1259 990 1341 1056 eccl.
1364 992 1515 1059 noscitur

149 1091 312 1173 obtinere,
328 1111 471 1174 quorum
487 1091 657 1157 scolastrie
672 1098 707 1157 et
722 1090 942 1157 canonicatus
955 1098 992 1155 et
1007 1091 1178 1177 prebende
1191 1094 1334 1159 ecclesie
1350 1094 1382 1161 S.
1398 1096 1513 1163 Amati

148 1194 286 1275 fructus,
302 1194 451 1261 redditus
472 1202 507 1261 et
522 1202 705 1280 proventus
721 1194 823 1261 annui
840 1194 938 1261 unius
951 1195 1054 1261 solius
1068 1196 1239 1280 prebende
1254 1196 1357 1283 ipsius
1371 1200 1515 1266 ecclesie

150 1298 181 1363 S.
197 1298 312 1363 Amati
333 1298 499 1365 fructus...
516 1319 585 1365 non
601 1299 779 1365 excedunt.
795 1338 839 1349 -
855 1296 933 1365 Fiat
949 1298 991 1366 R.

194 1402 273 1467 Dat.
289 1423 341 1489 ap.
357 1401 604 1471 Villamnovam
622 1423 639 1487 5
658 1403 701 1468 id.
717 1411 802 1489 sept.
818 1410 851 1468 a⁰
871 1408 910 1467 1⁰.
928 1401 973 1484 (I,
994 1405 1096 1486 183').

202 1540 313 1621 199.
1128 1572 1224 1636 1342,
1241 1573 1261 1635 9
1278 1554 1468 1639 septembre.

192 1656 469 1743 Supp.·Thomas,
487 1657 572 1723 filius
588 1656 759 1742 quondam
783 1655 918 1741 Jaquini
944 1655 987 1721 de
1013 1654 1181 1735 Mostiers,
1207 1656 1285 1721 cler.
1312 1659 1511 1723 Atrebaten.

148 1761 246 1841 dioc,
264 1761 401 1827 studens
418 1760 560 1828 Parisius
576 1761 610 1825 in
623 1762 696 1845 jure
712 1781 796 1841 can,
813 1768 848 1825 et
864 1760 922 1824 diu
937 1758 1064 1824 studuit
1079 1759 1269 1825 Aurelianis
1285 1760 1317 1823 in
1331 1761 1405 1844 jure
1421 1762 1485 1827 civ.
1501 1784 1511 1841 ;

149 1866 206 1949 qui
223 1864 395 1948 Jaquinus,
411 1866 481 1950 ejus
496 1874 601 1951 pater,
618 1864 698 1929 drrm
714 1864 798 1929 vixit
814 1864 875 1928 fuit
891 1864 934 1930 de
949 1864 1061 1929 robbis
1075 1863 1204 1944 vestris,
1221 1871 1257 1929 et
1278 1871 1391 1929 vester
1405 1864 1513 1931 fidelis

149 1990 189 2034 ac
204 1968 347 2034 devotus
372 1970 514 2035 servitor
525 1992 534 2049 ;
564 1978 654 2053 quat.
683 1969 743 2034 sibi
768 1968 812 2033 de
838 1988 913 2034 can.
930 1976 965 2033 et
989 1970 1081 2053 preb.
1097 1969 1180 2033 eccl.
1196 1967 1424 2049 cameracen,
1453 1978 1512 2034 aut

150 2072 347 2151 Tomacen.,
371 2072 426 2137 vel
452 2073 658 2153 Atrebatem,
687 2092 760 2137 vac.
790 2072 844 2136 vel
868 2079 990 2151 vacat,
1016 2070 1200 2155 dignemini
1224 2072 1400 2156 providere
1419 2094 1510 2152 ;non

149 2178 236 2240 obst.
253 2176 343 2260 quod
358 2196 434 2241 can.
451 2184 485 2241 et
501 2180 591 2263 preb.
608 2176 690 2242 eccl.
707 2176 738 2241 S.
756 2176 934 2259 Gaugerici
950 2176 1167 2241 Cameracen.
1183 2176 1333 2241 noscitur
1347 2177 1512 2243 obtinere.

149 2320 191 2327 -
209 2278 427 2345 Providemus
441 2278 502 2345 sibi
519 2280 561 2346 de
577 2280 742 2347 decanatu
764 2281 795 2345 S.
812 2278 988 2365 Gaugerici
1004 2279 1060 2345 hic
1076 2284 1228 2359 vacante,
1244 2278 1286 2343 de
1310 2299 1378 2363 quo
1401 2279 1511 2365 provi-

147 2382 304 2450 deremus
321 2382 501 2450 Francisco
516 2383 774 2469 Auschapelletz
791 2395 811 2465 ¹,
836 2383 979 2448 sednon
995 2384 1069 2449 vult
1084 2391 1271 2467 acceptare,
1297 2390 1333 2447 et
1357 2383 1410 2448 cui
1434 2404 1513 2469 pos·

147 2494 205 2551 tea
229 2486 368 2551 fecimus
383 2487 524 2571 gratiam
541 2490 575 2551 in
588 2486 729 2552 ecclesia
746 2485 963 2551 Cameracen.
980 2526 1024 2535 —
1040 2484 1115 2549 Fiat
1130 2494 1226 2550 motu
1241 2487 1387 2571 proprio.
1405 2486 1445 2551 R.

192 2589 270 2654 Dat.
287 2610 339 2675 ap.
356 2589 603 2655 Villamnovam
623 2610 639 2675 5
657 2589 700 2655 id.
717 2598 801 2675 sept.
818 2598 852 2653 a⁰
872 2596 910 2653 1⁰.
927 2588 972 2673 (Ι,
993 2591 1094 2673 184‘').

201 2726 319 2809 200.
1129 2757 1225 2821 1342,
1241 2756 1261 2820 9
1277 2739 1466 2824 septembre.

192 2847 294 2932 Supp.
311 2845 478 2912 Gerardus
492 2844 535 2910 de
551 2845 712 2924 :lrbento,
729 2843 954 2909 thesaurarius
976 2841 1058 2908 eccl.
1075 2839 1113 2906 B.
1132 2838 1181 2906 M.
1191 2842 1233 2907 de
1249 2839 1409 2928 Escoyes‚
1420 2851 1511 2926 quat.

147 2951 208 3016 sibi
226 2950 267 3016 de
283 2971 356 3016 can.
374 2950 455 3016 eccl.
472 2946 631 3014 Leodien.
647 2945 831 3032 dignemini
847 2945 1023 3032 providere
1039 2953 1074 3010 et
1089 2947 1180 3032 preb.
1191 2965 1358 3010 reservare
1377 2967 1510 3012 necnon

147 3054 258 3138 dign...
275 3051 329 3118 vel
345 3052 421 3133 off.;
438 3073 507 3118 non
524 3055 608 3118 obst.
626 3051 715 3137 quod
732 3051 764 3116 in
793 3051 823 3116 S.
841 3049 935 3115 Pauli
963 3048 1159 3133 Lugdunen.
1175 3070 1247 3114 can.
1270 3057 1305 3115 et
1319 3051 1508 3136 portionem

146 3180 186 3225 ac
214 3159 246 3222 in
275 3157 313 3222 B.
335 3155 384 3222 M.
413 3156 620 3242 Escoyarum
650 3157 732 3220 eccl.
763 3176 835 3222 can.
862 3163 896 3219 et
920 3157 1011 3240 preb.
1042 3175 1082 3219 ac
1112 3154 1350 3219 thesaurariam
1377 3174 1510 3220 necnon

147 3262 300 3348 parrocb.
320 3262 400 3327 eccl.
417 3259 459 3326 de
475 3259 582 3340 Clara,
601 3259 847 3342 Rothomagen.
863 3258 961 3338 dioc,
977 3257 1125 3322 noscitur
1148 3256 1309 3323 obtinere.
1324 3299 1368 3306 —
1384 3257 1460 3324 Fiat
1476 3257 1509 3322 in

147 3364 229 3431 eccl.
246 3365 277 3430 S.
294 3364 380 3442 Justi
398 3363 594 3450 Lugdunen.
610 3363 653 3428 de
669 3383 741 3429 can.
758 3364 818 3427 sub
834 3383 908 3448 exp.
925 3364 1017 3447 preb.
1035 3359 1075 3425 R.

193 3469 271 3534 Dat.
286 3489 339 3554 ap.
356 3468 602 3537 Villamnovanr
621 3486 637 3551 5
655 3465 697 3530 id.
715 3474 798 3552 sept.
815 3475 848 3529 a⁰
868 3473 905 3530 1⁰.
923 3463 967 3546 (I,
988 3467 1090 3548 185⁸).

201 3631 309 3713 201.
1128 3660 1223 3725 1342,
1240 3661 1260 3723 9
1276 3643 1466 3728 septembre.

193 3749 306 3835 Suppl.
323 3749 355 3816 S.
371 3747 411 3814 V.
427 3747 476 3813 sui
493 3746 636 3812 humiles
652 3753 686 3810 et
703 3745 816 3811 devoti
846 3744 1033 3825 servitores,
1060 3744 1221 3827 magistri,
1243 3745 1356 3828 jurati,
1372 3743 1510 3821 scabini,

148 3863 288 3937 totaque
305 3851 504 3918 universitas
520 3851 643 3916 civium
660 3849 830 3930 Leodien,
858 3848 1074 3914 devotissima
1098 3849 1222 3934 pedum
1244 3848 1380 3912 obscula
1397 3849 1513 3911 beato-

150 3978 233 4022 rum.
260 3956 361 4022 Pater
384 3955 405 4020 S
406 3963 438 3990 ¹¹¹¹¹
441 4005 448 4036 ,
480 3975 556 4020 cum
581 3953 661 4019 olim
688 3955 766 4019 bon.
794 3973 894 4018 mem.
911 3953 968 4016 8⁰¹⁰
985 3953 1017 4017 in
1034 3951 1167 4016 Christo
1197 3949 1341 4034 patriae
1363 3949 1511 4029 domino,

149 4060 239 4126 dom.
256 4058 402 4137 Johanni
419 4079 507 4144 pape
523 4053 1211 4142 XX11,..supplicaverimusprolohame
1227 4053 1315 4134 Solu,
1333 4053 1410 4119 cler.
1427 4053 1512 4118 Leo-

148 4165 246 4246 dien,
268 4163 358 4230 fideli
378 4171 504 4242 nostru,
521 4169 614 4246 quat.
627 4161 688 4226 sibi
704 4160 880 4246 providere
896 4160 1087 4243 dignaretur
1102 4157 1144 4223 de
1160 4157 1272 4241 aliquo
1286 4159 1363 4222 ben.
1377 4177 1511 4242 compe-

149 4269 233 4334 tenti
250 4289 274 4334 s.
292 4289 331 4346 c.,
348 4275 524 4352 spectante
537 4265 580 4330 ad
596 4264 672 4331 coll.
688 4285 747 4328 seu
762 4263 1049 4349 presentationem
1065 4261 1120 4324 vel
1135 4259 1362 4346 provisionem
1379 4259 1463 4327 Rev.
1474 4261 1511 4328 P.

147 4372 237 4438 dom.
253 4371 355 4458 episc.
372 4369 571 4448 Tomacen.,
599 4369 651 4434 eui
675 4367 911 4454 supplicationi
939 4374 1053 4431 nostre
1079 4385 1139 4430 sua
1166 4364 1274 4448 gratia
1289 4363 1436 4446 favente,
1452 4386 1512 4452 per

148 4497 224 4542 suas
250 4477 379 4541 litteras
405 4473 550 4560 providit
577 4481 612 4538 et
635 4471 810 4538 mandavit
835 4469 1013 4556 provideri,
1037 4469 1220 4534 secundum
1244 4489 1378 4534 suarum
1405 4470 1512 4534 conti·

148 4581 299 4645 nentiam
312 4579 508 4657 litterarum,
525 4576 681 4642 datarum
705 4575 858 4640 kalendis
874 4573 1013 4658 augusti,
1025 4573 1242 4658 pontificatus
1252 4573 1400 4658 ejusdem
1421 4593 1512 4639 anno

147 4684 280 4750 decimo
293 4683 448 4768 septimo.
467 4681 510 4746 Et
527 4701 604 4746 curn
621 4679 748 4746 nullum
775 4677 978 4743 beneficium
1001 4697 1042 4742 ex
1064 4677 1254 4762 hujusmodi
1280 4677 1388 4759 gratia
1413 4676 1511 4742 hierit

148 4797 320 4854 assecutus
335 4807 394 4872 per
410 4785 661 4852 revocationem
688 4783 779 4850 dom.
804 4782 989 4862 Benedicti,
1013 4781 1114 4846 vestri
1139 4781 1381 4866 predecessoris
1397 4781 1513 4846 imme·

181 4971 201 5017 l.
214 4967 277 5014 l'oh·
289 4981 312 5014 n.
326 4967 347 5019 3.
364 4969 399 5014 ltl.
