3650 5675
307 502 369 565 556
776 502 859 577 1851,
882 504 902 565 4
924 502 1087 567 lenter-30
1110 521 1198 568 mars.

358 653 502 734 2146.
1346 690 1442 753 1351,
1460 671 1627 758 4fe'or1'er.

351 771 451 856 Supp.
468 770 487 848 J
491 770 642 835 ohannes
668 770 710 835 de
736 769 924 855 Saratreyo,
951 772 1058 851 miles,
1084 779 1175 855 quat.
1205 770 1346 857 [clerico
1372 793 1433 838 suo
1458 772 1606 858 Rogero]
1630 774 1673 839 de

309 872 520 955 Ronchino¹,
545 872 734 939 Tomacen.
757 872 854 955 dioc,
878 874 1009 939 decan.
1037 877 1097 939 sub
1124 896 1200 960 exp.
1226 879 1317 960 preb.
1341 876 1517 961 collegiate
1533 880 1674 943 ecclesie

309 978 340 1042 S.
354 977 444 1042 Petri
458 976 649 1058 Insulensis,
663 998 740 1042 curn
752 978 861 1062 primo
871 979 1036 1044 beneficio
1052 987 1170 1043 curato
1178 979 1233 1042 vel
1249 998 1318 1044 non
1335 986 1461 1060 curato,
1473 981 1674 1045 vacantibus

308 1082 362 1145 vel
378 1082 557 1161 vacaturis,
565 1081 795 1167 spectantibus
806 1083 1029 1147 communiter
1044 1083 1098 1146 vel
1115 1082 1248 1148 divisim
1263 1083 1306 1148 ad
1321 1084 1538 1148 collationem
1553 1105 1673 1169 prepo-

307 1185 371 1265 siti,
388 1184 518 1265 decani,
536 1185 675 1270 capituli
686 1184 958 1269 singulorumque
974 1186 1215 1251 canonicorum
1230 1186 1371 1251 ecclesie
1386 1186 1547 1272 predicte,
1559 1188 1674 1270 digne-

306 1288 389 1352 mini
415 1290 602 1374 providere,
630 1310 706 1355 cum
732 1290 979 1376 acceptatione,
1004 1291 1216 1372 inhibitione,
1233 1298 1310 1370 etc,
1333 1299 1371 1355 ut
1394 1291 1427 1355 in
1444 1291 1577 1368 forma3
1602 1314 1673 1357 non

307 1394 393 1457 obst.
410 1392 500 1475 quod
516 1393 605 1458 idem
623 1392 773 1478 Rogerus
788 1394 990 1460 beneficium
1006 1415 1035 1460 c.
1052 1416 1081 1460 c.
1098 1397 1152 1459 vel
1168 1416 1193 1460 s
1207 1416 1236 1461 c.
1252 1394 1297 1459 ad
1312 1395 1528 1460 collationem
1544 1397 1676 1461 abbatis

308 1503 342 1560 et
367 1504 557 1561 conventus
583 1498 777 1562 monasterii
805 1498 836 1562 S.
865 1496 994 1563 Bertini
1021 1498 1063 1563 de
1090 1499 1122 1563 S.
1147 1498 1353 1580 Andomam,
1381 1497 1550 1564 Morinen.
1575 1499 1675 1576 dioc,

308 1606 467 1662 noscatur
483 1608 673 1684 expectare.
689 1642 732 1651 -
749 1600 825 1667 Fiat
841 1601 883 1666 de
899 1601 999 1667 dictis
1014 1623 1087 1667 can.
1105 1611 1139 1667 et
1154 1604 1247 1688 preb.
1264 1600 1305 1667 R.

352 1702 431 1767 Dat.
446 1704 547 1768 Avln.
565 1726 582 1768 2
599 1725 679 1771 non.
697 1706 776 1771 febr.
793 1714 825 1771 a⁰
843 1713 885 1786 9⁰.
903 1707 980 1790 (20,
997 1708 1067 1791 48).

359 1858 505 1939 2147.
905 1878 908 1885 ’
1327 1876 1630 1963 1551,11fc'vrier.

352 1976 407 2039 S¹¹¹e
423 1973 533 2040 Pater.
551 1975 621 2061 [Ad
636 1976 918 2061 supplicationem
933 1978 1082 2063 episcopi
1095 1977 1315 2043 'Vasionensis
1326 1977 1354 2063 ²]
1372 1978 1548 2063 providere
1559 1979 1677 2064 digne·

308 2078 390 2143 mini
406 2080 613 2163 procuratori
640 2100 700 2145 suo
716 2079 958 2146 Bartlrolomeo
983 2078 1129 2146 Mailleti
1138 2093 1160 2161 ³,
1188 2082 1311 2147 clerico
1334 2081 1421 2147 dioc.
1446 2080 1616 2164 Leodien.,
1632 2082 1677 2147 de

310 2202 383 2247 can.
400 2189 435 2247 et
450 2185 543 2268 preb.
561 2182 751 2265 vasionen,
766 2206 836 2249 non
853 2188 940 2251 obst.
967 2185 1058 2269 quod
1074 2185 1107 2280 in
1125 2185 1217 2252 dicto
1240 2185 1503 2279 Leodiendioc.
1519 2188 1624 2252 altare
1641 2197 1679 2252 et

311 2286 473 2371 capellan.
490 2287 640 2351 noscitur
656 2288 817 2353 obtinere.
833 2328 875 2338 -
893 2288 971 2355 Fiat
990 2288 1030 2355 R.

354 2389 433 2455 Dat.
449 2390 551 2453 Avin.
569 2411 586 2473 3
605 2391 648 2456 id.
664 2391 745 2457 febr.
761 2398 794 2456 a⁰
812 2399 853 2472 9⁰.
870 2394 949 2477 (20,
969 2394 1038 2477 47).

362 2546 508 2627 2148.
1326 2586 1422 2648 1331,
1441 2583 1481 2647 17
1487 2568 1632 2652 frtrrier.

355 2665 469 2750 Suppl.
496 2664 678 2746 Jolrannes,
705 2686 763 2730 rex
790 2666 1009 2749 Francorum,
1034 2678 1125 2753 quat.
1149 2670 1326 2756 Amulplro
1349 2669 1391 2735 de
1408 2666 1642 2755 Magnoponte
1655 2684 1678 2750 ⁴,

314 2768 490 2855 capellano
524 2790 593 2850 sno,
625 2769 758 2834 decan.
783 2779 818 2835 et
833 2772 926 2856 preb.
954 2774 1095 2838 ecclesie
1111 2773 1143 2840 S.
1160 2772 1335 2858 Gangerici
1361 2772 1578 2839 Cameracen.
1603 2794 1679 2840 vac.

312 2893 371 2958 per
386 2875 440 2938 ob.
458 2871 598 2937 Walteri
623 2872 666 2937 de
693 2872 894 2958 Crepicorde
922 2883 1016 2940 extra
1045 2875 1143 2941 Rom.
1171 2877 1296 2942 curiam
1322 2878 1470 2943 defuncti
1493 2877 1678 2963 dignemini

313 2975 500 3060 providere.
517 3017 560 3025 —-
577 2975 654 3040 Fiat
678 2975 718 3041 R.

358 3079 437 3144 Dat.
461 3079 560 3144 Avin.
588 3099 624 3162 13
641 3078 708 3144 kal.
725 3081 836 3146 martii
853 3089 886 3147 a⁰
910 3090 952 3162 9⁰.
970 3083 1045 3166 (20,
1062 3086 1145 3167 48').

367 3235 511 3317 2149.
1330 3271 1426 3335 1351,
1443 3275 1483 3316 22
1492 3253 1634 3339 febrier.

359 3354 461 3439 Supp.
477 3352 709 3438 G(uillelmus)
726 3353 869 3420 Duranti
882 3371 903 3435 ⁵,
921 3363 1012 3438 quat.
1041 3355 1146 3441 [mag.
1167 3353 1315 3431 Johanni
1336 3355 1454 3437 Rubei,
1477 3357 1628 3442 scriptori
1647 3358 1680 3422 S.

316 3457 367 3539 V.,
383 3458 425 3524 de
441 3459 577 3544 paroch.
603 3460 686 3524 eccl.
710 3458 741 3524 S.
759 3459 901 3524 Dionisii
925 3459 959 3523 in
983 3460 1015 3524 S.
1038 3459 1241 3541 Audomaro,
1268 3459 1436 3526 Moriuen.
1461 3459 1559 3540 dioc,
1584 3461 1681 3544 cujus

314 3562 479 3629 fructus...
500 3568 540 3628 60
556 3564 612 3629 lib.
629 3563 753 3629 Turon.
764 3565 861 3648 [non]
873 3564 1035 3630 excedere
1050 3563 1279 3645 dinoscuntur,
1290 3585 1366 3631 vac.
1382 3586 1441 3650 per
1457 3564 1531 3642 ob.J
1534 3565 1682 3630 ohannis

312 3667 460 3748 Anstais,
478 3667 659 3751 dignemini
672 3667 858 3753 providere.
875 3701 917 3714 -
935 3667 1011 3732 Fiat
1027 3667 1067 3731 R.

356 3771 435 3836 Dat.
451 3771 550 3836 Avin.
567 3773 585 3834 8
601 3770 670 3836 kal.
685 3779 782 3836 mart.
795 3779 829 3835 a⁰
847 3777 889 3851 9⁰.
906 3773 983 3855 (20,
1002 3772 1057 3854 51)

367 3925 510 4008 2150.
754 3968 771 3998 ·
1357 3959 1453 4023 1351,
1465 3961 1511 4023 3ο
1527 3962 1632 4005 mm.

358 4045 447 4128 Sign.
475 4042 664 4108 Bernardus
679 4043 721 4108 de
739 4043 876 4128 Eyglrer
891 4043 904 4080 ⁶
920 4043 1011 4127 quod
1037 4045 1121 4109 alias
1145 4043 1289 4109 vacabat
1313 4065 1388 4109 can.
1415 4053 1450 4108 et
1476 4047 1567 4130 preb.
1593 4049 1680 4138 eccl.

314 4148 345 4214 S.
365 4147 503 4212 Martini
521 4145 712 4228 Ruccensis,
730 4145 888 4212 Leodien.
905 4146 1002 4228 dioc,
1023 4156 1100 4232 post
1121 4155 1265 4213 mortem
1289 4147 1481 4231 Engelberti
1509 4147 1551 4213 de
1577 4147 1679 4230 Risu,

313 4253 369 4336 qui
386 4260 480 4316 extra
496 4250 595 4316 Rom.
606 4250 730 4317 curiam
746 4250 836 4316 diem
847 4249 964 4315 clausit
974 4259 1172 4331 extremum,
1188 4251 1231 4316 de
1247 4251 1365 4334 quibus
1380 4251 1490 4316 eidem
1501 4250 1680 4318 Bemardo

308 4354 374 4419 fuit
391 4355 560 4440 provisum
576 4375 636 4439 per
648 4353 731 4419 Rev.
742 4354 775 4418 in
783 4353 917 4420 Christo
928 4355 1064 4420 Patrem
1076 4354 1297 4420 Leodiensem
1313 4355 1518 4441 episcopum,
1531 4376 1677 4439 quorum

313 4457 531 4523 canonicatus
557 4465 592 4520 et
615 4456 792 4542 prebende.
810 4456 920 4522 dictus
946 4456 1135 4523 Bernardus
1158 4459 1403 4544 possessionem
1426 4459 1605 4544 pacificam
1620 4472 1678 4527 est

313 4569 493 4626 assecutus.
511 4561 622 4643 Quare
638 4581 732 4646 supp.
750 4568 842 4644 quat.
862 4559 937 4646 [de]
968 4560 1067 4626 dictis
1083 4582 1156 4627 can.
1173 4570 1208 4627 et
1233 4565 1326 4648 preb.
1342 4562 1474 4627 etiamsi
1496 4567 1680 4630 reservatis

317 4711 562 4726 ---,--

347 4803 367 4848 l.
380 4799 442 4847 'l’oir
453 4815 478 4847 n.
497 4801 568 4846 2119.
580 4825 612 4832 -
631 4801 652 4846 2.
673 4799 756 4846 Picrre
775 4799 807 4846 dc
829 4799 949 4858 Berrctte,
969 4803 1059 4850 ancien
1077 4801 1173 4862 dvi-que
1188 4802 1221 4850 dc
1241 4804 1339 4860 Grasse,
1360 4803 1393 4850 de
1409 4801 1502 4850 l'ordre
1512 4802 1558 4850 des
1569 4802 1679 4852 Cannas

312 4873 413 4933 (Eubcl,
427 4871 447 4931 I,
461 4874 527 4932 517).
540 4900 570 4908 -
583 4871 606 4920 3,
619 4870 681 4917 Voir·
698 4887 722 4918 n.
736 4873 805 4919 11611,
818 4900 850 4908 -
862 4875 884 4920 l.
897 4873 960 4921 l’oir
970 4889 996 4923 n.
1011 4878 1082 4923 2125.
1093 4904 1126 4911 —
1136 4879 1159 4923 5.
1171 4877 1234 4924 Voir
1250 4891 1275 4926 n.
1290 4877 1352 4924 1368
1368 4877 1417 4930 ;de
1429 4876 1525 4935 Theux,
1543 4875 1578 4932 ll,
1597 4878 1638 4924 89.
1652 4877 1678 4925 ll

311 4951 351 4993 cst
363 4945 413 4993 citc'·
426 4957 525 4992 commo
537 4947 619 4992 costrc
632 4943 654 4990 lc
668 4945 702 4990 'ltl
718 4943 775 5004 juin
796 4945 857 4992 1352
875 4946 989 5006 ((urrul.
1001 4946 1033 4993 de
1045 4947 1070 4995 S.
1083 4947 1499 5010 mirroarr,1v,·1at).-avoir
1516 4963 1540 4998 n.
1558 4951 1632 4997 101111.
