3650 5675
285 362 366 538 mi
697 480 784 554 1344,
808 478 847 544 26
870 482 1059 547 novembro-2
1082 482 1244 582 dbeembre.

284 626 445 693 Leodien.
462 627 558 710 dioc„
575 637 665 713 quat.
682 630 743 695 sibi
760 631 802 697 de
817 650 910 717 perp.
927 636 1054 719 capell.
1074 634 1106 701 S.
1131 634 1269 702 Martini
1294 638 1336 703 de
1353 638 1495 725 Wasege
1512 651 1530 721 ¹,
1557 642 1646 707 dicte

283 730 381 811 dioc„
397 752 470 797 vac.
494 732 528 795 -in
556 748 623 798 cur.
649 734 747 800 Rom.
772 756 831 821 per
854 736 910 801 lib.
933 737 1053 822 resign.
1069 737 1235 816 Johannis
1250 742 1293 809 de
1308 741 1426 808 Coroit
1442 744 1476 809 in
1492 746 1647 811 manibus

283 835 548 900 vicecancellarii
565 837 700 919 factam,
716 837 898 923 dignemini
914 842 1101 926 providere.
1119 884 1158 893 -
1176 843 1252 910 Fiat
1268 844 1308 910 R.

328 938 407 1003 Dat.
422 939 522 1005 Avin.
544 962 581 1017 ro
597 940 665 1007 kal.
681 942 753 1008 dec.
771 950 805 1007 a⁰
822 952 864 1027 3⁰.
878 946 926 1029 (7,
942 945 1009 1030 66).

334 1073 448 1157 764.
1244 1118 1339 1183 1344,
1357 1100 1399 1164 ab
1416 1104 1599 1168 novembre.

327 1192 518 1276 Dignemini
535 1193 711 1278 providere
730 1194 888 1263 Maurino
904 1198 1117 1282 Chaussardi,
1129 1204 1204 1268 bac.
1221 1203 1253 1267 in
1270 1205 1344 1289 leg,
1356 1205 1398 1270 de
1414 1215 1595 1291 personatu
1603 1208 1645 1273 de

285 1293 389 1375 Mere,
403 1295 621 1363 Cameracen.
638 1298 736 1380 dioc,
748 1308 782 1365 et
798 1300 840 1366 de
857 1322 930 1367 can.
946 1310 981 1367 et
993 1306 1085 1388 preb.
1096 1304 1128 1369 S.
1139 1304 1316 1391 Gaugerici
1329 1307 1559 1390 Cameracen.;
1575 1332 1643 1377 non

282 1402 368 1464 obst.
378 1400 468 1483 quod
481 1421 554 1465 can.
570 1400 604 1465 in
620 1404 702 1468 eccl.
721 1402 947 1471 Conseranen.
964 1408 1096 1472 obtinet
1112 1416 1147 1473 et
1162 1412 1253 1495 preb.
1270 1420 1438 1497 expectat.
1453 1452 1497 1463 -
1514 1412 1591 1480 Fiat
1603 1414 1643 1480 R.

326 1503 404 1568 Dat.
417 1504 517 1572 Avin.
536 1509 553 1568 6
569 1503 635 1571 kal.
652 1506 724 1572 dec.
741 1514 774 1573 a⁰
788 1515 829 1592 3⁰.
848 1510 896 1593 (7,
914 1510 983 1595 74).

333 1640 447 1723 765.
1251 1681 1345 1747 1344,
1363 1684 1404 1748 29
1418 1666 1601 1731 novembre.

327 1756 427 1823 Motu
454 1760 588 1845 proprio
603 1761 818 1845 providemus
833 1762 1005 1847 Audoyno
1020 1764 1160 1845 alberti,
1177 1766 1349 1851 preposito
1365 1768 1447 1832 eccl.
1462 1768 1611 1833 Ariensis
1622 1776 1643 1847 ²,

283 1861 370 1928 dioc.
388 1860 566 1943 Morinen.,
583 1862 625 1927 de
636 1874 715 1930 can.
733 1872 767 1929 et
783 1868 875 1950 preb.
892 1867 974 1931 eccl.
992 1866 1023 1931 S.
1039 1867 1164 1948 Aredii,
1181 1866 1398 1933 Lemovicen.
1415 1869 1551 1935 dioc.-
1568 1870 1644 1936 Fiat

284 1973 378 2029 motu
396 1966 530 2051 proprio
543 1966 584 2031 R.

328 2068 408 2133 Dat.
424 2070 525 2133 Avin.
543 2090 560 2153 3
577 2069 643 2135 kal.
659 2069 732 2135 dec.
750 2078 783 2135 a⁰
800 2078 841 2154 3⁰.
860 2072 907 2155 (7,
922 2072 1006 2156 810).

335 2204 449 2287 766.
1247 2243 1342 2307 1344,
1356 2244 1401 2307 3ο
1417 2227 1600 2291 novembre.

327 2322 428 2409 Supp.
445 2322 540 2387 miles
556 2330 667 2387 vester
683 2323 807 2388 Osilius
823 2322 949 2403 Garini,
966 2325 1056 2391 dom.
1072 2325 1115 2390 de
1129 2324 1297 2406 Tomello,
1315 2335 1406 2410 quat.
1426 2326 1568 2413 [sororio
1584 2349 1644 2393 suo

284 2425 385 2491 Petro
401 2425 443 2491 de
460 2425 626 2506 Comone,
648 2447 721 2491 can.
739 2426 967 2509 Cameracen.,
991 2428 1082 2513 quod
1097 2428 1222 2494 fructus
1245 2430 1278 2493 in
1302 2432 1454 2497 absentia
1474 2432 1644 2517 percipere

283 2530 404 2617 possit]
424 2531 608 2596 concedere
625 2530 819 2615 dignemini.
835 2571 877 2581 —
895 2531 971 2597 Fiat
987 2533 1031 2598 ad
1045 2532 1237 2598 triennium.
1254 2532 1295 2597 R.

328 2634 408 2699 Dat.
424 2634 525 2699 Avin.
544 2656 560 2699 2
577 2633 644 2700 kal.
660 2634 733 2701 dec.
751 2642 783 2700 a⁰
797 2643 836 2719 3⁰.
853 2638 899 2719 (7,
914 2640 980 2721 74).

334 2770 445 2856 767.
633 2808 638 2821 ·
1246 2807 1341 2872 1344,
1355 2808 1400 2872 3ο
1416 2790 1597 2854 novembre.

326 2890 427 2976 Supp.
444 2890 599 2974 G(uido),
615 2890 667 2955 tit.
685 2889 715 2954 S.
734 2888 859 2954 Cecilie
882 2891 991 2973 presb.
1015 2888 1114 2970 card„
1128 2898 1219 2973 quat.
1237 2890 1340 2957 famil.
1357 2913 1416 2956 suo
1433 2890 1583 2957 Martino
1598 2891 1640 2956 de

283 2994 313 3058 S.
341 2993 560 3071 Petroveteri‚
588 2993 753 3079 capellam
777 2992 847 3056 sive
866 2991 985 3076 capell.
1001 2991 1043 3056 de
1067 2990 1166 3076 Lyra,
1186 2992 1401 3059 Cameracen.
1425 2994 1522 3073 dioc,
1539 3015 1639 3077 quam

282 3117 388 3181 nuper
412 3099 552 3161 tenebat
576 3096 685 3160 dictus
706 3095 804 3176 card,
820 3115 893 3159 vac.
917 3094 953 3158 in
976 3114 1043 3160 cur.
1060 3114 1120 3179 per
1141 3096 1281 3161 liberam
1304 3097 1558 3181 resignationem
1574 3096 1640 3162 fac-

281 3207 353 3264 tam
377 3199 409 3262 in
425 3199 578 3264 manibus
598 3198 629 3263 S.
643 3196 682 3263 V.
709 3218 769 3283 per
794 3196 923 3262 dictum
951 3196 1040 3262 card.
1065 3197 1108 3263 de
1130 3199 1258 3281 eadem,
1283 3199 1463 3285 dignemini
1491 3199 1641 3265 confene

282 3323 358 3368 cum
374 3302 440 3367 suis
452 3302 578 3387 juribus
594 3301 758 3366 universis
772 3324 781 3381 3
798 3321 866 3365 non
883 3302 969 3366 obst.
986 3301 1078 3384 quod
1101 3300 1191 3366 idem
1208 3300 1376 3369 Martinus
1391 3303 1642 3390 archipresbite-

281 3413 392 3470 ratum
408 3407 510 3486 Anse‚
528 3425 658 3471 accan.
676 3404 707 3468 S.
724 3403 812 3482 Justi
829 3402 1028 3488 Lugdunen.
1052 3406 1112 3469 sub
1128 3426 1203 3490 exp.
1220 3408 1394 3491 portionis,
1418 3418 1452 3472 et
1475 3408 1642 3474 decimam

280 3508 323 3573 de
347 3510 516 3594 Salvagiis,
541 3516 629 3573 auct.
653 3517 764 3573 vestra
788 3506 849 3572 sibi
876 3507 1124 3588 confirmatam,
1149 3508 1345 3592 Lugdunen.
1367 3512 1464 3593 dioc,
1495 3512 1644 3577 noscitur

281 3614 443 3679 obtinere.
460 3654 503 3663 —
520 3611 597 3677 Fiat
614 3611 654 3677 R.

325 3717 404 3782 Dat.
420 3718 519 3782 Avin.
537 3737 553 3780 2
570 3716 636 3781 kal.
653 3715 725 3781 dec.
744 3723 777 3780 a⁰
794 3723 836 3799 3⁰.
854 3716 900 3799 (7,
920 3716 1002 3800 76').

333 3854 445 3938 768.
1272 3886 1367 3951 1344,
1384 3890 1403 3932 2
1420 3870 1599 3933 decembre.

323 3972 412 4057 Sign.
428 3971 634 4054 Amelungus
649 3970 691 4035 de
707 3969 898 4051 Tervische,
927 3970 1015 4050 cler„
1031 3969 1135 4034 famil.
1161 3970 1285 4052 adolfi,
1301 3971 1403 4057 episc.
1421 3969 1591 4051 Leodien.,
1607 3977 1643 4034 et

281 4075 465 4140 Katherine
490 4075 532 4141 de
558 4073 682 4140 Marka
698 4083 718 4155 ³,
744 4073 911 4139 abbatisse
930 4074 1087 4139 secularis
1113 4075 1195 4140 eccl.
1222 4075 1444 4156 Assindensis‚
1468 4074 1642 4141 Colonien.

280 4178 376 4261 dioc,
394 4178 438 4244 ad
451 4179 642 4244 Romanam
658 4179 740 4242 eccl.
756 4178 849 4242 nullo
865 4177 979 4243 medio
994 4178 1202 4263 pertinentis,
1219 4178 1310 4263 quod
1325 4179 1472 4260 collatio,
1485 4177 1641 4264 provisio,

280 4280 486 4368 presentatio
512 4303 571 4347 seu
606 4282 672 4348 alia
699 4282 815 4367 quevis
839 4281 1014 4366 dispositio
1041 4281 1302 4348 canonicatuum
1333 4291 1368 4348 et
1398 4283 1641 4369 prebendarum

281 4387 382 4472 ipsius
408 4389 491 4452 eccl.
516 4386 737 4466 Assindensis,
764 4405 897 4451 necnon
925 4386 1133 4470 quorundam
1158 4387 1398 4452 beneficiorum
1423 4388 1541 4453 eccles.
1557 4406 1586 4451 c.
1602 4406 1642 4466 c.,

281 4512 345 4574 que
361 4491 532 4556 canonicis
547 4497 560 4524 0
575 4491 666 4556 dicte
682 4489 823 4555 ecclesie
849 4488 1061 4554 Assindensis
1087 4489 1266 4555 dumtaxat
1292 4497 1454 4556 consueta
1470 4497 1548 4555 sunt
1563 4510 1643 4555 con·

312 4679 340 4736 a)
357 4677 413 4726 (bd.
426 4679 598 4726 canonicatus.

316 4839 335 4884 l.
347 4835 388 4885 uf.
402 4835 501 4894 Kirnch,
516 4834 590 4894 Koll.¹
605 4835 720 4883 alb-277.
732 4861 764 4869 —
776 4837 799 4882 2.
812 4835 873 4883 l'oir
884 4850 909 4883 n.
923 4837 978 4884 633.
990 4863 1022 4870 »-
1039 4837 1062 4884 3.
1075 4837 1140 4885 Fille
1158 4836 1302 4898 d'Adolphe
1316 4837 1342 4884 ΙΙ
1355 4837 1387 4885 de
1399 4837 1425 4884 la
1436 4835 1527 4884 Marck
1537 4841 1563 4885 et
1575 4849 1645 4883 soeur

281 4909 312 4957 de
324 4907 438 4968 l'bveque
452 4907 591 4968 Engelbert
603 4907 635 4958 de
648 4906 731 4969 Libge,
743 4909 848 4986 abbesse
859 4909 965 4958 d'Essen
983 4910 1028 4971 (de
1041 4911 1166 4969 Chestret‚
1178 4925 1203 4973 p.
1215 4911 1269 4971 28).
