<?xml version="1.0" encoding="UTF-8"?>
<!DOCTYPE html PUBLIC "-//W3C//DTD XHTML 1.0 Transitional//EN"
    "http://www.w3.org/TR/xhtml1/DTD/xhtml1-transitional.dtd">
<html xmlns="http://www.w3.org/1999/xhtml" xml:lang="en" lang="en">
 <head>
  <title>
</title>
<meta http-equiv="Content-Type" content="text/html;charset=utf-8" />
  <meta name='ocr-system' content='tesseract 3.04.00' />
  <meta name='ocr-capabilities' content='ocr_page ocr_carea ocr_par ocr_line ocrx_word'/>
</head>
<body>
  <div class='ocr_page' id='page_1' title='image "./suppliquesdeclm00berlgoog_0227.png"; bbox 0 0 3650 5675; ppageno 0'>
   <div class='ocr_carea' id='block_1_1' title="bbox 266 467 1102 540">
    <p class='ocr_par' dir='ltr' id='par_1_1' title="bbox 266 467 1102 540">
     <span class='ocr_line' id='line_1_1' title="bbox 266 467 1102 540; baseline -0.005 -5"><span class='ocrx_word' id='word_1_1' title='bbox 266 471 322 535; x_wconf 86' lang='lat'>182</span> <span class='ocrx_word' id='word_1_2' title='bbox 783 467 870 540; x_wconf 74' lang='lat'>1344,</span> <span class='ocrx_word' id='word_1_3' title='bbox 893 470 913 529; x_wconf 84' lang='lat'>4</span> <span class='ocrx_word' id='word_1_4' title='bbox 936 467 1102 531; x_wconf 80' lang='lat' dir='ltr'>novembre.</span> 
     </span>
    </p>
   </div>
   <div class='ocr_carea' id='block_1_2' title="bbox 268 618 1680 4030">
    <p class='ocr_par' dir='ltr' id='par_1_2' title="bbox 268 618 1680 4030">
     <span class='ocr_line' id='line_1_2' title="bbox 268 618 1629 706; baseline -0.001 -19"><span class='ocrx_word' id='word_1_5' title='bbox 268 630 301 687; x_wconf 92' lang='lat' dir='ltr'>et</span> <span class='ocrx_word' id='word_1_6' title='bbox 317 621 464 706; x_wconf 84' lang='lat' dir='ltr'>quelibet</span> <span class='ocrx_word' id='word_1_7' title='bbox 479 620 624 705; x_wconf 87' lang='lat' dir='ltr'>ipsarum</span> <span class='ocrx_word' id='word_1_8' title='bbox 641 620 787 705; x_wconf 90' lang='lat' dir='ltr'>partium</span> <span class='ocrx_word' id='word_1_9' title='bbox 804 634 902 704; x_wconf 88' lang='lat' dir='ltr'>super</span> <span class='ocrx_word' id='word_1_10' title='bbox 918 618 1009 684; x_wconf 93' lang='lat' dir='ltr'>facto</span> <span class='ocrx_word' id='word_1_11' title='bbox 1020 626 1055 683; x_wconf 93' lang='lat' dir='ltr'>et</span> <span class='ocrx_word' id='word_1_12' title='bbox 1070 626 1219 685; x_wconf 89' lang='lat' dir='ltr'>tractatu</span> <span class='ocrx_word' id='word_1_13' title='bbox 1235 618 1414 685; x_wconf 87' lang='lat' dir='ltr'>concordie</span> <span class='ocrx_word' id='word_1_14' title='bbox 1430 619 1517 684; x_wconf 88' lang='lat' dir='ltr'>inter</span> <span class='ocrx_word' id='word_1_15' title='bbox 1541 620 1629 705; x_wconf 84' lang='lat' dir='ltr'>ipsas</span> 
     </span>
     <span class='ocr_line' id='line_1_3' title="bbox 268 721 1629 811; baseline -0.002 -19"><span class='ocrx_word' id='word_1_16' title='bbox 268 725 488 811; x_wconf 83' lang='lat' dir='ltr'>supplicasset</span> <span class='ocrx_word' id='word_1_17' title='bbox 511 722 660 809; x_wconf 91' lang='lat' dir='ltr'>pluribus</span> <span class='ocrx_word' id='word_1_18' title='bbox 685 723 727 789; x_wconf 89' lang='lat' dir='ltr'>de</span> <span class='ocrx_word' id='word_1_19' title='bbox 746 721 1030 787; x_wconf 85' lang='lat' dir='ltr'>reverendissimis</span> <span class='ocrx_word' id='word_1_20' title='bbox 1054 724 1204 808; x_wconf 87' lang='lat' dir='ltr'>patribus</span> <span class='ocrx_word' id='word_1_21' title='bbox 1218 730 1231 758; x_wconf 79' lang='lat'>⁸</span> <span class='ocrx_word' id='word_1_22' title='bbox 1246 722 1392 789; x_wconf 87' lang='lat' dir='ltr'>dominis</span> <span class='ocrx_word' id='word_1_23' title='bbox 1407 723 1629 789; x_wconf 86' lang='lat' dir='ltr'>cardinalibus</span> 
     </span>
     <span class='ocr_line' id='line_1_4' title="bbox 268 825 1629 914; baseline -0.001 -19"><span class='ocrx_word' id='word_1_24' title='bbox 268 829 310 895; x_wconf 92' lang='lat' dir='ltr'>de</span> <span class='ocrx_word' id='word_1_25' title='bbox 326 849 409 914; x_wconf 88' lang='lat' dir='ltr'>pace</span> <span class='ocrx_word' id='word_1_26' title='bbox 424 835 459 892; x_wconf 93' lang='lat' dir='ltr'>et</span> <span class='ocrx_word' id='word_1_27' title='bbox 474 826 654 892; x_wconf 89' lang='lat' dir='ltr'>concordia</span> <span class='ocrx_word' id='word_1_28' title='bbox 671 825 882 912; x_wconf 90' lang='lat' dir='ltr'>apponenda,</span> <span class='ocrx_word' id='word_1_29' title='bbox 899 833 935 890; x_wconf 92' lang='lat' dir='ltr'>et</span> <span class='ocrx_word' id='word_1_30' title='bbox 950 828 1010 891; x_wconf 92' lang='lat' dir='ltr'>sub</span> <span class='ocrx_word' id='word_1_31' title='bbox 1032 826 1088 892; x_wconf 92' lang='lat' dir='ltr'>illa</span> <span class='ocrx_word' id='word_1_32' title='bbox 1104 848 1163 913; x_wconf 90' lang='lat' dir='ltr'>spe</span> <span class='ocrx_word' id='word_1_33' title='bbox 1177 827 1267 893; x_wconf 91' lang='lat' dir='ltr'>idem</span> <span class='ocrx_word' id='word_1_34' title='bbox 1283 828 1469 913; x_wconf 89' lang='lat' dir='ltr'>episcopus,</span> <span class='ocrx_word' id='word_1_35' title='bbox 1486 827 1629 893; x_wconf 87' lang='lat' dir='ltr'>vicarius</span> 
     </span>
     <span class='ocr_line' id='line_1_5' title="bbox 268 930 1628 1018; baseline -0.001 -19"><span class='ocrx_word' id='word_1_36' title='bbox 268 942 302 999; x_wconf 89' lang='lat' dir='ltr'>et</span> <span class='ocrx_word' id='word_1_37' title='bbox 317 944 433 1017; x_wconf 87' lang='lat' dir='ltr'>gentes</span> <span class='ocrx_word' id='word_1_38' title='bbox 450 932 551 1018; x_wconf 89' lang='lat' dir='ltr'>ipsius</span> <span class='ocrx_word' id='word_1_39' title='bbox 567 932 811 1009; x_wconf 90' lang='lat' dir='ltr'>consisterent;</span> <span class='ocrx_word' id='word_1_40' title='bbox 829 930 1069 996; x_wconf 90' lang='lat' dir='ltr'>nichilominus</span> <span class='ocrx_word' id='word_1_41' title='bbox 1079 930 1099 1009; x_wconf 93' lang='lat' dir='ltr'>J</span> <span class='ocrx_word' id='word_1_42' title='bbox 1102 932 1255 997; x_wconf 90' lang='lat' dir='ltr'>ohannes</span> <span class='ocrx_word' id='word_1_43' title='bbox 1267 933 1310 998; x_wconf 91' lang='lat' dir='ltr'>de</span> <span class='ocrx_word' id='word_1_44' title='bbox 1321 932 1419 1017; x_wconf 84' lang='lat' dir='ltr'>Roya</span> <span class='ocrx_word' id='word_1_45' title='bbox 1430 932 1628 1017; x_wconf 82' lang='lat' dir='ltr'>prepositus,</span> 
     </span>
     <span class='ocr_line' id='line_1_6' title="bbox 269 1033 1680 1123; baseline -0.002 -21"><span class='ocrx_word' id='word_1_46' title='bbox 269 1037 466 1102; x_wconf 89' lang='lat' dir='ltr'>Guillelmus</span> <span class='ocrx_word' id='word_1_47' title='bbox 491 1036 533 1101; x_wconf 89' lang='lat' dir='ltr'>de</span> <span class='ocrx_word' id='word_1_48' title='bbox 555 1034 716 1100; x_wconf 89' lang='lat' dir='ltr'>Crekiaco</span> <span class='ocrx_word' id='word_1_49' title='bbox 732 1035 815 1113; x_wconf 74' lang='lat' dir='ltr'>dec,</span> <span class='ocrx_word' id='word_1_50' title='bbox 831 1033 1046 1099; x_wconf 91' lang='lat' dir='ltr'>Theobaldus</span> <span class='ocrx_word' id='word_1_51' title='bbox 1061 1035 1104 1101; x_wconf 90' lang='lat' dir='ltr'>de</span> <span class='ocrx_word' id='word_1_52' title='bbox 1121 1034 1244 1101; x_wconf 90' lang='lat' dir='ltr'>Meldis</span> <span class='ocrx_word' id='word_1_53' title='bbox 1270 1057 1356 1116; x_wconf 74' lang='lat' dir='ltr'>can,</span> <span class='ocrx_word' id='word_1_54' title='bbox 1373 1046 1381 1071; x_wconf 92' lang='lat'><em>¹</em></span> <span class='ocrx_word' id='word_1_55' title='bbox 1397 1045 1432 1101; x_wconf 89' lang='lat' dir='ltr'>et</span> <span class='ocrx_word' id='word_1_56' title='bbox 1447 1036 1557 1120; x_wconf 90' lang='lat' dir='ltr'>plures</span> <span class='ocrx_word' id='word_1_57' title='bbox 1572 1036 1629 1100; x_wconf 90' lang='lat' dir='ltr'>alii</span> <span class='ocrx_word' id='word_1_58' title='bbox 1667 1108 1680 1123; x_wconf 51' lang='lat'>,</span> 
     </span>
     <span class='ocr_line' id='line_1_7' title="bbox 269 1138 1630 1224; baseline -0.002 -17"><span class='ocrx_word' id='word_1_59' title='bbox 269 1140 421 1207; x_wconf 88' lang='lat' dir='ltr'>canonici</span> <span class='ocrx_word' id='word_1_60' title='bbox 438 1141 519 1206; x_wconf 89' lang='lat' dir='ltr'>ecel.</span> <span class='ocrx_word' id='word_1_61' title='bbox 537 1138 753 1204; x_wconf 90' lang='lat' dir='ltr'>Cameracen.</span> <span class='ocrx_word' id='word_1_62' title='bbox 767 1138 926 1223; x_wconf 81' lang='lat' dir='ltr'>predicte,</span> <span class='ocrx_word' id='word_1_63' title='bbox 943 1139 1092 1223; x_wconf 91' lang='lat' dir='ltr'>maligno</span> <span class='ocrx_word' id='word_1_64' title='bbox 1108 1139 1225 1224; x_wconf 91' lang='lat' dir='ltr'>spiritu</span> <span class='ocrx_word' id='word_1_65' title='bbox 1251 1140 1422 1220; x_wconf 86' lang='lat' dir='ltr'>concitati,</span> <span class='ocrx_word' id='word_1_66' title='bbox 1441 1159 1539 1224; x_wconf 91' lang='lat' dir='ltr'>super</span> <span class='ocrx_word' id='word_1_67' title='bbox 1555 1159 1630 1224; x_wconf 56' lang='lat' dir='ltr'>pree</span> 
     </span>
     <span class='ocr_line' id='line_1_8' title="bbox 268 1242 1628 1328; baseline -0.001 -19"><span class='ocrx_word' id='word_1_68' title='bbox 268 1244 375 1309; x_wconf 90' lang='lat' dir='ltr'>missis</span> <span class='ocrx_word' id='word_1_69' title='bbox 405 1243 634 1328; x_wconf 86' lang='lat' dir='ltr'>questionibus</span> <span class='ocrx_word' id='word_1_70' title='bbox 664 1250 699 1308; x_wconf 90' lang='lat' dir='ltr'>et</span> <span class='ocrx_word' id='word_1_71' title='bbox 729 1242 868 1321; x_wconf 76' lang='lat' dir='ltr'>debatiS,</span> <span class='ocrx_word' id='word_1_72' title='bbox 903 1262 923 1306; x_wconf 90' lang='lat' dir='ltr'>a</span> <span class='ocrx_word' id='word_1_73' title='bbox 953 1242 1080 1307; x_wconf 87' lang='lat' dir='ltr'>semitis</span> <span class='ocrx_word' id='word_1_74' title='bbox 1106 1243 1234 1327; x_wconf 81' lang='lat' dir='ltr'>justitie</span> <span class='ocrx_word' id='word_1_75' title='bbox 1265 1244 1415 1309; x_wconf 90' lang='lat' dir='ltr'>totaliter</span> <span class='ocrx_word' id='word_1_76' title='bbox 1444 1243 1628 1325; x_wconf 90' lang='lat' dir='ltr'>deviantes,</span> 
     </span>
     <span class='ocr_line' id='line_1_9' title="bbox 269 1341 1629 1433; baseline 0 -20"><span class='ocrx_word' id='word_1_77' title='bbox 269 1348 509 1414; x_wconf 87' lang='lat' dir='ltr'>ecclesiasticas</span> <span class='ocrx_word' id='word_1_78' title='bbox 535 1367 693 1433; x_wconf 90' lang='lat' dir='ltr'>personas</span> <span class='ocrx_word' id='word_1_79' title='bbox 715 1347 868 1431; x_wconf 89' lang='lat' dir='ltr'>potentie</span> <span class='ocrx_word' id='word_1_80' title='bbox 893 1345 1033 1412; x_wconf 90' lang='lat' dir='ltr'>seculari</span> <span class='ocrx_word' id='word_1_81' title='bbox 1058 1348 1231 1432; x_wconf 87' lang='lat' dir='ltr'>subjugare</span> <span class='ocrx_word' id='word_1_82' title='bbox 1246 1341 1404 1429; x_wconf 85' lang='lat' dir='ltr'>nitentes,</span> <span class='ocrx_word' id='word_1_83' title='bbox 1421 1348 1485 1413; x_wconf 91' lang='lat' dir='ltr'>Dei</span> <span class='ocrx_word' id='word_1_84' title='bbox 1508 1348 1629 1414; x_wconf 85' lang='lat' dir='ltr'>timore</span> 
     </span>
     <span class='ocr_line' id='line_1_10' title="bbox 268 1448 1629 1537; baseline 0.001 -20"><span class='ocrx_word' id='word_1_85' title='bbox 268 1452 466 1537; x_wconf 89' lang='lat' dir='ltr'>postposit0,</span> <span class='ocrx_word' id='word_1_86' title='bbox 483 1450 550 1515; x_wconf 91' lang='lat' dir='ltr'>suis</span> <span class='ocrx_word' id='word_1_87' title='bbox 565 1451 661 1515; x_wconf 87' lang='lat' dir='ltr'>malis</span> <span class='ocrx_word' id='word_1_88' title='bbox 677 1448 946 1535; x_wconf 88' lang='lat' dir='ltr'>persuasionibus</span> <span class='ocrx_word' id='word_1_89' title='bbox 970 1460 1235 1535; x_wconf 91' lang='lat' dir='ltr'>procuraverunt</span> <span class='ocrx_word' id='word_1_90' title='bbox 1261 1460 1296 1516; x_wconf 92' lang='lat' dir='ltr'>et</span> <span class='ocrx_word' id='word_1_91' title='bbox 1312 1472 1389 1517; x_wconf 95' lang='lat' dir='ltr'>cum</span> <span class='ocrx_word' id='word_1_92' title='bbox 1404 1452 1527 1518; x_wconf 86' lang='lat' dir='ltr'>effectu</span> <span class='ocrx_word' id='word_1_93' title='bbox 1542 1452 1629 1518; x_wconf 91' lang='lat' dir='ltr'>fece·</span> 
     </span>
     <span class='ocr_line' id='line_1_11' title="bbox 269 1548 1629 1642; baseline -0.002 -19"><span class='ocrx_word' id='word_1_94' title='bbox 269 1566 346 1623; x_wconf 94' lang='lat' dir='ltr'>runt</span> <span class='ocrx_word' id='word_1_95' title='bbox 362 1554 651 1642; x_wconf 86' lang='lat' dir='ltr'>permagnificum</span> <span class='ocrx_word' id='word_1_96' title='bbox 667 1563 701 1619; x_wconf 91' lang='lat' dir='ltr'>et</span> <span class='ocrx_word' id='word_1_97' title='bbox 720 1554 896 1640; x_wconf 92' lang='lat' dir='ltr'>potentem</span> <span class='ocrx_word' id='word_1_98' title='bbox 911 1554 1019 1619; x_wconf 91' lang='lat' dir='ltr'>virum</span> <span class='ocrx_word' id='word_1_99' title='bbox 1035 1553 1209 1619; x_wconf 93' lang='lat' dir='ltr'>dominum</span> <span class='ocrx_word' id='word_1_100' title='bbox 1234 1548 1453 1635; x_wconf 90' lang='lat' dir='ltr'>Ludovicum,</span> <span class='ocrx_word' id='word_1_101' title='bbox 1469 1556 1629 1620; x_wconf 91' lang='lat' dir='ltr'>comitem</span> 
     </span>
     <span class='ocr_line' id='line_1_12' title="bbox 271 1654 1630 1744; baseline -0.002 -17"><span class='ocrx_word' id='word_1_102' title='bbox 271 1660 435 1741; x_wconf 91' lang='lat' dir='ltr'>Flandrie,</span> <span class='ocrx_word' id='word_1_103' title='bbox 451 1658 612 1724; x_wconf 89' lang='lat' dir='ltr'>vicarium</span> <span class='ocrx_word' id='word_1_104' title='bbox 628 1665 663 1722; x_wconf 91' lang='lat' dir='ltr'>et</span> <span class='ocrx_word' id='word_1_105' title='bbox 677 1665 796 1742; x_wconf 90' lang='lat' dir='ltr'>gentes</span> <span class='ocrx_word' id='word_1_106' title='bbox 812 1657 913 1743; x_wconf 90' lang='lat' dir='ltr'>ipsius</span> <span class='ocrx_word' id='word_1_107' title='bbox 938 1658 1086 1744; x_wconf 90' lang='lat' dir='ltr'>episcopi</span> <span class='ocrx_word' id='word_1_108' title='bbox 1110 1654 1274 1739; x_wconf 79' lang='lat' dir='ltr'>diffidari,</span> <span class='ocrx_word' id='word_1_109' title='bbox 1288 1659 1377 1744; x_wconf 91' lang='lat' dir='ltr'>ipsos</span> <span class='ocrx_word' id='word_1_110' title='bbox 1392 1659 1532 1724; x_wconf 87' lang='lat' dir='ltr'>interfici</span> <span class='ocrx_word' id='word_1_111' title='bbox 1549 1660 1630 1724; x_wconf 89' lang='lat' dir='ltr'>totis</span> 
     </span>
     <span class='ocr_line' id='line_1_13' title="bbox 269 1760 1629 1849; baseline -0.003 -20"><span class='ocrx_word' id='word_1_112' title='bbox 269 1766 394 1829; x_wconf 92' lang='lat' dir='ltr'>viribus</span> <span class='ocrx_word' id='word_1_113' title='bbox 408 1770 646 1849; x_wconf 82' lang='lat' dir='ltr'>procurantes3</span> <span class='ocrx_word' id='word_1_114' title='bbox 664 1769 698 1826; x_wconf 93' lang='lat' dir='ltr'>et</span> <span class='ocrx_word' id='word_1_115' title='bbox 711 1762 780 1846; x_wconf 90' lang='lat' dir='ltr'>jam</span> <span class='ocrx_word' id='word_1_116' title='bbox 796 1760 935 1826; x_wconf 90' lang='lat' dir='ltr'>fuissent</span> <span class='ocrx_word' id='word_1_117' title='bbox 955 1761 1045 1825; x_wconf 91' lang='lat' dir='ltr'>male</span> <span class='ocrx_word' id='word_1_118' title='bbox 1068 1761 1203 1826; x_wconf 92' lang='lat' dir='ltr'>tractati</span> <span class='ocrx_word' id='word_1_119' title='bbox 1229 1769 1263 1826; x_wconf 89' lang='lat' dir='ltr'>et</span> <span class='ocrx_word' id='word_1_120' title='bbox 1278 1762 1411 1843; x_wconf 90' lang='lat' dir='ltr'>mortui,</span> <span class='ocrx_word' id='word_1_121' title='bbox 1428 1762 1490 1827; x_wconf 93' lang='lat' dir='ltr'>nisi</span> <span class='ocrx_word' id='word_1_122' title='bbox 1506 1783 1541 1828; x_wconf 93' lang='lat' dir='ltr'>se</span> <span class='ocrx_word' id='word_1_123' title='bbox 1557 1761 1629 1828; x_wconf 93' lang='lat' dir='ltr'>dili-</span> 
     </span>
     <span class='ocr_line' id='line_1_14' title="bbox 269 1864 1629 1953; baseline 0 -20"><span class='ocrx_word' id='word_1_124' title='bbox 269 1866 462 1953; x_wconf 90' lang='lat' dir='ltr'>gentissime</span> <span class='ocrx_word' id='word_1_125' title='bbox 477 1865 694 1931; x_wconf 88' lang='lat' dir='ltr'>custodirent.</span> <span class='ocrx_word' id='word_1_126' title='bbox 711 1866 926 1951; x_wconf 75' lang='lat' dir='ltr'>Quapropter</span> <span class='ocrx_word' id='word_1_127' title='bbox 951 1865 1060 1931; x_wconf 91' lang='lat' dir='ltr'>eidem</span> <span class='ocrx_word' id='word_1_128' title='bbox 1081 1865 1112 1930; x_wconf 86' lang='lat' dir='ltr'>S.</span> <span class='ocrx_word' id='word_1_129' title='bbox 1129 1864 1169 1931; x_wconf 80' lang='lat' dir='ltr'>V.</span> <span class='ocrx_word' id='word_1_130' title='bbox 1185 1886 1280 1951; x_wconf 91' lang='lat' dir='ltr'>supp.</span> <span class='ocrx_word' id='word_1_131' title='bbox 1297 1866 1398 1951; x_wconf 90' lang='lat' dir='ltr'>episc.</span> <span class='ocrx_word' id='word_1_132' title='bbox 1414 1874 1629 1949; x_wconf 89' lang='lat' dir='ltr'>memoratus,</span> 
     </span>
     <span class='ocr_line' id='line_1_15' title="bbox 270 1968 1630 2056; baseline 0 -20"><span class='ocrx_word' id='word_1_133' title='bbox 270 1978 360 2056; x_wconf 90' lang='lat' dir='ltr'>quat.</span> <span class='ocrx_word' id='word_1_134' title='bbox 377 1970 539 2053; x_wconf 89' lang='lat' dir='ltr'>aliquibus</span> <span class='ocrx_word' id='word_1_135' title='bbox 555 1970 609 2033; x_wconf 92' lang='lat' dir='ltr'>vel</span> <span class='ocrx_word' id='word_1_136' title='bbox 624 1968 722 2034; x_wconf 89' lang='lat' dir='ltr'>alicui</span> <span class='ocrx_word' id='word_1_137' title='bbox 738 1972 813 2033; x_wconf 87' lang='lat' dir='ltr'>ven.</span> <span class='ocrx_word' id='word_1_138' title='bbox 824 1968 902 2033; x_wconf 91' lang='lat' dir='ltr'>viris</span> <span class='ocrx_word' id='word_1_139' title='bbox 918 1969 972 2032; x_wconf 89' lang='lat' dir='ltr'>vel</span> <span class='ocrx_word' id='word_1_140' title='bbox 989 1968 1070 2049; x_wconf 92' lang='lat' dir='ltr'>viro,</span> <span class='ocrx_word' id='word_1_141' title='bbox 1088 1968 1121 2033; x_wconf 95' lang='lat' dir='ltr'>in</span> <span class='ocrx_word' id='word_1_142' title='bbox 1138 1969 1409 2035; x_wconf 83' lang='lat' dir='ltr'>Attrebaten.vel</span> <span class='ocrx_word' id='word_1_143' title='bbox 1426 1968 1630 2036; x_wconf 91' lang='lat' dir='ltr'>Noviomen.</span> 
     </span>
     <span class='ocr_line' id='line_1_16' title="bbox 271 2066 1630 2160; baseline -0.001 -19"><span class='ocrx_word' id='word_1_144' title='bbox 271 2075 334 2141; x_wconf 90' lang='lat' dir='ltr'>civ.</span> <span class='ocrx_word' id='word_1_145' title='bbox 350 2075 403 2139; x_wconf 92' lang='lat' dir='ltr'>vel</span> <span class='ocrx_word' id='word_1_146' title='bbox 420 2072 553 2154; x_wconf 82' lang='lat' dir='ltr'>dioces,</span> <span class='ocrx_word' id='word_1_147' title='bbox 570 2073 649 2138; x_wconf 90' lang='lat' dir='ltr'>dare</span> <span class='ocrx_word' id='word_1_148' title='bbox 665 2073 846 2157; x_wconf 83' lang='lat' dir='ltr'>dignemini</span> <span class='ocrx_word' id='word_1_149' title='bbox 860 2073 978 2137; x_wconf 91' lang='lat' dir='ltr'>vestris</span> <span class='ocrx_word' id='word_1_150' title='bbox 993 2073 1113 2138; x_wconf 91' lang='lat' dir='ltr'>litteris</span> <span class='ocrx_word' id='word_1_151' title='bbox 1128 2073 1163 2137; x_wconf 94' lang='lat' dir='ltr'>in</span> <span class='ocrx_word' id='word_1_152' title='bbox 1178 2072 1356 2155; x_wconf 87' lang='lat' dir='ltr'>mandatis,</span> <span class='ocrx_word' id='word_1_153' title='bbox 1368 2073 1458 2140; x_wconf 91' lang='lat' dir='ltr'>utde</span> <span class='ocrx_word' id='word_1_154' title='bbox 1473 2066 1630 2160; x_wconf 88' lang='lat' dir='ltr'>predictis</span> 
     </span>
     <span class='ocr_line' id='line_1_17' title="bbox 270 2176 1630 2263; baseline -0.001 -20"><span class='ocrx_word' id='word_1_155' title='bbox 270 2177 488 2243; x_wconf 87' lang='lat' dir='ltr'>diffidationis</span> <span class='ocrx_word' id='word_1_156' title='bbox 512 2177 748 2263; x_wconf 89' lang='lat' dir='ltr'>procuratione</span> <span class='ocrx_word' id='word_1_157' title='bbox 777 2198 817 2241; x_wconf 93' lang='lat' dir='ltr'>ac</span> <span class='ocrx_word' id='word_1_158' title='bbox 848 2176 1064 2261; x_wconf 88' lang='lat' dir='ltr'>instigatione</span> <span class='ocrx_word' id='word_1_159' title='bbox 1095 2176 1183 2242; x_wconf 86' lang='lat' dir='ltr'>facta</span> <span class='ocrx_word' id='word_1_160' title='bbox 1212 2198 1272 2262; x_wconf 91' lang='lat' dir='ltr'>per</span> <span class='ocrx_word' id='word_1_161' title='bbox 1298 2178 1388 2263; x_wconf 92' lang='lat' dir='ltr'>ipsos</span> <span class='ocrx_word' id='word_1_162' title='bbox 1411 2178 1630 2263; x_wconf 90' lang='lat' dir='ltr'>prepositum,</span> 
     </span>
     <span class='ocr_line' id='line_1_18' title="bbox 270 2273 1630 2363; baseline -0.001 -15"><span class='ocrx_word' id='word_1_163' title='bbox 270 2282 434 2348; x_wconf 90' lang='lat' dir='ltr'>decanum</span> <span class='ocrx_word' id='word_1_164' title='bbox 460 2289 495 2346; x_wconf 91' lang='lat' dir='ltr'>et</span> <span class='ocrx_word' id='word_1_165' title='bbox 519 2282 701 2347; x_wconf 92' lang='lat' dir='ltr'>canonicos</span> <span class='ocrx_word' id='word_1_166' title='bbox 716 2281 805 2347; x_wconf 90' lang='lat' dir='ltr'>dicte</span> <span class='ocrx_word' id='word_1_167' title='bbox 820 2273 1049 2348; x_wconf 61' lang='lat' dir='ltr'>&#39;Cameracen.</span> <span class='ocrx_word' id='word_1_168' title='bbox 1065 2283 1158 2363; x_wconf 75' lang='lat' dir='ltr'>eccl,</span> <span class='ocrx_word' id='word_1_169' title='bbox 1174 2303 1211 2347; x_wconf 91' lang='lat' dir='ltr'>se</span> <span class='ocrx_word' id='word_1_170' title='bbox 1237 2281 1418 2347; x_wconf 84' lang='lat' dir='ltr'>informent</span> <span class='ocrx_word' id='word_1_171' title='bbox 1441 2284 1630 2363; x_wconf 87' lang='lat' dir='ltr'>summarie,</span> 
     </span>
     <span class='ocr_line' id='line_1_19' title="bbox 270 2385 1630 2471; baseline 0.001 -21"><span class='ocrx_word' id='word_1_172' title='bbox 270 2385 464 2470; x_wconf 89' lang='lat' dir='ltr'>simpliciter</span> <span class='ocrx_word' id='word_1_173' title='bbox 479 2392 514 2449; x_wconf 90' lang='lat' dir='ltr'>et</span> <span class='ocrx_word' id='word_1_174' title='bbox 529 2385 571 2451; x_wconf 92' lang='lat' dir='ltr'>de</span> <span class='ocrx_word' id='word_1_175' title='bbox 586 2387 699 2471; x_wconf 90' lang='lat' dir='ltr'>plano,</span> <span class='ocrx_word' id='word_1_176' title='bbox 717 2393 751 2450; x_wconf 90' lang='lat' dir='ltr'>et</span> <span class='ocrx_word' id='word_1_177' title='bbox 776 2386 847 2451; x_wconf 89' lang='lat' dir='ltr'>sine</span> <span class='ocrx_word' id='word_1_178' title='bbox 878 2385 1021 2471; x_wconf 90' lang='lat' dir='ltr'>strepitu</span> <span class='ocrx_word' id='word_1_179' title='bbox 1047 2393 1082 2450; x_wconf 92' lang='lat' dir='ltr'>et</span> <span class='ocrx_word' id='word_1_180' title='bbox 1110 2386 1212 2470; x_wconf 87' lang='lat' dir='ltr'>figura</span> <span class='ocrx_word' id='word_1_181' title='bbox 1235 2386 1361 2470; x_wconf 87' lang='lat' dir='ltr'>judicii,</span> <span class='ocrx_word' id='word_1_182' title='bbox 1389 2396 1434 2469; x_wconf 90' lang='lat' dir='ltr'>et,</span> <span class='ocrx_word' id='word_1_183' title='bbox 1451 2388 1477 2453; x_wconf 92' lang='lat' dir='ltr'>si</span> <span class='ocrx_word' id='word_1_184' title='bbox 1505 2389 1553 2453; x_wconf 93' lang='lat' dir='ltr'>eis</span> <span class='ocrx_word' id='word_1_185' title='bbox 1576 2390 1630 2453; x_wconf 85' lang='lat' dir='ltr'>vel</span> 
     </span>
     <span class='ocr_line' id='line_1_20' title="bbox 270 2488 1632 2578; baseline 0.002 -24"><span class='ocrx_word' id='word_1_186' title='bbox 270 2509 385 2554; x_wconf 90' lang='lat' dir='ltr'>eorum</span> <span class='ocrx_word' id='word_1_187' title='bbox 412 2490 508 2553; x_wconf 87' lang='lat' dir='ltr'>alteri</span> <span class='ocrx_word' id='word_1_188' title='bbox 524 2510 583 2574; x_wconf 89' lang='lat' dir='ltr'>per</span> <span class='ocrx_word' id='word_1_189' title='bbox 597 2489 723 2555; x_wconf 90' lang='lat' dir='ltr'>dictam</span> <span class='ocrx_word' id='word_1_190' title='bbox 739 2490 954 2554; x_wconf 89' lang='lat' dir='ltr'>summariam</span> <span class='ocrx_word' id='word_1_191' title='bbox 971 2488 1242 2555; x_wconf 87' lang='lat' dir='ltr'>informationem</span> <span class='ocrx_word' id='word_1_192' title='bbox 1258 2492 1447 2557; x_wconf 90' lang='lat' dir='ltr'>constiterit</span> <span class='ocrx_word' id='word_1_193' title='bbox 1458 2494 1548 2578; x_wconf 89' lang='lat' dir='ltr'>ipsos</span> <span class='ocrx_word' id='word_1_194' title='bbox 1557 2513 1632 2578; x_wconf 92' lang='lat' dir='ltr'>pre-</span> 
     </span>
     <span class='ocr_line' id='line_1_21' title="bbox 270 2590 1631 2680; baseline 0.001 -22"><span class='ocrx_word' id='word_1_195' title='bbox 270 2593 427 2678; x_wconf 89' lang='lat' dir='ltr'>positum,</span> <span class='ocrx_word' id='word_1_196' title='bbox 443 2591 617 2673; x_wconf 89' lang='lat' dir='ltr'>decanum,</span> <span class='ocrx_word' id='word_1_197' title='bbox 633 2591 866 2658; x_wconf 88' lang='lat' dir='ltr'>Theobaldum</span> <span class='ocrx_word' id='word_1_198' title='bbox 881 2592 923 2658; x_wconf 94' lang='lat' dir='ltr'>de</span> <span class='ocrx_word' id='word_1_199' title='bbox 940 2590 1064 2659; x_wconf 91' lang='lat' dir='ltr'>Meldis</span> <span class='ocrx_word' id='word_1_200' title='bbox 1087 2601 1122 2657; x_wconf 91' lang='lat' dir='ltr'>et</span> <span class='ocrx_word' id='word_1_201' title='bbox 1146 2593 1230 2658; x_wconf 89' lang='lat' dir='ltr'>alios</span> <span class='ocrx_word' id='word_1_202' title='bbox 1246 2595 1426 2660; x_wconf 89' lang='lat' dir='ltr'>canonicos</span> <span class='ocrx_word' id='word_1_203' title='bbox 1440 2596 1522 2662; x_wconf 90' lang='lat' dir='ltr'>eccl.</span> <span class='ocrx_word' id='word_1_204' title='bbox 1538 2616 1631 2680; x_wconf 90' lang='lat' dir='ltr'>sepe-</span> 
     </span>
     <span class='ocr_line' id='line_1_22' title="bbox 271 2696 1630 2784; baseline 0 -22"><span class='ocrx_word' id='word_1_205' title='bbox 271 2696 371 2777; x_wconf 92' lang='lat' dir='ltr'>dicte,</span> <span class='ocrx_word' id='word_1_206' title='bbox 388 2697 441 2760; x_wconf 91' lang='lat' dir='ltr'>vel</span> <span class='ocrx_word' id='word_1_207' title='bbox 457 2717 571 2761; x_wconf 90' lang='lat' dir='ltr'>eorum</span> <span class='ocrx_word' id='word_1_208' title='bbox 588 2697 736 2780; x_wconf 91' lang='lat' dir='ltr'>aliquem</span> <span class='ocrx_word' id='word_1_209' title='bbox 761 2717 819 2761; x_wconf 91' lang='lat' dir='ltr'>seu</span> <span class='ocrx_word' id='word_1_210' title='bbox 843 2696 973 2781; x_wconf 88' lang='lat' dir='ltr'>aliquos</span> <span class='ocrx_word' id='word_1_211' title='bbox 993 2717 1065 2761; x_wconf 91' lang='lat' dir='ltr'>esse</span> <span class='ocrx_word' id='word_1_212' title='bbox 1081 2697 1266 2781; x_wconf 90' lang='lat' dir='ltr'>culpabiles</span> <span class='ocrx_word' id='word_1_213' title='bbox 1291 2698 1334 2763; x_wconf 93' lang='lat' dir='ltr'>de</span> <span class='ocrx_word' id='word_1_214' title='bbox 1361 2699 1527 2784; x_wconf 90' lang='lat' dir='ltr'>premissis</span> <span class='ocrx_word' id='word_1_215' title='bbox 1542 2698 1630 2764; x_wconf 87' lang='lat' dir='ltr'>diffi-</span> 
     </span>
     <span class='ocr_line' id='line_1_23' title="bbox 271 2801 1628 2889; baseline -0.001 -21"><span class='ocrx_word' id='word_1_216' title='bbox 271 2802 509 2885; x_wconf 90' lang='lat' dir='ltr'>dationemque</span> <span class='ocrx_word' id='word_1_217' title='bbox 541 2801 731 2886; x_wconf 82' lang='lat' dir='ltr'>hujusmodi</span> <span class='ocrx_word' id='word_1_218' title='bbox 759 2802 947 2886; x_wconf 90' lang='lat' dir='ltr'>aliqualiter</span> <span class='ocrx_word' id='word_1_219' title='bbox 978 2821 1183 2887; x_wconf 88' lang='lat' dir='ltr'>procurasse,</span> <span class='ocrx_word' id='word_1_220' title='bbox 1214 2803 1305 2887; x_wconf 90' lang='lat' dir='ltr'>quod</span> <span class='ocrx_word' id='word_1_221' title='bbox 1335 2802 1423 2889; x_wconf 92' lang='lat' dir='ltr'>ipsos</span> <span class='ocrx_word' id='word_1_222' title='bbox 1449 2811 1483 2868; x_wconf 91' lang='lat' dir='ltr'>et</span> <span class='ocrx_word' id='word_1_223' title='bbox 1514 2823 1628 2868; x_wconf 92' lang='lat' dir='ltr'>eorum</span> 
     </span>
     <span class='ocr_line' id='line_1_24' title="bbox 272 2904 1630 2991; baseline -0.001 -20"><span class='ocrx_word' id='word_1_224' title='bbox 272 2906 419 2989; x_wconf 88' lang='lat' dir='ltr'>singulos</span> <span class='ocrx_word' id='word_1_225' title='bbox 434 2912 583 2990; x_wconf 89' lang='lat' dir='ltr'>repertos</span> <span class='ocrx_word' id='word_1_226' title='bbox 599 2905 782 2990; x_wconf 84' lang='lat' dir='ltr'>culpabiles</span> <span class='ocrx_word' id='word_1_227' title='bbox 798 2906 905 2970; x_wconf 88' lang='lat' dir='ltr'>citent</span> <span class='ocrx_word' id='word_1_228' title='bbox 921 2925 979 2969; x_wconf 90' lang='lat' dir='ltr'>seu</span> <span class='ocrx_word' id='word_1_229' title='bbox 995 2905 1089 2970; x_wconf 89' lang='lat' dir='ltr'>citari</span> <span class='ocrx_word' id='word_1_230' title='bbox 1110 2904 1236 2972; x_wconf 90' lang='lat' dir='ltr'>faciant</span> <span class='ocrx_word' id='word_1_231' title='bbox 1251 2906 1452 2971; x_wconf 90' lang='lat' dir='ltr'>nominatim</span> <span class='ocrx_word' id='word_1_232' title='bbox 1467 2915 1501 2971; x_wconf 90' lang='lat' dir='ltr'>et</span> <span class='ocrx_word' id='word_1_233' title='bbox 1518 2926 1630 2991; x_wconf 92' lang='lat' dir='ltr'>perso·</span> 
     </span>
     <span class='ocr_line' id='line_1_25' title="bbox 272 3007 1632 3093; baseline 0 -21"><span class='ocrx_word' id='word_1_234' title='bbox 272 3009 403 3088; x_wconf 91' lang='lat' dir='ltr'>naliter,</span> <span class='ocrx_word' id='word_1_235' title='bbox 420 3007 446 3072; x_wconf 93' lang='lat' dir='ltr'>si</span> <span class='ocrx_word' id='word_1_236' title='bbox 474 3009 563 3092; x_wconf 91' lang='lat' dir='ltr'>ipsos</span> <span class='ocrx_word' id='word_1_237' title='bbox 587 3008 788 3088; x_wconf 87' lang='lat' dir='ltr'>invenerint,</span> <span class='ocrx_word' id='word_1_238' title='bbox 817 3009 898 3073; x_wconf 87' lang='lat' dir='ltr'>alias</span> <span class='ocrx_word' id='word_1_239' title='bbox 924 3008 957 3071; x_wconf 92' lang='lat' dir='ltr'>in</span> <span class='ocrx_word' id='word_1_240' title='bbox 982 3007 1160 3074; x_wconf 91' lang='lat' dir='ltr'>domiciliis</span> <span class='ocrx_word' id='word_1_241' title='bbox 1198 3009 1366 3074; x_wconf 88' lang='lat' dir='ltr'>consuetis</span> <span class='ocrx_word' id='word_1_242' title='bbox 1392 3009 1547 3093; x_wconf 87' lang='lat' dir='ltr'>ipsorum,</span> <span class='ocrx_word' id='word_1_243' title='bbox 1577 3010 1632 3072; x_wconf 87' lang='lat' dir='ltr'>vel</span> 
     </span>
     <span class='ocr_line' id='line_1_26' title="bbox 272 3111 1630 3200; baseline -0.001 -23"><span class='ocrx_word' id='word_1_244' title='bbox 272 3113 406 3198; x_wconf 91' lang='lat' dir='ltr'>publice</span> <span class='ocrx_word' id='word_1_245' title='bbox 421 3112 455 3176; x_wconf 95' lang='lat' dir='ltr'>in</span> <span class='ocrx_word' id='word_1_246' title='bbox 482 3111 700 3178; x_wconf 91' lang='lat' dir='ltr'>Cameracen.</span> <span class='ocrx_word' id='word_1_247' title='bbox 716 3115 808 3193; x_wconf 77' lang='lat' dir='ltr'>eccl,</span> <span class='ocrx_word' id='word_1_248' title='bbox 833 3112 877 3177; x_wconf 94' lang='lat' dir='ltr'>ad</span> <span class='ocrx_word' id='word_1_249' title='bbox 893 3113 1158 3198; x_wconf 89' lang='lat' dir='ltr'>comparendum</span> <span class='ocrx_word' id='word_1_250' title='bbox 1174 3113 1390 3200; x_wconf 89' lang='lat' dir='ltr'>personaliter</span> <span class='ocrx_word' id='word_1_251' title='bbox 1411 3132 1525 3178; x_wconf 90' lang='lat' dir='ltr'>coram</span> <span class='ocrx_word' id='word_1_252' title='bbox 1542 3113 1574 3177; x_wconf 89' lang='lat' dir='ltr'>S.</span> <span class='ocrx_word' id='word_1_253' title='bbox 1590 3111 1630 3176; x_wconf 83' lang='lat' dir='ltr'>V.</span> 
     </span>
     <span class='ocr_line' id='line_1_27' title="bbox 272 3214 1632 3302; baseline 0.001 -23"><span class='ocrx_word' id='word_1_254' title='bbox 272 3215 412 3302; x_wconf 88' lang='lat' dir='ltr'>prefata,</span> <span class='ocrx_word' id='word_1_255' title='bbox 428 3223 520 3280; x_wconf 89' lang='lat' dir='ltr'>certa</span> <span class='ocrx_word' id='word_1_256' title='bbox 535 3223 570 3280; x_wconf 91' lang='lat' dir='ltr'>et</span> <span class='ocrx_word' id='word_1_257' title='bbox 584 3217 791 3301; x_wconf 90' lang='lat' dir='ltr'>competenti</span> <span class='ocrx_word' id='word_1_258' title='bbox 807 3214 861 3280; x_wconf 94' lang='lat' dir='ltr'>die</span> <span class='ocrx_word' id='word_1_259' title='bbox 888 3216 1015 3281; x_wconf 92' lang='lat' dir='ltr'>eisdem</span> <span class='ocrx_word' id='word_1_260' title='bbox 1039 3225 1074 3282; x_wconf 91' lang='lat' dir='ltr'>et</span> <span class='ocrx_word' id='word_1_261' title='bbox 1089 3238 1205 3282; x_wconf 89' lang='lat' dir='ltr'>eorum</span> <span class='ocrx_word' id='word_1_262' title='bbox 1220 3217 1356 3283; x_wconf 91' lang='lat' dir='ltr'>cuilibet</span> <span class='ocrx_word' id='word_1_263' title='bbox 1370 3216 1573 3302; x_wconf 88' lang='lat' dir='ltr'>prefigenda,</span> <span class='ocrx_word' id='word_1_264' title='bbox 1589 3216 1632 3281; x_wconf 92' lang='lat' dir='ltr'>de</span> 
     </span>
     <span class='ocr_line' id='line_1_28' title="bbox 272 3318 1632 3407; baseline 0.001 -25"><span class='ocrx_word' id='word_1_265' title='bbox 272 3318 407 3404; x_wconf 91' lang='lat' dir='ltr'>quadie</span> <span class='ocrx_word' id='word_1_266' title='bbox 423 3338 483 3404; x_wconf 90' lang='lat' dir='ltr'>per</span> <span class='ocrx_word' id='word_1_267' title='bbox 497 3340 573 3384; x_wconf 91' lang='lat' dir='ltr'>suas</span> <span class='ocrx_word' id='word_1_268' title='bbox 588 3327 746 3405; x_wconf 90' lang='lat' dir='ltr'>patentes</span> <span class='ocrx_word' id='word_1_269' title='bbox 761 3320 889 3385; x_wconf 88' lang='lat' dir='ltr'>litteras</span> <span class='ocrx_word' id='word_1_270' title='bbox 903 3321 1010 3406; x_wconf 91' lang='lat' dir='ltr'>possit</span> <span class='ocrx_word' id='word_1_271' title='bbox 1034 3321 1158 3404; x_wconf 90' lang='lat' dir='ltr'>liquide</span> <span class='ocrx_word' id='word_1_272' title='bbox 1182 3342 1342 3407; x_wconf 90' lang='lat' dir='ltr'>apparere</span> <span class='ocrx_word' id='word_1_273' title='bbox 1358 3343 1366 3400; x_wconf 89' lang='lat'>;</span> <span class='ocrx_word' id='word_1_274' title='bbox 1383 3341 1514 3386; x_wconf 90' lang='lat' dir='ltr'>necnon</span> <span class='ocrx_word' id='word_1_275' title='bbox 1532 3319 1632 3385; x_wconf 93' lang='lat' dir='ltr'>infor·</span> 
     </span>
     <span class='ocr_line' id='line_1_29' title="bbox 273 3423 1633 3511; baseline 0.002 -25"><span class='ocrx_word' id='word_1_276' title='bbox 273 3423 456 3488; x_wconf 89' lang='lat' dir='ltr'>mationem</span> <span class='ocrx_word' id='word_1_277' title='bbox 473 3443 573 3506; x_wconf 90' lang='lat' dir='ltr'>quam</span> <span class='ocrx_word' id='word_1_278' title='bbox 589 3423 728 3489; x_wconf 86' lang='lat' dir='ltr'>fecerint</span> <span class='ocrx_word' id='word_1_279' title='bbox 743 3423 786 3489; x_wconf 90' lang='lat' dir='ltr'>de</span> <span class='ocrx_word' id='word_1_280' title='bbox 809 3424 980 3508; x_wconf 87' lang='lat' dir='ltr'>premissis</span> <span class='ocrx_word' id='word_1_281' title='bbox 1004 3424 1089 3490; x_wconf 91' lang='lat' dir='ltr'>infra</span> <span class='ocrx_word' id='word_1_282' title='bbox 1113 3426 1219 3511; x_wconf 90' lang='lat' dir='ltr'>ipsam</span> <span class='ocrx_word' id='word_1_283' title='bbox 1246 3426 1336 3491; x_wconf 92' lang='lat' dir='ltr'>diem</span> <span class='ocrx_word' id='word_1_284' title='bbox 1353 3425 1384 3490; x_wconf 88' lang='lat' dir='ltr'>S.</span> <span class='ocrx_word' id='word_1_285' title='bbox 1401 3423 1440 3489; x_wconf 91' lang='lat' dir='ltr'>V.</span> <span class='ocrx_word' id='word_1_286' title='bbox 1457 3424 1633 3490; x_wconf 87' lang='lat' dir='ltr'>remittant</span> 
     </span>
     <span class='ocr_line' id='line_1_30' title="bbox 272 3525 1632 3615; baseline 0.001 -24"><span class='ocrx_word' id='word_1_287' title='bbox 272 3530 332 3591; x_wconf 93' lang='lat' dir='ltr'>sub</span> <span class='ocrx_word' id='word_1_288' title='bbox 349 3547 409 3591; x_wconf 89' lang='lat' dir='ltr'>suo</span> <span class='ocrx_word' id='word_1_289' title='bbox 424 3525 531 3610; x_wconf 91' lang='lat' dir='ltr'>sigillo</span> <span class='ocrx_word' id='word_1_290' title='bbox 548 3527 689 3592; x_wconf 90' lang='lat' dir='ltr'>fideliter</span> <span class='ocrx_word' id='word_1_291' title='bbox 705 3529 931 3609; x_wconf 88' lang='lat' dir='ltr'>interclusam,</span> <span class='ocrx_word' id='word_1_292' title='bbox 948 3529 1113 3615; x_wconf 90' lang='lat' dir='ltr'>recepturi</span> <span class='ocrx_word' id='word_1_293' title='bbox 1129 3549 1227 3614; x_wconf 91' lang='lat' dir='ltr'>super</span> <span class='ocrx_word' id='word_1_294' title='bbox 1242 3537 1341 3594; x_wconf 88' lang='lat' dir='ltr'>tanto</span> <span class='ocrx_word' id='word_1_295' title='bbox 1357 3549 1495 3594; x_wconf 85' lang='lat' dir='ltr'>excessu</span> <span class='ocrx_word' id='word_1_296' title='bbox 1511 3549 1530 3593; x_wconf 88' lang='lat' dir='ltr'>a</span> <span class='ocrx_word' id='word_1_297' title='bbox 1547 3527 1578 3593; x_wconf 86' lang='lat' dir='ltr'>S.</span> <span class='ocrx_word' id='word_1_298' title='bbox 1592 3526 1632 3593; x_wconf 88' lang='lat' dir='ltr'>V.</span> 
     </span>
     <span class='ocr_line' id='line_1_31' title="bbox 270 3629 1634 3718; baseline 0 -23"><span class='ocrx_word' id='word_1_299' title='bbox 270 3630 397 3716; x_wconf 87' lang='lat' dir='ltr'>justitie</span> <span class='ocrx_word' id='word_1_300' title='bbox 414 3631 710 3715; x_wconf 90' lang='lat' dir='ltr'>complementum.</span> <span class='ocrx_word' id='word_1_301' title='bbox 734 3671 761 3680; x_wconf 93' lang='lat'><em>-</em></span> <span class='ocrx_word' id='word_1_302' title='bbox 786 3629 973 3696; x_wconf 90' lang='lat' dir='ltr'>Informent</span> <span class='ocrx_word' id='word_1_303' title='bbox 990 3652 1025 3696; x_wconf 91' lang='lat' dir='ltr'>se</span> <span class='ocrx_word' id='word_1_304' title='bbox 1041 3633 1218 3698; x_wconf 84' lang='lat' dir='ltr'>summarie</span> <span class='ocrx_word' id='word_1_305' title='bbox 1235 3641 1269 3697; x_wconf 90' lang='lat' dir='ltr'>et</span> <span class='ocrx_word' id='word_1_306' title='bbox 1285 3633 1328 3698; x_wconf 91' lang='lat' dir='ltr'>de</span> <span class='ocrx_word' id='word_1_307' title='bbox 1343 3633 1456 3718; x_wconf 90' lang='lat' dir='ltr'>plano,</span> <span class='ocrx_word' id='word_1_308' title='bbox 1473 3631 1575 3697; x_wconf 90' lang='lat' dir='ltr'>etiam</span> <span class='ocrx_word' id='word_1_309' title='bbox 1591 3630 1634 3696; x_wconf 95' lang='lat' dir='ltr'>de</span> 
     </span>
     <span class='ocr_line' id='line_1_32' title="bbox 274 3734 1636 3823; baseline 0 -23"><span class='ocrx_word' id='word_1_310' title='bbox 274 3736 362 3800; x_wconf 91' lang='lat' dir='ltr'>fama</span> <span class='ocrx_word' id='word_1_311' title='bbox 377 3736 430 3800; x_wconf 91' lang='lat' dir='ltr'>vel</span> <span class='ocrx_word' id='word_1_312' title='bbox 447 3734 595 3816; x_wconf 88' lang='lat' dir='ltr'>infamia,</span> <span class='ocrx_word' id='word_1_313' title='bbox 612 3745 656 3817; x_wconf 90' lang='lat' dir='ltr'>et,</span> <span class='ocrx_word' id='word_1_314' title='bbox 673 3736 699 3801; x_wconf 93' lang='lat' dir='ltr'>si</span> <span class='ocrx_word' id='word_1_315' title='bbox 713 3737 816 3802; x_wconf 88' lang='lat' dir='ltr'>etiam</span> <span class='ocrx_word' id='word_1_316' title='bbox 828 3740 971 3822; x_wconf 92' lang='lat' dir='ltr'>probata</span> <span class='ocrx_word' id='word_1_317' title='bbox 984 3758 1081 3823; x_wconf 89' lang='lat' dir='ltr'>super</span> <span class='ocrx_word' id='word_1_318' title='bbox 1096 3738 1163 3804; x_wconf 94' lang='lat' dir='ltr'>hoc</span> <span class='ocrx_word' id='word_1_319' title='bbox 1178 3737 1276 3802; x_wconf 91' lang='lat' dir='ltr'>fuerit</span> <span class='ocrx_word' id='word_1_320' title='bbox 1292 3736 1439 3816; x_wconf 91' lang='lat' dir='ltr'>infamia,</span> <span class='ocrx_word' id='word_1_321' title='bbox 1456 3736 1562 3801; x_wconf 87' lang='lat' dir='ltr'>citent</span> <span class='ocrx_word' id='word_1_322' title='bbox 1577 3755 1636 3800; x_wconf 91' lang='lat' dir='ltr'>eos</span> 
     </span>
     <span class='ocr_line' id='line_1_33' title="bbox 273 3839 559 3925; baseline 0.01 -22"><span class='ocrx_word' id='word_1_323' title='bbox 273 3839 502 3925; x_wconf 90' lang='lat' dir='ltr'>personaliter.</span> <span class='ocrx_word' id='word_1_324' title='bbox 518 3839 559 3906; x_wconf 87' lang='lat' dir='ltr'>R.</span> 
     </span>
     <span class='ocr_line' id='line_1_34' title="bbox 318 3943 1004 4030; baseline 0.006 -24"><span class='ocrx_word' id='word_1_325' title='bbox 318 3943 397 4008; x_wconf 90' lang='lat' dir='ltr'>Dat.</span> <span class='ocrx_word' id='word_1_326' title='bbox 412 3944 512 4008; x_wconf 82' lang='lat' dir='ltr'>Avin.</span> <span class='ocrx_word' id='word_1_327' title='bbox 530 3965 547 4008; x_wconf 88' lang='lat'><strong><em>2</em></strong></span> <span class='ocrx_word' id='word_1_328' title='bbox 564 3943 630 4010; x_wconf 90' lang='lat' dir='ltr'>kal.</span> <span class='ocrx_word' id='word_1_329' title='bbox 647 3965 727 4010; x_wconf 79' lang='lat' dir='ltr'>nov</span> <span class='ocrx_word' id='word_1_330' title='bbox 744 3951 777 4009; x_wconf 87' lang='lat' dir='ltr'>a⁰</span> <span class='ocrx_word' id='word_1_331' title='bbox 791 3953 834 4028; x_wconf 80' lang='lat'>3¹¹.</span> <span class='ocrx_word' id='word_1_332' title='bbox 851 3945 899 4029; x_wconf 88' lang='lat'>(7,</span> <span class='ocrx_word' id='word_1_333' title='bbox 918 3946 1004 4030; x_wconf 82' lang='lat'>42&#39;).</span> 
     </span>
    </p>
   </div>
   <div class='ocr_carea' id='block_1_3' title="bbox 273 4082 1634 4595">
    <p class='ocr_par' dir='ltr' id='par_1_3' title="bbox 326 4082 1589 4178">
     <span class='ocr_line' id='line_1_35' title="bbox 326 4082 1589 4178; baseline -0.006 -16"><span class='ocrx_word' id='word_1_334' title='bbox 326 4082 437 4168; x_wconf 87' lang='grc'>753.</span> <span class='ocrx_word' id='word_1_335' title='bbox 1262 4115 1357 4178; x_wconf 74' lang='lat'>1344,</span> <span class='ocrx_word' id='word_1_336' title='bbox 1371 4117 1390 4177; x_wconf 61' lang='grc' dir='ltr'>,ι</span> <span class='ocrx_word' id='word_1_337' title='bbox 1408 4093 1589 4157; x_wconf 84' lang='lat' dir='ltr'>novembre.</span> 
     </span>
    </p>

    <p class='ocr_par' dir='ltr' id='par_1_4' title="bbox 273 4195 1634 4595">
     <span class='ocr_line' id='line_1_36' title="bbox 319 4195 1633 4286; baseline -0.005 -21"><span class='ocrx_word' id='word_1_338' title='bbox 319 4198 419 4265; x_wconf 90' lang='lat' dir='ltr'>Motu</span> <span class='ocrx_word' id='word_1_339' title='bbox 434 4201 568 4285; x_wconf 89' lang='lat' dir='ltr'>proprio</span> <span class='ocrx_word' id='word_1_340' title='bbox 583 4199 797 4286; x_wconf 91' lang='lat' dir='ltr'>providemus</span> <span class='ocrx_word' id='word_1_341' title='bbox 813 4197 960 4264; x_wconf 89' lang='lat' dir='ltr'>Nicolao</span> <span class='ocrx_word' id='word_1_342' title='bbox 986 4199 1028 4264; x_wconf 90' lang='lat' dir='ltr'>de</span> <span class='ocrx_word' id='word_1_343' title='bbox 1055 4197 1278 4279; x_wconf 90' lang='lat' dir='ltr'>Monteclaro,</span> <span class='ocrx_word' id='word_1_344' title='bbox 1304 4198 1392 4277; x_wconf 66' lang='lat' dir='ltr'>cler„</span> <span class='ocrx_word' id='word_1_345' title='bbox 1419 4196 1461 4262; x_wconf 91' lang='lat' dir='ltr'>de</span> <span class='ocrx_word' id='word_1_346' title='bbox 1485 4195 1633 4280; x_wconf 87' lang='lat' dir='ltr'>prioratu</span> 
     </span>
     <span class='ocr_line' id='line_1_37' title="bbox 274 4296 1634 4384; baseline -0.006 -16"><span class='ocrx_word' id='word_1_347' title='bbox 274 4303 413 4369; x_wconf 92' lang='lat' dir='ltr'>seculari</span> <span class='ocrx_word' id='word_1_348' title='bbox 440 4303 483 4368; x_wconf 92' lang='lat' dir='ltr'>de</span> <span class='ocrx_word' id='word_1_349' title='bbox 508 4302 658 4383; x_wconf 89' lang='lat' dir='ltr'>Hunain,</span> <span class='ocrx_word' id='word_1_350' title='bbox 693 4301 871 4368; x_wconf 90' lang='lat' dir='ltr'>Caturcen.</span> <span class='ocrx_word' id='word_1_351' title='bbox 898 4302 996 4381; x_wconf 80' lang='lat' dir='ltr'>dioc,</span> <span class='ocrx_word' id='word_1_352' title='bbox 1019 4321 1152 4367; x_wconf 91' lang='lat' dir='ltr'>necnon</span> <span class='ocrx_word' id='word_1_353' title='bbox 1177 4301 1220 4366; x_wconf 89' lang='lat' dir='ltr'>de</span> <span class='ocrx_word' id='word_1_354' title='bbox 1248 4321 1320 4366; x_wconf 91' lang='lat' dir='ltr'>can.</span> <span class='ocrx_word' id='word_1_355' title='bbox 1337 4307 1372 4364; x_wconf 91' lang='lat' dir='ltr'>et</span> <span class='ocrx_word' id='word_1_356' title='bbox 1387 4301 1478 4384; x_wconf 92' lang='lat' dir='ltr'>preb.</span> <span class='ocrx_word' id='word_1_357' title='bbox 1495 4297 1526 4362; x_wconf 85' lang='lat' dir='ltr'>S.</span> <span class='ocrx_word' id='word_1_358' title='bbox 1543 4296 1634 4361; x_wconf 90' lang='lat' dir='ltr'>Wal-</span> 
     </span>
     <span class='ocr_line' id='line_1_38' title="bbox 273 4401 1632 4493; baseline -0.005 -21"><span class='ocrx_word' id='word_1_359' title='bbox 273 4407 384 4491; x_wconf 90' lang='lat' dir='ltr'>burgis</span> <span class='ocrx_word' id='word_1_360' title='bbox 401 4405 590 4487; x_wconf 89' lang='lat' dir='ltr'>Fumensis,</span> <span class='ocrx_word' id='word_1_361' title='bbox 609 4405 777 4472; x_wconf 91' lang='lat' dir='ltr'>Morinen.</span> <span class='ocrx_word' id='word_1_362' title='bbox 803 4407 901 4488; x_wconf 80' lang='lat' dir='ltr'>dioc,</span> <span class='ocrx_word' id='word_1_363' title='bbox 928 4428 1001 4472; x_wconf 90' lang='lat' dir='ltr'>vac.</span> <span class='ocrx_word' id='word_1_364' title='bbox 1018 4406 1062 4472; x_wconf 88' lang='lat' dir='ltr'>ad</span> <span class='ocrx_word' id='word_1_365' title='bbox 1085 4426 1222 4493; x_wconf 90' lang='lat' dir='ltr'>presens</span> <span class='ocrx_word' id='word_1_366' title='bbox 1242 4426 1302 4492; x_wconf 91' lang='lat' dir='ltr'>per</span> <span class='ocrx_word' id='word_1_367' title='bbox 1326 4406 1379 4470; x_wconf 92' lang='lat' dir='ltr'>ob.</span> <span class='ocrx_word' id='word_1_368' title='bbox 1405 4402 1574 4468; x_wconf 90' lang='lat' dir='ltr'>Guillelmi</span> <span class='ocrx_word' id='word_1_369' title='bbox 1590 4401 1632 4467; x_wconf 91' lang='lat' dir='ltr'>de</span> 
     </span>
     <span class='ocr_line' id='line_1_39' title="bbox 276 4507 1632 4595; baseline -0.004 -19"><span class='ocrx_word' id='word_1_370' title='bbox 276 4509 408 4592; x_wconf 89' lang='lat' dir='ltr'>Manso,</span> <span class='ocrx_word' id='word_1_371' title='bbox 424 4510 479 4595; x_wconf 94' lang='lat' dir='ltr'>qui</span> <span class='ocrx_word' id='word_1_372' title='bbox 496 4519 590 4575; x_wconf 84' lang='lat' dir='ltr'>extra</span> <span class='ocrx_word' id='word_1_373' title='bbox 604 4532 670 4577; x_wconf 92' lang='lat' dir='ltr'>cur.</span> <span class='ocrx_word' id='word_1_374' title='bbox 698 4511 787 4576; x_wconf 89' lang='lat' dir='ltr'>diem</span> <span class='ocrx_word' id='word_1_375' title='bbox 813 4512 930 4576; x_wconf 89' lang='lat' dir='ltr'>clausit</span> <span class='ocrx_word' id='word_1_376' title='bbox 947 4520 1143 4590; x_wconf 85' lang='lat' dir='ltr'>extremum,</span> <span class='ocrx_word' id='word_1_377' title='bbox 1159 4532 1243 4594; x_wconf 90' lang='lat' dir='ltr'>quos</span> <span class='ocrx_word' id='word_1_378' title='bbox 1267 4509 1358 4575; x_wconf 93' lang='lat' dir='ltr'>dom.</span> <span class='ocrx_word' id='word_1_379' title='bbox 1381 4507 1553 4586; x_wconf 89' lang='lat' dir='ltr'>Jobannes</span> <span class='ocrx_word' id='word_1_380' title='bbox 1576 4526 1632 4591; x_wconf 93' lang='lat' dir='ltr'>pp.</span> 
     </span>
    </p>
   </div>
   <div class='ocr_carea' id='block_1_4' title="bbox 306 4699 548 4762">
    <p class='ocr_par' dir='ltr' id='par_1_5' title="bbox 306 4699 548 4762">
     <span class='ocr_line' id='line_1_40' title="bbox 306 4699 548 4762; baseline 0.004 -15"><span class='ocrx_word' id='word_1_381' title='bbox 306 4701 335 4760; x_wconf 86' lang='lat' dir='ltr'>n)</span> <span class='ocrx_word' id='word_1_382' title='bbox 351 4699 407 4748; x_wconf 69' lang='lat' dir='ltr'>(lid.</span> <span class='ocrx_word' id='word_1_383' title='bbox 425 4700 548 4762; x_wconf 79' lang='lat' dir='ltr'>partibus</span> 
     </span>
    </p>
   </div>
   <div class='ocr_carea' id='block_1_5' title="bbox 273 4877 564 4945">
    <p class='ocr_par' dir='ltr' id='par_1_6' title="bbox 273 4877 564 4945">
     <span class='ocr_line' id='line_1_41' title="bbox 273 4877 564 4945; baseline 0.007 -3"><span class='ocrx_word' id='word_1_384' title='bbox 273 4885 275 4892; x_wconf 82' lang='grc'><em>’</em></span> <span class='ocrx_word' id='word_1_385' title='bbox 307 4877 564 4945; x_wconf 59' lang='lat' dir='ltr'>numnam-sar.</span> 
     </span>
    </p>
   </div>
   <div class='ocr_carea' id='block_1_6' title="bbox 0 0 1840 5675">
    <p class='ocr_par' dir='ltr' id='par_1_7' title="bbox 0 0 1840 5675">
     <span class='ocr_line' id='line_1_42' title="bbox 0 0 1840 5675; baseline 0 0"><span class='ocrx_word' id='word_1_386' title='bbox 0 0 1840 5675; x_wconf 95' lang='lat' dir='ltr'> </span> 
     </span>
    </p>
   </div>
  </div>
 </body>
</html>
