3650 5675
692 533 784 608 1349,
806 534 887 598 18-21
908 533 1028 600 flvner.
1212 547 1216 554 ·
1481 537 1543 606 405

183 690 280 769 dioc„
296 685 443 752 noscitur
458 683 619 765 obtinere,
636 690 671 749 et
686 683 777 768 quod
791 686 868 750 ben.
884 685 967 750 eccl.
979 705 1008 751 c.
1021 705 1050 751 c.
1063 686 1118 750 vel
1133 706 1158 752 s.
1169 706 1209 767 c.‚
1226 686 1269 752 ad
1284 687 1361 753 coll.
1377 696 1442 754 etc.
1459 688 1544 774 epis·

184 793 270 879 copi,
286 788 404 856 decani
431 795 466 852 et
482 785 620 873 capituli
637 784 843 854 Noviomen.
859 786 1009 853 noscitur
1025 796 1202 874 expectare
1216 813 1225 871 ς
1242 797 1370 858 etcum
1387 792 1459 856 aliis
1474 813 1543 858 non

185 900 270 962 obst.
282 934 326 944 -
342 891 419 957 Fiat
435 889 476 956 R.

227 1040 329 1102 1505.
353 1028 441 1094 Item
456 1048 552 1114 supp.
578 1034 671 1111 quat.
690 1025 858 1113 [servitori
882 1047 943 1093 suo
968 1028 1109 1112 antiquo
1123 1027 1271 1106 Johanni
1296 1030 1388 1097 dicto
1404 1031 1453 1097 Le
1470 1030 1544 1098 Fla·

182 1155 283 1201 menc
298 1134 340 1200 de
356 1133 508 1213 Lehuno‚
524 1130 724 1218 presbitero]
743 1131 947 1198 Ambianen.
964 1130 1062 1213 dioc,
1078 1131 1121 1198 de
1137 1134 1290 1219 parroch.
1308 1136 1390 1201 eccl.
1406 1134 1448 1201 de
1464 1135 1544 1201 Cor·

184 1239 293 1319 metiS,
311 1236 477 1303 Morinen.
492 1235 590 1316 dioc,
605 1234 657 1300 bis
693 1255 753 1321 per
778 1234 971 1321 Flamingos
996 1238 1183 1319 combusta,
1209 1246 1352 1304 vacante
1368 1239 1469 1304 etiam
1485 1259 1545 1324 per

184 1349 329 1408 mortem
343 1337 484 1426 predicti
510 1339 676 1418 Johannis
691 1340 734 1406 de
761 1338 931 1422 Nexonio,
958 1340 1141 1428 dignemini
1164 1342 1356 1428 providere;
1373 1363 1442 1408 non
1458 1345 1545 1409 obst.

185 1445 276 1530 quod
291 1464 363 1510 can.
379 1445 439 1508 sub
455 1464 530 1530 exp.
542 1446 635 1530 preb.
651 1443 683 1510 S.
697 1442 836 1509 Firmini
851 1445 1054 1512 Ambianen.
1064 1444 1213 1512 noscitur
1229 1446 1380 1512 obtinere
1396 1469 1404 1526 ;
1419 1453 1453 1512 et
1468 1467 1545 1512 cum

185 1549 341 1616 omnibus
356 1547 429 1614 aliis
443 1569 513 1614 non
529 1550 616 1614 obst.
630 1587 674 1597 -
691 1545 768 1613 Fiat
785 1546 825 1614 R.

229 1651 310 1718 Dat.
326 1653 425 1719 Avin.
446 1674 483 1739 14
499 1652 567 1720 kal.
582 1660 680 1719 mart.
697 1660 731 1718 a⁰
747 1659 790 1738 7⁰.
807 1653 857 1738 (6,
878 1652 967 1738 148).

238 1789 383 1874 1506.
450 1873 451 1876 ,
1199 1806 1502 1895 1349‚18sevrier.

230 1907 332 1995 Supp.
349 1907 487 1993 Egidius
502 1905 640 1992 Vaguel,
656 1907 827 1974 familiaris
842 1917 954 1976 vester
970 1920 989 1990 ¹,
1014 1917 1117 1994 quat,
1135 1930 1212 1975 cum
1228 1909 1299 1995 ipse
1315 1918 1404 1976 auct.
1420 1910 1547 1977 littera·

186 2031 259 2076 rum
285 2019 472 2077 vestrarum
486 2030 594 2095 nuper
619 2011 971 2097 archipresbiteratum
988 2032 1046 2078 seu
1060 2013 1214 2099 parroch.
1231 2015 1313 2080 eccl.
1339 2013 1370 2080 S.
1398 2013 1546 2080 Severini

187 2113 355 2195 Parisien„
371 2135 445 2181 vac.
460 2136 520 2202 per
536 2118 590 2182 ob.
607 2115 793 2181 Guilhermi
819 2115 950 2198 Cantel,
978 2119 1204 2204 acceptaverit
1232 2125 1267 2184 et
1291 2119 1353 2185 sibi
1368 2119 1410 2185 de
1426 2120 1546 2186 eadem

187 2217 303 2284 fecerit
317 2219 496 2305 provideri,
512 2220 710 2305 dubitetque
723 2221 832 2306 ipsam
849 2207 1027 2288 ecclesiam
1039 2241 1099 2286 seu
1113 2222 1463 2308 archipresbiteratum
1475 2223 1545 2290 sore

187 2320 256 2387 sedi
273 2329 380 2407 apost.
396 2323 587 2409 specialiter
601 2332 818 2405 reservatum,
835 2325 890 2388 vel
914 2324 997 2390 alias
1021 2323 1111 2410 apud
1127 2325 1269 2391 eandem
1285 2326 1399 2392 sedem
1414 2347 1545 2408 vacare,

186 2425 457 2511 acceptationem
472 2434 507 2493 et
522 2427 749 2513 provisionem
765 2427 932 2512 predictas
951 2426 1132 2512 dignemini
1149 2449 1190 2493 ex
1206 2437 1297 2495 certa
1312 2431 1452 2496 scientia
1467 2451 1546 2496 con·

186 2528 318 2595 firmare
343 2531 398 2594 vel
428 2530 537 2597 eidem
562 2530 604 2596 de
628 2551 721 2596 novo
743 2530 943 2616 providere;
971 2551 1039 2598 non
1062 2533 1152 2596 obst.
1176 2531 1267 2616 quod
1294 2532 1383 2598 idem
1409 2533 1547 2618 Egidius

186 2632 340 2719 parroch.
367 2634 449 2700 eccl.
473 2633 515 2700 de
539 2634 815 2718 Anquetiervilla‚
840 2633 1089 2719 Rothomagen.
1116 2633 1214 2714 dioc,
1230 2642 1266 2699 et
1290 2655 1362 2705 can.
1393 2643 1428 2700 et
1453 2639 1546 2722 preb.

187 2737 269 2802 eccl.
287 2734 466 2818 Morinen.,
483 2757 522 2804 ac
538 2739 703 2824 capellan.
719 2737 817 2803 sitam
833 2737 867 2802 in
891 2738 973 2803 eccl.
985 2737 1139 2823 parroch.
1156 2737 1187 2803 S.
1205 2735 1344 2802 Martini
1361 2737 1546 2823 BergensiS,

189 2838 356 2907 Morinen.
372 2839 470 2922 dioc,
485 2851 645 2909 noscatur
660 2842 823 2909 obtinere.
840 2841 927 2906 Cum
943 2841 1015 2907 aliis
1030 2862 1099 2907 non
1123 2844 1208 2908 obst.
1225 2842 1259 2906 in
1284 2842 1400 2923 sonna,
1417 2842 1546 2907 etiamsi

187 2944 297 3010 dictus
312 2945 646 3031 archipresbiteratus
670 2947 725 3011 vel
752 2946 895 3012 ecclesia
922 2944 1046 3012 fuerint
1072 2946 1142 3012 sedi
1157 2954 1266 3031 apost.
1292 2946 1547 3032 quomodolibet

188 3050 357 3117 reservati.
373 3084 416 3096 -
432 3049 508 3117 Fiat
524 3050 565 3117 R.

231 3151 312 3219 Dat.
327 3154 427 3221 Avin.
450 3176 486 3220 12
503 3156 571 3222 kal.
587 3163 684 3222 mart.
701 3162 735 3219 a⁰
752 3162 794 3239 7⁰.
811 3155 880 3239 (17,
901 3154 1005 3239 156⁰).

241 3289 383 3372 1507.
1202 3322 1296 3388 1349,
1313 3324 1354 3368 ao
1362 3304 1503 3392 savrr'er.

232 3406 333 3494 Supp.
348 3406 368 3485 J
371 3407 521 3473 ohannes
536 3404 693 3494 Caprarii,
709 3405 763 3471 lic.
775 3405 810 3469 in
825 3405 901 3490 leg„
918 3404 1004 3470 filius
1019 3405 1189 3489 quondam
1211 3404 1374 3473 Guidonis
1389 3406 1546 3495 Capram,

188 3494 303 3576 militis
317 3510 419 3577 vestri
435 3522 457 3592 ²,
476 3509 701 3576 Matisconen.
717 3509 857 3591 dioc.,...
875 3516 968 3593 quat.
985 3509 1046 3574 sibi
1063 3509 1104 3575 de
1121 3531 1196 3576 can.
1212 3519 1247 3576 et
1265 3513 1387 3597 preb...
1406 3512 1546 3578 ecclesie

188 3613 414 3681 Cabilonen...
432 3613 614 3699 dignemini
630 3612 806 3699 providere
822 3636 830 3693 ;
848 3634 915 3678 non
933 3615 1018 3680 obst.
1035 3614 1127 3697 quod
1142 3634 1215 3680 can.
1231 3622 1266 3679 et
1281 3618 1373 3711 preb.
1390 3613 1547 3680 Camera-

188 3738 261 3783 cen.
276 3719 425 3785 noscitur
448 3718 601 3785 obtinere
627 3725 662 3782 et
687 3717 777 3801 quod
803 3717 846 3783 sit
873 3724 1055 3803 expectans
1079 3716 1122 3783 ad
1147 3738 1220 3784 can.
1237 3726 1272 3783 et
1298 3721 1390 3803 preb.
1407 3718 1546 3784 ecclesie

188 3820 422 3889 Tomacensis.
434 3862 478 3871 —
494 3820 572 3887 Fiat
589 3819 630 3886 R.

232 3926 311 3993 Dat.
326 3927 426 3995 Aviu.
446 3947 484 3993 10
499 3925 565 3994 kal.
581 3932 680 3991 mart.
696 3932 729 3990 a⁰
746 3932 788 4009 7⁰.
805 3926 874 4011 (17,
895 3924 999 4011 162⁰).

241 4064 386 4147 1508.
1196 4093 1291 4159 1349,
1308 4094 1348 4139 ar
1362 4074 1503 4162 serare'er.

231 4182 333 4270 Supp.
350 4182 518 4248 Henricus
532 4180 575 4246 de
590 4178 712 4265 Wych‚
728 4180 815 4245 lilius
831 4178 921 4245 Petri
945 4198 1048 4265 parve
1063 4176 1215 4265 pecunie,
1232 4176 1370 4244 clericus
1385 4176 1547 4245 Leodien.

187 4286 284 4368 dioc,
301 4295 392 4373 quat.
407 4284 481 4367 sibi,
493 4288 550 4371 qui
569 4285 602 4350 in
618 4292 722 4371 puteo
738 4292 773 4349 et
788 4284 866 4349 alibi
883 4284 917 4348 in
932 4282 1064 4369 palacio
1076 4288 1190 4347 vestro
1205 4281 1393 4367 apostolico
1409 4283 1547 4348 servivit

187 4410 394 4476 perannum
420 4397 456 4456 et
481 4389 667 4475 amplius...
691 4388 734 4453 de
759 4390 837 4453 ben.
864 4388 969 4453 eccl...
994 4386 1037 4452 ad
1064 4385 1161 4453 coll...
1189 4384 1327 4471 capituli
1354 4386 1385 4451 S.
1402 4385 1546 4453 Servacii

188 4492 420 4579 Trajectensis,
436 4493 525 4560 dicte
541 4491 701 4558 Leodien.
716 4490 793 4558 dioc
796 4541 846 4573 .....
862 4490 1044 4575 dignemini
1060 4487 1235 4575 providere
1248 4512 1257 4569 ;
1271 4510 1339 4555 non
1355 4492 1440 4556 obst.
1457 4491 1547 4575 quod

187 4601 265 4664 ben.
281 4600 363 4665 eccl.
378 4619 407 4664 c.
424 4620 453 4664 c.
468 4597 524 4662 vel
539 4617 564 4664 s.
581 4616 610 4663 c.
637 4595 680 4661 ad
704 4596 780 4661 coll.
801 4594 920 4661 decani
946 4602 981 4660 et
996 4592 1132 4679 capituli
1148 4594 1231 4659 eccl.
1248 4591 1407 4659 Oicteren
1418 4603 1439 4676 ³,
1456 4593 1546 4661 dicte

188 4703 286 4782 dioc,
301 4703 451 4769 noscitur
465 4708 654 4787 expectare.
670 4740 714 4749 —
730 4698 808 4764 Fiat
824 4698 864 4766 R.

232 4806 312 4873 Dat.
327 4806 427 4873 Avin.
445 4826 463 4887 9
479 4804 547 4871 kal.
565 4810 664 4871 mart.
681 4809 715 4869 a⁰
732 4810 773 4887 7⁰.
791 4803 861 4889 (17,
884 4802 972 4887 172).

223 4981 245 5028 1.
258 4979 319 5027 Voir
330 4992 356 5028 n.
367 4980 390 5035 5,
402 4978 457 5036 298,
470 4978 524 5034 378,
539 4938 609 5026 1298,
623 5004 652 5013 -
664 4978 687 5024 2.
699 4974 762 5022 Voir
773 4976 863 5023 (1.161.
875 5002 907 5013 -
920 4976 943 5023 3.
956 4974 1021 5021 Sans
1032 4971 1111 5020 doute
1124 4970 1250 5030 Siderea,
1265 4970 1371 5020 Sittard.
