<?xml version="1.0" encoding="UTF-8"?>
<!DOCTYPE html PUBLIC "-//W3C//DTD XHTML 1.0 Transitional//EN"
    "http://www.w3.org/TR/xhtml1/DTD/xhtml1-transitional.dtd">
<html xmlns="http://www.w3.org/1999/xhtml" xml:lang="en" lang="en">
 <head>
  <title>
</title>
<meta http-equiv="Content-Type" content="text/html;charset=utf-8" />
  <meta name='ocr-system' content='tesseract 3.04.00' />
  <meta name='ocr-capabilities' content='ocr_page ocr_carea ocr_par ocr_line ocrx_word'/>
</head>
<body>
  <div class='ocr_page' id='page_1' title='image "./suppliquesdeclm00berlgoog_0432.png"; bbox 0 0 3650 5675; ppageno 0'>
   <div class='ocr_carea' id='block_1_1' title="bbox 655 595 1516 668">
    <p class='ocr_par' dir='ltr' id='par_1_1' title="bbox 655 595 1516 668">
     <span class='ocr_line' id='line_1_1' title="bbox 655 595 1516 668; baseline 0.003 -7"><span class='ocrx_word' id='word_1_1' title='bbox 655 596 765 668; x_wconf 82' lang='grc'><strong>-1348,</strong></span> <span class='ocrx_word' id='word_1_2' title='bbox 788 595 808 659; x_wconf 84' lang='grc'><strong>8</strong></span> <span class='ocrx_word' id='word_1_3' title='bbox 829 598 996 663; x_wconf 86' lang='lat' dir='ltr'>novembre.</span> <span class='ocrx_word' id='word_1_4' title='bbox 1455 602 1516 665; x_wconf 77' lang='lat'>887</span> 
     </span>
    </p>
   </div>
   <div class='ocr_carea' id='block_1_2' title="bbox 157 745 1516 1251">
    <p class='ocr_par' dir='ltr' id='par_1_2' title="bbox 157 745 1516 933">
     <span class='ocr_line' id='line_1_2' title="bbox 157 745 1516 839; baseline 0.004 -25"><span class='ocrx_word' id='word_1_5' title='bbox 157 747 362 816; x_wconf 88' lang='lat' dir='ltr'>monasterio</span> <span class='ocrx_word' id='word_1_6' title='bbox 377 745 574 829; x_wconf 71' lang='lat' dir='ltr'>stabulensi,</span> <span class='ocrx_word' id='word_1_7' title='bbox 591 749 633 816; x_wconf 93' lang='lat' dir='ltr'>O.</span> <span class='ocrx_word' id='word_1_8' title='bbox 650 749 681 816; x_wconf 76' lang='lat' dir='ltr'>S.</span> <span class='ocrx_word' id='word_1_9' title='bbox 699 748 749 830; x_wconf 88' lang='lat' dir='ltr'>B.,</span> <span class='ocrx_word' id='word_1_10' title='bbox 766 748 855 815; x_wconf 88' lang='lat' dir='ltr'>dicte</span> <span class='ocrx_word' id='word_1_11' title='bbox 881 750 979 833; x_wconf 89' lang='lat' dir='ltr'>dioc.,</span> <span class='ocrx_word' id='word_1_12' title='bbox 996 751 1098 839; x_wconf 84' lang='lat' dir='ltr'><strong>recipi</strong></span> <span class='ocrx_word' id='word_1_13' title='bbox 1114 752 1239 819; x_wconf 88' lang='lat' dir='ltr'>faciant</span> <span class='ocrx_word' id='word_1_14' title='bbox 1254 754 1289 817; x_wconf 94' lang='lat' dir='ltr'>in</span> <span class='ocrx_word' id='word_1_15' title='bbox 1311 754 1516 819; x_wconf 89' lang='lat' dir='ltr'>monachum</span> 
     </span>
     <span class='ocr_line' id='line_1_3' title="bbox 159 847 960 933; baseline 0.001 -15"><span class='ocrx_word' id='word_1_16' title='bbox 159 861 194 919; x_wconf 90' lang='lat' dir='ltr'>et</span> <span class='ocrx_word' id='word_1_17' title='bbox 209 852 243 917; x_wconf 92' lang='lat' dir='ltr'>in</span> <span class='ocrx_word' id='word_1_18' title='bbox 258 851 428 917; x_wconf 84' lang='lat' dir='ltr'>fratrem...</span> <span class='ocrx_word' id='word_1_19' title='bbox 444 859 520 933; x_wconf 69' lang='lat' dir='ltr'>etc,</span> <span class='ocrx_word' id='word_1_20' title='bbox 536 861 574 917; x_wconf 91' lang='lat' dir='ltr'>ut</span> <span class='ocrx_word' id='word_1_21' title='bbox 590 853 623 917; x_wconf 92' lang='lat' dir='ltr'>in</span> <span class='ocrx_word' id='word_1_22' title='bbox 640 853 809 918; x_wconf 80' lang='lat' dir='ltr'>sorma-</span> <span class='ocrx_word' id='word_1_23' title='bbox 825 847 903 918; x_wconf 73' lang='lat' dir='ltr'>Fiat</span> <span class='ocrx_word' id='word_1_24' title='bbox 921 854 960 920; x_wconf 91' lang='lat' dir='ltr'>R.</span> 
     </span>
    </p>

    <p class='ocr_par' dir='ltr' id='par_1_3' title="bbox 157 955 1516 1251">
     <span class='ocr_line' id='line_1_4' title="bbox 203 955 1516 1044; baseline 0.002 -23"><span class='ocrx_word' id='word_1_25' title='bbox 203 956 290 1021; x_wconf 88' lang='lat' dir='ltr'><strong>Item</strong></span> <span class='ocrx_word' id='word_1_26' title='bbox 306 975 401 1041; x_wconf 90' lang='lat' dir='ltr'>supp.</span> <span class='ocrx_word' id='word_1_27' title='bbox 418 962 508 1039; x_wconf 86' lang='lat' dir='ltr'>quat.</span> <span class='ocrx_word' id='word_1_28' title='bbox 527 955 650 1021; x_wconf 88' lang='lat' dir='ltr'>eodem</span> <span class='ocrx_word' id='word_1_29' title='bbox 677 955 780 1021; x_wconf 91' lang='lat' dir='ltr'>modo</span> <span class='ocrx_word' id='word_1_30' title='bbox 807 955 1019 1022; x_wconf 87' lang='lat' dir='ltr'>Leonardum</span> <span class='ocrx_word' id='word_1_31' title='bbox 1045 957 1212 1024; x_wconf 84' lang='lat' dir='ltr'><strong>Advocati</strong></span> <span class='ocrx_word' id='word_1_32' title='bbox 1239 958 1281 1024; x_wconf 92' lang='lat' dir='ltr'>de</span> <span class='ocrx_word' id='word_1_33' title='bbox 1309 957 1516 1044; x_wconf 87' lang='lat' dir='ltr'>Lovegnees,</span> 
     </span>
     <span class='ocr_line' id='line_1_5' title="bbox 157 1057 1516 1148; baseline -0.001 -22"><span class='ocrx_word' id='word_1_34' title='bbox 157 1060 322 1126; x_wconf 86' lang='lat' dir='ltr'>scolarem</span> <span class='ocrx_word' id='word_1_35' title='bbox 338 1057 497 1125; x_wconf 90' lang='lat' dir='ltr'>Leodien.</span> <span class='ocrx_word' id='word_1_36' title='bbox 513 1058 610 1139; x_wconf 90' lang='lat' dir='ltr'>dioc.,</span> <span class='ocrx_word' id='word_1_37' title='bbox 627 1059 786 1126; x_wconf 88' lang='lat' dir='ltr'>mandare</span> <span class='ocrx_word' id='word_1_38' title='bbox 811 1059 995 1144; x_wconf 85' lang='lat' dir='ltr'>dignemini</span> <span class='ocrx_word' id='word_1_39' title='bbox 1021 1061 1123 1148; x_wconf 86' lang='lat' dir='ltr'>recipi</span> <span class='ocrx_word' id='word_1_40' title='bbox 1148 1062 1181 1127; x_wconf 91' lang='lat' dir='ltr'>in</span> <span class='ocrx_word' id='word_1_41' title='bbox 1206 1062 1411 1129; x_wconf 88' lang='lat' dir='ltr'>monasterio</span> <span class='ocrx_word' id='word_1_42' title='bbox 1428 1060 1516 1128; x_wconf 88' lang='lat' dir='ltr'>Mal-</span> 
     </span>
     <span class='ocr_line' id='line_1_6' title="bbox 157 1160 1366 1251; baseline 0.002 -22"><span class='ocrx_word' id='word_1_43' title='bbox 157 1162 392 1243; x_wconf 85' lang='lat' dir='ltr'>mondariensi,</span> <span class='ocrx_word' id='word_1_44' title='bbox 415 1161 458 1228; x_wconf 95' lang='lat'>0.</span> <span class='ocrx_word' id='word_1_45' title='bbox 482 1161 514 1227; x_wconf 91' lang='lat' dir='ltr'>S.</span> <span class='ocrx_word' id='word_1_46' title='bbox 530 1160 580 1244; x_wconf 91' lang='lat' dir='ltr'>B.,</span> <span class='ocrx_word' id='word_1_47' title='bbox 596 1161 772 1228; x_wconf 90' lang='lat' dir='ltr'>Colonien.</span> <span class='ocrx_word' id='word_1_48' title='bbox 787 1161 885 1244; x_wconf 92' lang='lat' dir='ltr'>dioc.,</span> <span class='ocrx_word' id='word_1_49' title='bbox 909 1171 985 1245; x_wconf 75' lang='lat' dir='ltr'>etc,</span> <span class='ocrx_word' id='word_1_50' title='bbox 1004 1172 1040 1230; x_wconf 91' lang='lat' dir='ltr'>ut</span> <span class='ocrx_word' id='word_1_51' title='bbox 1056 1185 1164 1251; x_wconf 87' lang='lat' dir='ltr'>supra.</span> <span class='ocrx_word' id='word_1_52' title='bbox 1180 1205 1221 1215; x_wconf 91' lang='lat'><em>—</em></span> <span class='ocrx_word' id='word_1_53' title='bbox 1239 1165 1315 1232; x_wconf 89' lang='lat' dir='ltr'>Fiat</span> <span class='ocrx_word' id='word_1_54' title='bbox 1326 1165 1366 1231; x_wconf 89' lang='lat' dir='ltr'>R.</span> 
     </span>
    </p>
   </div>
   <div class='ocr_carea' id='block_1_3' title="bbox 158 1298 1521 2319">
    <p class='ocr_par' dir='ltr' id='par_1_4' title="bbox 158 1298 1519 2008">
     <span class='ocr_line' id='line_1_7' title="bbox 203 1298 1516 1390; baseline 0.002 -24"><span class='ocrx_word' id='word_1_55' title='bbox 203 1306 309 1367; x_wconf 83' lang='lat'>1447.</span> <span class='ocrx_word' id='word_1_56' title='bbox 326 1298 414 1365; x_wconf 84' lang='lat' dir='ltr'><strong>Item</strong></span> <span class='ocrx_word' id='word_1_57' title='bbox 437 1319 533 1387; x_wconf 91' lang='lat' dir='ltr'><strong>supp.</strong></span> <span class='ocrx_word' id='word_1_58' title='bbox 549 1308 640 1384; x_wconf 87' lang='lat' dir='ltr'>quat.</span> <span class='ocrx_word' id='word_1_59' title='bbox 666 1299 860 1385; x_wconf 87' lang='lat' dir='ltr'>Raynard0,</span> <span class='ocrx_word' id='word_1_60' title='bbox 887 1301 1060 1385; x_wconf 88' lang='lat' dir='ltr'>quondam</span> <span class='ocrx_word' id='word_1_61' title='bbox 1088 1301 1227 1368; x_wconf 91' lang='lat' dir='ltr'>Henrici</span> <span class='ocrx_word' id='word_1_62' title='bbox 1254 1303 1296 1370; x_wconf 94' lang='lat' dir='ltr'>de</span> <span class='ocrx_word' id='word_1_63' title='bbox 1324 1303 1420 1390; x_wconf 90' lang='lat' dir='ltr'>Rupe</span> <span class='ocrx_word' id='word_1_64' title='bbox 1437 1303 1516 1382; x_wconf 88' lang='lat' dir='ltr'>filio,</span> 
     </span>
     <span class='ocr_line' id='line_1_8' title="bbox 158 1402 1516 1493; baseline 0.001 -23"><span class='ocrx_word' id='word_1_65' title='bbox 158 1405 280 1470; x_wconf 90' lang='lat' dir='ltr'>clerico</span> <span class='ocrx_word' id='word_1_66' title='bbox 307 1402 466 1469; x_wconf 88' lang='lat' dir='ltr'>Leodien.</span> <span class='ocrx_word' id='word_1_67' title='bbox 490 1403 589 1485; x_wconf 91' lang='lat' dir='ltr'>dioc.,</span> <span class='ocrx_word' id='word_1_68' title='bbox 604 1403 647 1469; x_wconf 92' lang='lat' dir='ltr'>de</span> <span class='ocrx_word' id='word_1_69' title='bbox 662 1424 755 1490; x_wconf 90' lang='lat' dir='ltr'>perp.</span> <span class='ocrx_word' id='word_1_70' title='bbox 780 1405 967 1490; x_wconf 80' lang='lat' dir='ltr'>capellania</span> <span class='ocrx_word' id='word_1_71' title='bbox 992 1405 1106 1470; x_wconf 89' lang='lat' dir='ltr'>altaris</span> <span class='ocrx_word' id='word_1_72' title='bbox 1130 1403 1168 1471; x_wconf 90' lang='lat' dir='ltr'>B.</span> <span class='ocrx_word' id='word_1_73' title='bbox 1196 1404 1246 1472; x_wconf 91' lang='lat' dir='ltr'>M.</span> <span class='ocrx_word' id='word_1_74' title='bbox 1271 1405 1324 1472; x_wconf 90' lang='lat' dir='ltr'>siti</span> <span class='ocrx_word' id='word_1_75' title='bbox 1350 1407 1384 1472; x_wconf 90' lang='lat' dir='ltr'>in</span> <span class='ocrx_word' id='word_1_76' title='bbox 1410 1409 1516 1493; x_wconf 85' lang='lat' dir='ltr'>cripta</span> 
     </span>
     <span class='ocr_line' id='line_1_9' title="bbox 159 1502 1516 1593; baseline 0.001 -20"><span class='ocrx_word' id='word_1_77' title='bbox 159 1507 301 1573; x_wconf 86' lang='lat' dir='ltr'>ecclesie</span> <span class='ocrx_word' id='word_1_78' title='bbox 315 1503 347 1571; x_wconf 87' lang='lat' dir='ltr'>S.</span> <span class='ocrx_word' id='word_1_79' title='bbox 363 1502 454 1572; x_wconf 89' lang='lat' dir='ltr'>Petri</span> <span class='ocrx_word' id='word_1_80' title='bbox 469 1505 675 1587; x_wconf 77' lang='lat' dir='ltr'>LeodiensiS,</span> <span class='ocrx_word' id='word_1_81' title='bbox 695 1527 768 1573; x_wconf 92' lang='lat' dir='ltr'>vac.</span> <span class='ocrx_word' id='word_1_82' title='bbox 783 1507 819 1571; x_wconf 90' lang='lat' dir='ltr'>in</span> <span class='ocrx_word' id='word_1_83' title='bbox 845 1507 937 1572; x_wconf 90' lang='lat' dir='ltr'>curia</span> <span class='ocrx_word' id='word_1_84' title='bbox 952 1527 1013 1593; x_wconf 90' lang='lat' dir='ltr'>per</span> <span class='ocrx_word' id='word_1_85' title='bbox 1028 1511 1082 1574; x_wconf 92' lang='lat' dir='ltr'>ob.</span> <span class='ocrx_word' id='word_1_86' title='bbox 1105 1509 1276 1593; x_wconf 88' lang='lat' dir='ltr'>quondam</span> <span class='ocrx_word' id='word_1_87' title='bbox 1293 1509 1459 1576; x_wconf 87' lang='lat' dir='ltr'>Florencii</span> <span class='ocrx_word' id='word_1_88' title='bbox 1474 1510 1516 1576; x_wconf 95' lang='lat' dir='ltr'>de</span> 
     </span>
     <span class='ocr_line' id='line_1_10' title="bbox 161 1608 1518 1694; baseline 0.002 -19"><span class='ocrx_word' id='word_1_89' title='bbox 161 1609 288 1675; x_wconf 87' lang='lat' dir='ltr'>Palude</span> <span class='ocrx_word' id='word_1_90' title='bbox 302 1619 321 1690; x_wconf 88' lang='lat'>¹,</span> <span class='ocrx_word' id='word_1_91' title='bbox 338 1608 441 1694; x_wconf 92' lang='lat' dir='ltr'>ipsius</span> <span class='ocrx_word' id='word_1_92' title='bbox 463 1609 578 1674; x_wconf 89' lang='lat' dir='ltr'>altaris</span> <span class='ocrx_word' id='word_1_93' title='bbox 593 1609 770 1694; x_wconf 87' lang='lat' dir='ltr'>capellani,</span> <span class='ocrx_word' id='word_1_94' title='bbox 787 1608 843 1694; x_wconf 93' lang='lat' dir='ltr'>qui</span> <span class='ocrx_word' id='word_1_95' title='bbox 866 1608 901 1674; x_wconf 91' lang='lat' dir='ltr'>in</span> <span class='ocrx_word' id='word_1_96' title='bbox 923 1611 1014 1676; x_wconf 86' lang='lat' dir='ltr'>curia</span> <span class='ocrx_word' id='word_1_97' title='bbox 1040 1632 1136 1677; x_wconf 92' lang='lat' dir='ltr'>suum</span> <span class='ocrx_word' id='word_1_98' title='bbox 1160 1612 1251 1680; x_wconf 89' lang='lat' dir='ltr'>diem</span> <span class='ocrx_word' id='word_1_99' title='bbox 1278 1612 1395 1679; x_wconf 90' lang='lat' dir='ltr'>clausit</span> <span class='ocrx_word' id='word_1_100' title='bbox 1411 1621 1518 1678; x_wconf 85' lang='lat' dir='ltr'>extre·</span> 
     </span>
     <span class='ocr_line' id='line_1_11' title="bbox 159 1712 1517 1802; baseline 0.001 -23"><span class='ocrx_word' id='word_1_101' title='bbox 159 1735 264 1794; x_wconf 88' lang='lat' dir='ltr'>mum,</span> <span class='ocrx_word' id='word_1_102' title='bbox 280 1713 374 1797; x_wconf 86' lang='lat' dir='ltr'>cujus</span> <span class='ocrx_word' id='word_1_103' title='bbox 387 1712 513 1779; x_wconf 86' lang='lat' dir='ltr'>fructus</span> <span class='ocrx_word' id='word_1_104' title='bbox 535 1720 570 1779; x_wconf 91' lang='lat' dir='ltr'>et</span> <span class='ocrx_word' id='word_1_105' title='bbox 595 1712 744 1779; x_wconf 88' lang='lat' dir='ltr'>redditus</span> <span class='ocrx_word' id='word_1_106' title='bbox 770 1714 921 1780; x_wconf 89' lang='lat' dir='ltr'>valorem</span> <span class='ocrx_word' id='word_1_107' title='bbox 938 1735 1085 1780; x_wconf 89' lang='lat' dir='ltr'>annuum</span> <span class='ocrx_word' id='word_1_108' title='bbox 1113 1714 1356 1801; x_wconf 84' lang='lat' dir='ltr'>5marcharum</span> <span class='ocrx_word' id='word_1_109' title='bbox 1379 1717 1517 1802; x_wconf 86' lang='lat' dir='ltr'>argenti,</span> 
     </span>
     <span class='ocr_line' id='line_1_12' title="bbox 161 1816 1519 1906; baseline 0.001 -22"><span class='ocrx_word' id='word_1_110' title='bbox 161 1817 345 1884; x_wconf 87' lang='lat' dir='ltr'>secundum</span> <span class='ocrx_word' id='word_1_111' title='bbox 360 1816 567 1893; x_wconf 88' lang='lat' dir='ltr'>solucionem</span> <span class='ocrx_word' id='word_1_112' title='bbox 582 1817 713 1883; x_wconf 86' lang='lat' dir='ltr'>decime</span> <span class='ocrx_word' id='word_1_113' title='bbox 727 1839 797 1883; x_wconf 93' lang='lat' dir='ltr'>non</span> <span class='ocrx_word' id='word_1_114' title='bbox 824 1818 1002 1901; x_wconf 88' lang='lat' dir='ltr'>excedunt,</span> <span class='ocrx_word' id='word_1_115' title='bbox 1026 1819 1210 1904; x_wconf 88' lang='lat' dir='ltr'>dignemini</span> <span class='ocrx_word' id='word_1_116' title='bbox 1238 1819 1454 1906; x_wconf 89' lang='lat' dir='ltr'>providere...</span> <span class='ocrx_word' id='word_1_117' title='bbox 1483 1831 1519 1886; x_wconf 90' lang='lat' dir='ltr'>ut</span> 
     </span>
     <span class='ocr_line' id='line_1_13' title="bbox 161 1919 480 2008; baseline -0.006 -20"><span class='ocrx_word' id='word_1_118' title='bbox 161 1942 270 2008; x_wconf 89' lang='lat' dir='ltr'>supra.</span> <span class='ocrx_word' id='word_1_119' title='bbox 285 1961 329 1971; x_wconf 93' lang='lat'>-—</span> <span class='ocrx_word' id='word_1_120' title='bbox 344 1920 423 1987; x_wconf 87' lang='lat' dir='ltr'>Fiat</span> <span class='ocrx_word' id='word_1_121' title='bbox 439 1919 480 1986; x_wconf 91' lang='lat' dir='ltr'>R.</span> 
     </span>
    </p>

    <p class='ocr_par' dir='ltr' id='par_1_5' title="bbox 163 2024 1521 2216">
     <span class='ocr_line' id='line_1_14' title="bbox 206 2024 1521 2113; baseline 0.002 -22"><span class='ocrx_word' id='word_1_122' title='bbox 206 2024 295 2091; x_wconf 88' lang='lat' dir='ltr'>Item</span> <span class='ocrx_word' id='word_1_123' title='bbox 321 2025 487 2111; x_wconf 86' lang='lat' dir='ltr'>supplicat</span> <span class='ocrx_word' id='word_1_124' title='bbox 502 2026 602 2110; x_wconf 84' lang='lat' dir='ltr'>quat.</span> <span class='ocrx_word' id='word_1_125' title='bbox 625 2025 668 2091; x_wconf 91' lang='lat' dir='ltr'>de</span> <span class='ocrx_word' id='word_1_126' title='bbox 682 2026 794 2111; x_wconf 90' lang='lat' dir='ltr'>gracia</span> <span class='ocrx_word' id='word_1_127' title='bbox 810 2025 946 2112; x_wconf 92' lang='lat' dir='ltr'>speciali</span> <span class='ocrx_word' id='word_1_128' title='bbox 962 2026 1145 2112; x_wconf 88' lang='lat' dir='ltr'>dignemini</span> <span class='ocrx_word' id='word_1_129' title='bbox 1161 2027 1241 2113; x_wconf 89' lang='lat' dir='ltr'>ipsis</span> <span class='ocrx_word' id='word_1_130' title='bbox 1264 2026 1392 2094; x_wconf 88' lang='lat' dir='ltr'>clericis</span> <span class='ocrx_word' id='word_1_131' title='bbox 1407 2027 1521 2094; x_wconf 90' lang='lat' dir='ltr'>remit-</span> 
     </span>
     <span class='ocr_line' id='line_1_15' title="bbox 163 2126 1203 2216; baseline 0.001 -21"><span class='ocrx_word' id='word_1_132' title='bbox 163 2139 234 2195; x_wconf 89' lang='lat' dir='ltr'>tere</span> <span class='ocrx_word' id='word_1_133' title='bbox 246 2149 398 2194; x_wconf 86' lang='lat' dir='ltr'>examen.</span> <span class='ocrx_word' id='word_1_134' title='bbox 414 2126 475 2192; x_wconf 93' lang='lat' dir='ltr'>Vel</span> <span class='ocrx_word' id='word_1_135' title='bbox 493 2128 574 2194; x_wconf 93' lang='lat' dir='ltr'>illud</span> <span class='ocrx_word' id='word_1_136' title='bbox 589 2129 802 2195; x_wconf 87' lang='lat' dir='ltr'>committere</span> <span class='ocrx_word' id='word_1_137' title='bbox 817 2129 861 2195; x_wconf 88' lang='lat' dir='ltr'>ad</span> <span class='ocrx_word' id='word_1_138' title='bbox 875 2139 998 2216; x_wconf 88' lang='lat' dir='ltr'>partes.</span> <span class='ocrx_word' id='word_1_139' title='bbox 1013 2170 1056 2180; x_wconf 87' lang='lat'><em>-</em></span> <span class='ocrx_word' id='word_1_140' title='bbox 1073 2129 1149 2196; x_wconf 87' lang='lat' dir='ltr'>Fiat</span> <span class='ocrx_word' id='word_1_141' title='bbox 1163 2130 1203 2196; x_wconf 91' lang='lat' dir='ltr'>R.</span> 
     </span>
    </p>

    <p class='ocr_par' dir='ltr' id='par_1_6' title="bbox 208 2231 899 2319">
     <span class='ocr_line' id='line_1_16' title="bbox 208 2231 899 2319; baseline 0.007 -24"><span class='ocrx_word' id='word_1_142' title='bbox 208 2231 288 2297; x_wconf 90' lang='lat' dir='ltr'>Dat.</span> <span class='ocrx_word' id='word_1_143' title='bbox 303 2232 402 2297; x_wconf 88' lang='lat' dir='ltr'>Avin.</span> <span class='ocrx_word' id='word_1_144' title='bbox 420 2251 438 2315; x_wconf 90' lang='lat'><em>7</em></span> <span class='ocrx_word' id='word_1_145' title='bbox 454 2232 498 2298; x_wconf 93' lang='lat' dir='ltr'>id.</span> <span class='ocrx_word' id='word_1_146' title='bbox 513 2253 592 2298; x_wconf 87' lang='lat' dir='ltr'>nov.</span> <span class='ocrx_word' id='word_1_147' title='bbox 609 2241 643 2298; x_wconf 90' lang='lat' dir='ltr'>a⁰</span> <span class='ocrx_word' id='word_1_148' title='bbox 660 2241 702 2318; x_wconf 87' lang='lat'>7⁰.</span> <span class='ocrx_word' id='word_1_149' title='bbox 719 2233 790 2318; x_wconf 83' lang='lat'>(15,</span> <span class='ocrx_word' id='word_1_150' title='bbox 809 2235 899 2319; x_wconf 88' lang='lat'><strong>304).</strong></span> 
     </span>
    </p>
   </div>
   <div class='ocr_carea' id='block_1_4' title="bbox 167 2369 1525 2782">
    <p class='ocr_par' dir='ltr' id='par_1_7' title="bbox 219 2369 1480 2469">
     <span class='ocr_line' id='line_1_17' title="bbox 219 2369 1480 2469; baseline 0.003 -21"><span class='ocrx_word' id='word_1_151' title='bbox 219 2369 363 2452; x_wconf 79' lang='grc'>1448.</span> <span class='ocrx_word' id='word_1_152' title='bbox 1147 2386 1243 2469; x_wconf 79' lang='lat'><em>1548,</em></span> <span class='ocrx_word' id='word_1_153' title='bbox 1259 2386 1480 2453; x_wconf 73' lang='lat' dir='ltr'>dnovembre.</span> 
     </span>
    </p>

    <p class='ocr_par' dir='ltr' id='par_1_8' title="bbox 167 2487 1525 2782">
     <span class='ocr_line' id='line_1_18' title="bbox 211 2487 1525 2575; baseline 0.001 -21"><span class='ocrx_word' id='word_1_154' title='bbox 211 2487 311 2554; x_wconf 89' lang='lat' dir='ltr'>Motu</span> <span class='ocrx_word' id='word_1_155' title='bbox 326 2490 463 2575; x_wconf 92' lang='lat' dir='ltr'>proprio</span> <span class='ocrx_word' id='word_1_156' title='bbox 477 2508 683 2554; x_wconf 84' lang='lat' dir='ltr'>reservamus</span> <span class='ocrx_word' id='word_1_157' title='bbox 695 2507 768 2554; x_wconf 89' lang='lat' dir='ltr'>can.</span> <span class='ocrx_word' id='word_1_158' title='bbox 785 2494 820 2553; x_wconf 89' lang='lat' dir='ltr'>et</span> <span class='ocrx_word' id='word_1_159' title='bbox 833 2491 927 2574; x_wconf 91' lang='lat' dir='ltr'>preb.</span> <span class='ocrx_word' id='word_1_160' title='bbox 943 2489 1083 2554; x_wconf 88' lang='lat' dir='ltr'>ecclesie</span> <span class='ocrx_word' id='word_1_161' title='bbox 1100 2489 1131 2555; x_wconf 91' lang='lat' dir='ltr'>S.</span> <span class='ocrx_word' id='word_1_162' title='bbox 1148 2487 1238 2552; x_wconf 85' lang='lat' dir='ltr'>Petri</span> <span class='ocrx_word' id='word_1_163' title='bbox 1254 2487 1296 2554; x_wconf 90' lang='lat' dir='ltr'>de</span> <span class='ocrx_word' id='word_1_164' title='bbox 1312 2489 1402 2570; x_wconf 89' lang='lat' dir='ltr'>Aria,</span> <span class='ocrx_word' id='word_1_165' title='bbox 1421 2488 1525 2556; x_wconf 92' lang='lat' dir='ltr'>Mori-</span> 
     </span>
     <span class='ocr_line' id='line_1_19' title="bbox 167 2590 1523 2678; baseline 0.001 -21"><span class='ocrx_word' id='word_1_166' title='bbox 167 2613 244 2658; x_wconf 92' lang='lat' dir='ltr'>nen.</span> <span class='ocrx_word' id='word_1_167' title='bbox 275 2592 373 2673; x_wconf 93' lang='lat' dir='ltr'>dioc.,</span> <span class='ocrx_word' id='word_1_168' title='bbox 397 2592 618 2658; x_wconf 83' lang='lat' dir='ltr'>conferendos</span> <span class='ocrx_word' id='word_1_169' title='bbox 642 2590 828 2671; x_wconf 84' lang='lat' dir='ltr'>Laurencio</span> <span class='ocrx_word' id='word_1_170' title='bbox 855 2590 897 2656; x_wconf 90' lang='lat' dir='ltr'>de</span> <span class='ocrx_word' id='word_1_171' title='bbox 927 2592 1157 2672; x_wconf 89' lang='lat' dir='ltr'>Abbatisvilla,</span> <span class='ocrx_word' id='word_1_172' title='bbox 1189 2592 1366 2676; x_wconf 88' lang='lat' dir='ltr'>capellano</span> <span class='ocrx_word' id='word_1_173' title='bbox 1393 2595 1523 2678; x_wconf 89' lang='lat' dir='ltr'>capelle</span> 
     </span>
     <span class='ocr_line' id='line_1_20' title="bbox 168 2692 1525 2782; baseline 0.001 -22"><span class='ocrx_word' id='word_1_174' title='bbox 168 2704 290 2776; x_wconf 88' lang='lat' dir='ltr'>nostre,</span> <span class='ocrx_word' id='word_1_175' title='bbox 296 2716 373 2761; x_wconf 93' lang='lat' dir='ltr'>cum</span> <span class='ocrx_word' id='word_1_176' title='bbox 385 2715 445 2782; x_wconf 91' lang='lat' dir='ltr'>per</span> <span class='ocrx_word' id='word_1_177' title='bbox 457 2695 706 2761; x_wconf 89' lang='lat' dir='ltr'>assecucionem</span> <span class='ocrx_word' id='word_1_178' title='bbox 715 2693 891 2780; x_wconf 86' lang='lat' dir='ltr'>pacificam</span> <span class='ocrx_word' id='word_1_179' title='bbox 902 2713 976 2759; x_wconf 89' lang='lat' dir='ltr'>can.</span> <span class='ocrx_word' id='word_1_180' title='bbox 993 2701 1028 2758; x_wconf 90' lang='lat' dir='ltr'>et</span> <span class='ocrx_word' id='word_1_181' title='bbox 1038 2695 1130 2779; x_wconf 91' lang='lat' dir='ltr'>preb.</span> <span class='ocrx_word' id='word_1_182' title='bbox 1143 2695 1283 2760; x_wconf 86' lang='lat' dir='ltr'>ecclesie</span> <span class='ocrx_word' id='word_1_183' title='bbox 1297 2692 1525 2774; x_wconf 88' lang='lat' dir='ltr'>Massiliensis,</span> 
     </span>
    </p>
   </div>
   <div class='ocr_carea' id='block_1_5' title="bbox 166 2791 1526 3195">
    <p class='ocr_par' dir='ltr' id='par_1_9' title="bbox 166 2791 1526 3093">
     <span class='ocr_line' id='line_1_21' title="bbox 167 2791 1525 2887; baseline -0.003 -20"><span class='ocrx_word' id='word_1_184' title='bbox 167 2800 210 2867; x_wconf 96' lang='lat' dir='ltr'>de</span> <span class='ocrx_word' id='word_1_185' title='bbox 225 2799 344 2885; x_wconf 93' lang='lat' dir='ltr'>quibus</span> <span class='ocrx_word' id='word_1_186' title='bbox 359 2798 574 2887; x_wconf 87' lang='lat' dir='ltr'>providemus</span> <span class='ocrx_word' id='word_1_187' title='bbox 588 2795 736 2863; x_wconf 83' lang='lat' dir='ltr'>Alodino</span> <span class='ocrx_word' id='word_1_188' title='bbox 749 2791 877 2882; x_wconf 88' lang='lat' dir='ltr'>Falqui,</span> <span class='ocrx_word' id='word_1_189' title='bbox 894 2795 950 2881; x_wconf 92' lang='lat' dir='ltr'>qui</span> <span class='ocrx_word' id='word_1_190' title='bbox 978 2816 1050 2863; x_wconf 88' lang='lat' dir='ltr'>can.</span> <span class='ocrx_word' id='word_1_191' title='bbox 1067 2803 1102 2861; x_wconf 90' lang='lat' dir='ltr'>et</span> <span class='ocrx_word' id='word_1_192' title='bbox 1116 2798 1208 2883; x_wconf 85' lang='lat' dir='ltr'>preb.</span> <span class='ocrx_word' id='word_1_193' title='bbox 1235 2795 1424 2883; x_wconf 89' lang='lat' dir='ltr'>hujusmodi</span> <span class='ocrx_word' id='word_1_194' title='bbox 1440 2799 1525 2865; x_wconf 89' lang='lat' dir='ltr'>obti-</span> 
     </span>
     <span class='ocr_line' id='line_1_22' title="bbox 166 2899 1526 2990; baseline 0 -21"><span class='ocrx_word' id='word_1_195' title='bbox 166 2912 236 2985; x_wconf 86' lang='lat' dir='ltr'>net,</span> <span class='ocrx_word' id='word_1_196' title='bbox 251 2904 307 2969; x_wconf 89' lang='lat' dir='ltr'>vel</span> <span class='ocrx_word' id='word_1_197' title='bbox 322 2903 407 2970; x_wconf 89' lang='lat' dir='ltr'>alias</span> <span class='ocrx_word' id='word_1_198' title='bbox 419 2912 632 2990; x_wconf 87' lang='lat' dir='ltr'>preterquam</span> <span class='ocrx_word' id='word_1_199' title='bbox 647 2921 708 2987; x_wconf 91' lang='lat' dir='ltr'>per</span> <span class='ocrx_word' id='word_1_200' title='bbox 723 2900 823 2987; x_wconf 89' lang='lat' dir='ltr'>ipsius</span> <span class='ocrx_word' id='word_1_201' title='bbox 847 2899 983 2966; x_wconf 88' lang='lat' dir='ltr'>Alodini</span> <span class='ocrx_word' id='word_1_202' title='bbox 1006 2900 1136 2965; x_wconf 88' lang='lat' dir='ltr'>obitum</span> <span class='ocrx_word' id='word_1_203' title='bbox 1160 2901 1364 2969; x_wconf 89' lang='lat' dir='ltr'>vacaverint.</span> <span class='ocrx_word' id='word_1_204' title='bbox 1391 2943 1434 2953; x_wconf 86' lang='lat'>-</span> <span class='ocrx_word' id='word_1_205' title='bbox 1450 2902 1526 2969; x_wconf 81' lang='lat' dir='ltr'>Fiat</span> 
     </span>
     <span class='ocr_line' id='line_1_23' title="bbox 167 3007 472 3093; baseline 0.007 -21"><span class='ocrx_word' id='word_1_206' title='bbox 167 3017 265 3073; x_wconf 92' lang='lat' dir='ltr'>motu</span> <span class='ocrx_word' id='word_1_207' title='bbox 278 3007 414 3093; x_wconf 93' lang='lat' dir='ltr'>proprio</span> <span class='ocrx_word' id='word_1_208' title='bbox 431 3007 472 3074; x_wconf 93' lang='lat' dir='ltr'>R.</span> 
     </span>
    </p>

    <p class='ocr_par' dir='ltr' id='par_1_10' title="bbox 212 3109 861 3195">
     <span class='ocr_line' id='line_1_24' title="bbox 212 3109 861 3195; baseline -0.003 -20"><span class='ocrx_word' id='word_1_209' title='bbox 212 3109 293 3176; x_wconf 84' lang='lat' dir='ltr'>Dat.</span> <span class='ocrx_word' id='word_1_210' title='bbox 308 3110 408 3177; x_wconf 83' lang='lat' dir='ltr'>Avin.</span> <span class='ocrx_word' id='word_1_211' title='bbox 426 3115 443 3175; x_wconf 90' lang='lat'>6</span> <span class='ocrx_word' id='word_1_212' title='bbox 467 3110 511 3177; x_wconf 92' lang='lat' dir='ltr'>id.</span> <span class='ocrx_word' id='word_1_213' title='bbox 527 3130 606 3182; x_wconf 85' lang='lat' dir='ltr'>nov.</span> <span class='ocrx_word' id='word_1_214' title='bbox 623 3116 657 3174; x_wconf 90' lang='lat' dir='ltr'>a⁰</span> <span class='ocrx_word' id='word_1_215' title='bbox 674 3116 715 3194; x_wconf 91' lang='lat'>7⁰.</span> <span class='ocrx_word' id='word_1_216' title='bbox 729 3109 799 3195; x_wconf 89' lang='lat'>(16,</span> <span class='ocrx_word' id='word_1_217' title='bbox 814 3110 861 3192; x_wconf 89' lang='lat'>2).</span> 
     </span>
    </p>
   </div>
   <div class='ocr_carea' id='block_1_6' title="bbox 162 3247 1526 4275">
    <p class='ocr_par' dir='ltr' id='par_1_11' title="bbox 162 3247 1483 3341">
     <span class='ocr_line' id='line_1_25' title="bbox 162 3247 1483 3341; baseline -0.002 -13"><span class='ocrx_word' id='word_1_218' title='bbox 162 3288 165 3291; x_wconf 69' lang='grc'>’</span> <span class='ocrx_word' id='word_1_219' title='bbox 223 3247 368 3330; x_wconf 75' lang='grc'>1449.</span> <span class='ocrx_word' id='word_1_220' title='bbox 1150 3260 1246 3341; x_wconf 75' lang='lat'><em>1348,</em></span> <span class='ocrx_word' id='word_1_221' title='bbox 1262 3262 1483 3327; x_wconf 72' lang='lat' dir='ltr'>dnovembre.</span> 
     </span>
    </p>

    <p class='ocr_par' dir='ltr' id='par_1_12' title="bbox 166 3359 1526 3968">
     <span class='ocr_line' id='line_1_26' title="bbox 213 3359 1526 3452; baseline -0.001 -22"><span class='ocrx_word' id='word_1_222' title='bbox 213 3366 337 3452; x_wconf 84' lang='lat' dir='ltr'>Supp...</span> <span class='ocrx_word' id='word_1_223' title='bbox 352 3364 555 3445; x_wconf 87' lang='lat' dir='ltr'>Anthonius,</span> <span class='ocrx_word' id='word_1_224' title='bbox 571 3362 676 3442; x_wconf 89' lang='lat' dir='ltr'>miles,</span> <span class='ocrx_word' id='word_1_225' title='bbox 684 3369 784 3427; x_wconf 88' lang='lat' dir='ltr'>natus</span> <span class='ocrx_word' id='word_1_226' title='bbox 795 3360 924 3447; x_wconf 88' lang='lat' dir='ltr'>Aytoni</span> <span class='ocrx_word' id='word_1_227' title='bbox 942 3359 984 3425; x_wconf 95' lang='lat' dir='ltr'>de</span> <span class='ocrx_word' id='word_1_228' title='bbox 996 3360 1098 3426; x_wconf 88' lang='lat' dir='ltr'>Auria</span> <span class='ocrx_word' id='word_1_229' title='bbox 1114 3361 1239 3442; x_wconf 79' lang='lat' dir='ltr'>militie,</span> <span class='ocrx_word' id='word_1_230' title='bbox 1256 3371 1347 3446; x_wconf 87' lang='lat' dir='ltr'>quat.</span> <span class='ocrx_word' id='word_1_231' title='bbox 1363 3364 1526 3449; x_wconf 70' lang='grc' dir='ltr'>[Αγῑοηο1</span> 
     </span>
     <span class='ocr_line' id='line_1_27' title="bbox 168 3462 1525 3549; baseline -0.001 -14"><span class='ocrx_word' id='word_1_232' title='bbox 168 3470 291 3537; x_wconf 89' lang='lat' dir='ltr'>clerico</span> <span class='ocrx_word' id='word_1_233' title='bbox 308 3467 475 3534; x_wconf 89' lang='lat' dir='ltr'>Morinen.</span> <span class='ocrx_word' id='word_1_234' title='bbox 491 3467 589 3548; x_wconf 91' lang='lat' dir='ltr'>dioc.,</span> <span class='ocrx_word' id='word_1_235' title='bbox 613 3467 708 3549; x_wconf 90' lang='lat' dir='ltr'>nato]</span> <span class='ocrx_word' id='word_1_236' title='bbox 735 3464 882 3549; x_wconf 88' lang='lat' dir='ltr'>magistri</span> <span class='ocrx_word' id='word_1_237' title='bbox 911 3462 1049 3529; x_wconf 88' lang='lat' dir='ltr'>Roberti</span> <span class='ocrx_word' id='word_1_238' title='bbox 1081 3463 1123 3529; x_wconf 92' lang='lat' dir='ltr'>de</span> <span class='ocrx_word' id='word_1_239' title='bbox 1139 3465 1170 3531; x_wconf 80' lang='lat' dir='ltr'>S.</span> <span class='ocrx_word' id='word_1_240' title='bbox 1187 3464 1288 3531; x_wconf 90' lang='lat' dir='ltr'>Petro</span> <span class='ocrx_word' id='word_1_241' title='bbox 1314 3465 1356 3532; x_wconf 92' lang='lat' dir='ltr'>de</span> <span class='ocrx_word' id='word_1_242' title='bbox 1382 3464 1525 3533; x_wconf 86' lang='lat' dir='ltr'>Bolonia</span> 
     </span>
     <span class='ocr_line' id='line_1_28' title="bbox 167 3567 1524 3659; baseline -0.003 -20"><span class='ocrx_word' id='word_1_243' title='bbox 167 3593 267 3659; x_wconf 89' lang='lat' dir='ltr'>supra</span> <span class='ocrx_word' id='word_1_244' title='bbox 282 3591 384 3654; x_wconf 91' lang='lat' dir='ltr'>mare,</span> <span class='ocrx_word' id='word_1_245' title='bbox 401 3572 456 3657; x_wconf 94' lang='lat' dir='ltr'>qui</span> <span class='ocrx_word' id='word_1_246' title='bbox 482 3570 649 3636; x_wconf 90' lang='lat' dir='ltr'>Robertus</span> <span class='ocrx_word' id='word_1_247' title='bbox 667 3570 759 3635; x_wconf 90' lang='lat' dir='ltr'>dom.</span> <span class='ocrx_word' id='word_1_248' title='bbox 784 3568 951 3655; x_wconf 91' lang='lat' dir='ltr'>Philipp0,</span> <span class='ocrx_word' id='word_1_249' title='bbox 978 3568 1045 3653; x_wconf 91' lang='lat' dir='ltr'>regi</span> <span class='ocrx_word' id='word_1_250' title='bbox 1071 3567 1222 3650; x_wconf 88' lang='lat' dir='ltr'>Francie,</span> <span class='ocrx_word' id='word_1_251' title='bbox 1249 3571 1351 3655; x_wconf 89' lang='lat' dir='ltr'>longo</span> <span class='ocrx_word' id='word_1_252' title='bbox 1372 3579 1524 3657; x_wconf 85' lang='lat' dir='ltr'>tempore</span> 
     </span>
     <span class='ocr_line' id='line_1_29' title="bbox 167 3671 1522 3759; baseline -0.001 -17"><span class='ocrx_word' id='word_1_253' title='bbox 167 3676 348 3757; x_wconf 74' lang='lat' dir='ltr'>servivit...</span> <span class='ocrx_word' id='word_1_254' title='bbox 364 3675 407 3742; x_wconf 94' lang='lat' dir='ltr'>de</span> <span class='ocrx_word' id='word_1_255' title='bbox 423 3695 498 3741; x_wconf 90' lang='lat' dir='ltr'>can.</span> <span class='ocrx_word' id='word_1_256' title='bbox 514 3677 573 3740; x_wconf 91' lang='lat' dir='ltr'>sub</span> <span class='ocrx_word' id='word_1_257' title='bbox 589 3695 665 3759; x_wconf 86' lang='lat' dir='ltr'>exp.</span> <span class='ocrx_word' id='word_1_258' title='bbox 680 3675 795 3759; x_wconf 90' lang='lat' dir='ltr'>preb...</span> <span class='ocrx_word' id='word_1_259' title='bbox 811 3672 845 3736; x_wconf 89' lang='lat' dir='ltr'>in</span> <span class='ocrx_word' id='word_1_260' title='bbox 862 3673 945 3738; x_wconf 89' lang='lat' dir='ltr'>eccl.</span> <span class='ocrx_word' id='word_1_261' title='bbox 961 3671 993 3738; x_wconf 85' lang='lat' dir='ltr'>S.</span> <span class='ocrx_word' id='word_1_262' title='bbox 1016 3671 1212 3753; x_wconf 90' lang='lat' dir='ltr'>Audomari,</span> <span class='ocrx_word' id='word_1_263' title='bbox 1230 3671 1398 3739; x_wconf 87' lang='lat' dir='ltr'>Morinen.</span> <span class='ocrx_word' id='word_1_264' title='bbox 1425 3674 1522 3749; x_wconf 90' lang='lat' dir='ltr'>dioc.,</span> 
     </span>
     <span class='ocr_line' id='line_1_30' title="bbox 166 3775 1523 3865; baseline -0.001 -22"><span class='ocrx_word' id='word_1_265' title='bbox 166 3800 241 3847; x_wconf 90' lang='lat' dir='ltr'>vac.</span> <span class='ocrx_word' id='word_1_266' title='bbox 256 3780 312 3844; x_wconf 90' lang='lat' dir='ltr'>vel</span> <span class='ocrx_word' id='word_1_267' title='bbox 326 3786 448 3860; x_wconf 84' lang='lat' dir='ltr'>vacat,</span> <span class='ocrx_word' id='word_1_268' title='bbox 464 3778 663 3865; x_wconf 85' lang='lat' dir='ltr'>preferendo</span> <span class='ocrx_word' id='word_1_269' title='bbox 677 3797 755 3841; x_wconf 91' lang='lat' dir='ltr'>eum</span> <span class='ocrx_word' id='word_1_270' title='bbox 782 3775 936 3842; x_wconf 89' lang='lat' dir='ltr'>omnibus</span> <span class='ocrx_word' id='word_1_271' title='bbox 952 3794 1163 3859; x_wconf 88' lang='lat' dir='ltr'>quacumque</span> <span class='ocrx_word' id='word_1_272' title='bbox 1191 3784 1279 3841; x_wconf 88' lang='lat' dir='ltr'>auct.</span> <span class='ocrx_word' id='word_1_273' title='bbox 1295 3776 1399 3842; x_wconf 89' lang='lat' dir='ltr'>etiam</span> <span class='ocrx_word' id='word_1_274' title='bbox 1414 3787 1523 3844; x_wconf 84' lang='lat' dir='ltr'>vestm</span> 
     </span>
     <span class='ocr_line' id='line_1_31' title="bbox 166 3878 1490 3968; baseline -0.002 -19"><span class='ocrx_word' id='word_1_275' title='bbox 166 3885 202 3949; x_wconf 92' lang='lat' dir='ltr'>in</span> <span class='ocrx_word' id='word_1_276' title='bbox 218 3882 310 3949; x_wconf 89' lang='lat' dir='ltr'>dicta</span> <span class='ocrx_word' id='word_1_277' title='bbox 320 3884 402 3950; x_wconf 92' lang='lat' dir='ltr'>eccl.</span> <span class='ocrx_word' id='word_1_278' title='bbox 418 3882 607 3968; x_wconf 88' lang='lat' dir='ltr'>prebendas</span> <span class='ocrx_word' id='word_1_279' title='bbox 617 3880 884 3967; x_wconf 88' lang='lat' dir='ltr'>expectantibus,</span> <span class='ocrx_word' id='word_1_280' title='bbox 901 3878 1085 3963; x_wconf 88' lang='lat' dir='ltr'>dignemini</span> <span class='ocrx_word' id='word_1_281' title='bbox 1101 3878 1288 3964; x_wconf 89' lang='lat' dir='ltr'>providere.</span> <span class='ocrx_word' id='word_1_282' title='bbox 1298 3919 1341 3929; x_wconf 86' lang='lat'>-</span> <span class='ocrx_word' id='word_1_283' title='bbox 1358 3878 1434 3945; x_wconf 91' lang='lat' dir='ltr'>Fiat</span> <span class='ocrx_word' id='word_1_284' title='bbox 1450 3880 1490 3947; x_wconf 89' lang='lat' dir='ltr'>R.</span> 
     </span>
    </p>

    <p class='ocr_par' dir='ltr' id='par_1_13' title="bbox 169 3981 1523 4175">
     <span class='ocr_line' id='line_1_32' title="bbox 212 3981 1523 4071; baseline -0.002 -20"><span class='ocrx_word' id='word_1_285' title='bbox 212 3985 301 4052; x_wconf 90' lang='lat' dir='ltr'>Item</span> <span class='ocrx_word' id='word_1_286' title='bbox 327 3995 418 4071; x_wconf 87' lang='lat' dir='ltr'>quat.</span> <span class='ocrx_word' id='word_1_287' title='bbox 447 3985 508 4051; x_wconf 87' lang='lat' dir='ltr'>sibi</span> <span class='ocrx_word' id='word_1_288' title='bbox 535 3994 570 4050; x_wconf 90' lang='lat' dir='ltr'>et</span> <span class='ocrx_word' id='word_1_289' title='bbox 595 3982 766 4063; x_wconf 87' lang='lat' dir='ltr'>Andriole,</span> <span class='ocrx_word' id='word_1_290' title='bbox 797 3981 891 4047; x_wconf 85' lang='lat' dir='ltr'>uxori</span> <span class='ocrx_word' id='word_1_291' title='bbox 923 3982 993 4065; x_wconf 87' lang='lat' dir='ltr'>ejus</span> <span class='ocrx_word' id='word_1_292' title='bbox 1019 3988 1054 4046; x_wconf 90' lang='lat' dir='ltr'>et</span> <span class='ocrx_word' id='word_1_293' title='bbox 1080 3981 1236 4066; x_wconf 85' lang='lat' dir='ltr'>Agnesie,</span> <span class='ocrx_word' id='word_1_294' title='bbox 1255 3982 1349 4049; x_wconf 86' lang='lat' dir='ltr'>uxori</span> <span class='ocrx_word' id='word_1_295' title='bbox 1376 3984 1523 4069; x_wconf 86' lang='lat' dir='ltr'>magistri</span> 
     </span>
     <span class='ocr_line' id='line_1_33' title="bbox 169 4082 1131 4175; baseline -0.005 -20"><span class='ocrx_word' id='word_1_296' title='bbox 169 4089 309 4155; x_wconf 88' lang='lat' dir='ltr'>Roberti</span> <span class='ocrx_word' id='word_1_297' title='bbox 333 4089 484 4175; x_wconf 88' lang='lat' dir='ltr'>predicti,</span> <span class='ocrx_word' id='word_1_298' title='bbox 503 4087 587 4175; x_wconf 89' lang='lat' dir='ltr'>[ind.</span> <span class='ocrx_word' id='word_1_299' title='bbox 603 4088 637 4152; x_wconf 92' lang='lat' dir='ltr'>in</span> <span class='ocrx_word' id='word_1_300' title='bbox 664 4094 724 4152; x_wconf 92' lang='lat' dir='ltr'>art.</span> <span class='ocrx_word' id='word_1_301' title='bbox 739 4083 919 4170; x_wconf 90' lang='lat' dir='ltr'>mortis]...</span> <span class='ocrx_word' id='word_1_302' title='bbox 936 4124 980 4134; x_wconf 90' lang='lat'>—</span> <span class='ocrx_word' id='word_1_303' title='bbox 995 4082 1070 4150; x_wconf 88' lang='lat' dir='ltr'>Fiat</span> <span class='ocrx_word' id='word_1_304' title='bbox 1091 4084 1131 4150; x_wconf 92' lang='lat' dir='ltr'>R.</span> 
     </span>
    </p>

    <p class='ocr_par' dir='ltr' id='par_1_14' title="bbox 214 4190 860 4275">
     <span class='ocr_line' id='line_1_34' title="bbox 214 4190 860 4275; baseline -0.006 -16"><span class='ocrx_word' id='word_1_305' title='bbox 214 4194 294 4263; x_wconf 87' lang='lat' dir='ltr'>Dat.</span> <span class='ocrx_word' id='word_1_306' title='bbox 309 4196 410 4262; x_wconf 83' lang='lat' dir='ltr'>Avin.</span> <span class='ocrx_word' id='word_1_307' title='bbox 428 4199 445 4259; x_wconf 91' lang='lat'>6</span> <span class='ocrx_word' id='word_1_308' title='bbox 463 4195 506 4260; x_wconf 93' lang='lat' dir='ltr'>id.</span> <span class='ocrx_word' id='word_1_309' title='bbox 521 4214 600 4259; x_wconf 88' lang='lat' dir='ltr'>nov.</span> <span class='ocrx_word' id='word_1_310' title='bbox 615 4200 649 4258; x_wconf 89' lang='lat' dir='ltr'>a⁰</span> <span class='ocrx_word' id='word_1_311' title='bbox 665 4200 707 4274; x_wconf 91' lang='lat'>7⁰.</span> <span class='ocrx_word' id='word_1_312' title='bbox 725 4192 795 4275; x_wconf 88' lang='lat'>(16,</span> <span class='ocrx_word' id='word_1_313' title='bbox 814 4190 860 4274; x_wconf 86' lang='lat'>5).</span> 
     </span>
    </p>
   </div>
   <div class='ocr_carea' id='block_1_7' title="bbox 214 4331 1525 4537">
    <p class='ocr_par' dir='ltr' id='par_1_15' title="bbox 214 4331 1525 4537">
     <span class='ocr_line' id='line_1_35' title="bbox 225 4331 1483 4423; baseline -0.02 8"><span class='ocrx_word' id='word_1_314' title='bbox 225 4331 369 4416; x_wconf 75' lang='lat'>1450·</span> <span class='ocrx_word' id='word_1_315' title='bbox 1152 4341 1246 4423; x_wconf 78' lang='lat'><em>1348,</em></span> <span class='ocrx_word' id='word_1_316' title='bbox 1263 4342 1287 4404; x_wconf 87' lang='lat'><em>8</em></span> <span class='ocrx_word' id='word_1_317' title='bbox 1300 4342 1483 4407; x_wconf 80' lang='lat' dir='ltr'>novembre.</span> 
     </span>
     <span class='ocr_line' id='line_1_36' title="bbox 214 4440 1525 4537; baseline -0.005 -21"><span class='ocrx_word' id='word_1_318' title='bbox 214 4450 337 4537; x_wconf 82' lang='lat' dir='ltr'>Supp...</span> <span class='ocrx_word' id='word_1_319' title='bbox 352 4448 548 4528; x_wconf 89' lang='lat' dir='ltr'>Anibaldus,</span> <span class='ocrx_word' id='word_1_320' title='bbox 564 4448 666 4534; x_wconf 88' lang='lat' dir='ltr'>episc.</span> <span class='ocrx_word' id='word_1_321' title='bbox 681 4443 899 4524; x_wconf 72' lang='lat' dir='ltr'>Tusculanus</span> <span class='ocrx_word' id='word_1_322' title='bbox 916 4450 1006 4527; x_wconf 88' lang='lat' dir='ltr'>quat.</span> <span class='ocrx_word' id='word_1_323' title='bbox 1027 4440 1244 4509; x_wconf 88' lang='lat' dir='ltr'>Thomasello</span> <span class='ocrx_word' id='word_1_324' title='bbox 1268 4444 1310 4510; x_wconf 92' lang='lat' dir='ltr'>de</span> <span class='ocrx_word' id='word_1_325' title='bbox 1333 4444 1488 4510; x_wconf 89' lang='lat' dir='ltr'>Ceccano</span> <span class='ocrx_word' id='word_1_326' title='bbox 1504 4452 1525 4523; x_wconf 65' lang='lat'>¹³,</span> 
     </span>
    </p>
   </div>
   <div class='ocr_carea' id='block_1_8' title="bbox 97 4544 1527 4646">
    <p class='ocr_par' dir='ltr' id='par_1_16' title="bbox 97 4544 1527 4646">
     <span class='ocr_line' id='line_1_37' title="bbox 97 4544 1527 4646; baseline -0.006 -26"><span class='ocrx_word' id='word_1_327' title='bbox 97 4633 105 4646; x_wconf 85' lang='lat'>.</span> <span class='ocrx_word' id='word_1_328' title='bbox 170 4554 242 4620; x_wconf 91' lang='lat' dir='ltr'>filio</span> <span class='ocrx_word' id='word_1_329' title='bbox 255 4553 393 4620; x_wconf 89' lang='lat' dir='ltr'>Berardi</span> <span class='ocrx_word' id='word_1_330' title='bbox 417 4552 460 4619; x_wconf 91' lang='lat' dir='ltr'>de</span> <span class='ocrx_word' id='word_1_331' title='bbox 482 4551 638 4618; x_wconf 91' lang='lat' dir='ltr'>Ceccano</span> <span class='ocrx_word' id='word_1_332' title='bbox 654 4548 676 4632; x_wconf 62' lang='lat'>³¹,</span> <span class='ocrx_word' id='word_1_333' title='bbox 705 4546 839 4635; x_wconf 89' lang='lat' dir='ltr'>nepotis</span> <span class='ocrx_word' id='word_1_334' title='bbox 865 4547 925 4629; x_wconf 84' lang='lat' dir='ltr'>sui,</span> <span class='ocrx_word' id='word_1_335' title='bbox 955 4544 1206 4613; x_wconf 87' lang='lat' dir='ltr'>Ferentinaten.</span> <span class='ocrx_word' id='word_1_336' title='bbox 1227 4547 1324 4628; x_wconf 87' lang='lat' dir='ltr'>dioc.,</span> <span class='ocrx_word' id='word_1_337' title='bbox 1351 4547 1527 4634; x_wconf 89' lang='lat' dir='ltr'>providere</span> 
     </span>
    </p>
   </div>
   <div class='ocr_carea' id='block_1_9' title="bbox 174 4732 1528 4867">
    <p class='ocr_par' dir='ltr' id='par_1_17' title="bbox 174 4732 1528 4867">
     <span class='ocr_line' id='line_1_38' title="bbox 204 4732 1528 4805; baseline -0.005 -14"><span class='ocrx_word' id='word_1_338' title='bbox 204 4743 233 4805; x_wconf 85' lang='lat' dir='ltr'>a)</span> <span class='ocrx_word' id='word_1_339' title='bbox 249 4742 290 4792; x_wconf 92' lang='lat' dir='ltr'>On</span> <span class='ocrx_word' id='word_1_340' title='bbox 300 4742 372 4791; x_wconf 78' lang='lat' dir='ltr'>avait</span> <span class='ocrx_word' id='word_1_341' title='bbox 382 4740 490 4790; x_wconf 82' lang='lat' dir='ltr'>d&#39;abord</span> <span class='ocrx_word' id='word_1_342' title='bbox 500 4738 565 4789; x_wconf 73' lang='lat' dir='ltr'>ecrit</span> <span class='ocrx_word' id='word_1_343' title='bbox 577 4741 696 4799; x_wconf 81' lang='lat' dir='ltr'>Coctano,</span> <span class='ocrx_word' id='word_1_344' title='bbox 709 4737 787 4800; x_wconf 88' lang='lat' dir='ltr'>qu’on</span> <span class='ocrx_word' id='word_1_345' title='bbox 798 4751 814 4786; x_wconf 87' lang='lat' dir='ltr'>a</span> <span class='ocrx_word' id='word_1_346' title='bbox 825 4732 889 4785; x_wconf 67' lang='lat' dir='ltr'>bitte</span> <span class='ocrx_word' id='word_1_347' title='bbox 904 4738 931 4784; x_wconf 88' lang='lat' dir='ltr'>et</span> <span class='ocrx_word' id='word_1_348' title='bbox 948 4734 997 4783; x_wconf 78' lang='lat' dir='ltr'>tait</span> <span class='ocrx_word' id='word_1_349' title='bbox 1013 4734 1098 4783; x_wconf 81' lang='lat' dir='ltr'>euivrc</span> <span class='ocrx_word' id='word_1_350' title='bbox 1114 4734 1150 4784; x_wconf 89' lang='lat' dir='ltr'>du</span> <span class='ocrx_word' id='word_1_351' title='bbox 1162 4732 1287 4783; x_wconf 71' lang='lat' dir='ltr'>veritable</span> <span class='ocrx_word' id='word_1_352' title='bbox 1304 4750 1373 4785; x_wconf 90' lang='lat' dir='ltr'>nom.</span> <span class='ocrx_word' id='word_1_353' title='bbox 1382 4763 1414 4771; x_wconf 96' lang='lat'><em>-</em></span> <span class='ocrx_word' id='word_1_354' title='bbox 1427 4736 1456 4798; x_wconf 88' lang='lat' dir='ltr'>b)</span> <span class='ocrx_word' id='word_1_355' title='bbox 1472 4734 1528 4785; x_wconf 76' lang='lat' dir='ltr'>(bd.</span> 
     </span>
     <span class='ocr_line' id='line_1_39' title="bbox 174 4816 296 4867; baseline 0 -1"><span class='ocrx_word' id='word_1_356' title='bbox 174 4816 296 4867; x_wconf 75' lang='lat' dir='ltr'>coctano.</span> 
     </span>
    </p>
   </div>
   <div class='ocr_carea' id='block_1_10' title="bbox 209 5036 441 5086">
    <p class='ocr_par' dir='ltr' id='par_1_18' title="bbox 209 5036 441 5086">
     <span class='ocr_line' id='line_1_40' title="bbox 209 5036 441 5086; baseline 0.004 -2"><span class='ocrx_word' id='word_1_357' title='bbox 209 5036 232 5086; x_wconf 88' lang='lat' dir='ltr'>l.</span> <span class='ocrx_word' id='word_1_358' title='bbox 249 5036 310 5085; x_wconf 84' lang='lat' dir='ltr'>Voir</span> <span class='ocrx_word' id='word_1_359' title='bbox 326 5050 352 5086; x_wconf 90' lang='lat' dir='ltr'>n.</span> <span class='ocrx_word' id='word_1_360' title='bbox 370 5037 441 5085; x_wconf 81' lang='lat'><strong>1201.</strong></span> 
     </span>
    </p>
   </div>
   <div class='ocr_carea' id='block_1_11' title="bbox 0 0 1837 5675">
    <p class='ocr_par' dir='ltr' id='par_1_19' title="bbox 0 0 1837 5675">
     <span class='ocr_line' id='line_1_41' title="bbox 0 0 1837 5675; baseline 0 0"><span class='ocrx_word' id='word_1_361' title='bbox 0 0 1837 5675; x_wconf 95' lang='lat' dir='ltr'> </span> 
     </span>
    </p>
   </div>
  </div>
 </body>
</html>
