3650 5675
312 509 372 573 626
869 508 957 585 1352,
982 507 1021 570 22
1040 506 1118 587 J'uin.

313 668 436 739 rantur,
461 660 614 741 retinere,
630 669 665 725 et
688 660 743 725 illa
766 680 842 725 curn
870 658 1031 723 similibus
1054 658 1109 722 vel
1133 657 1345 723 dissimilibus
1368 658 1458 724 licite
1481 670 1670 745 permutare

313 764 434 843 valeat,
465 763 722 831 misericorditer
748 764 1003 849 dispensantes3
1032 782 1109 827 cum
1132 782 1201 827 non
1225 763 1434 829 obstantibus
1461 772 1496 829 et
1518 766 1672 831 clausulis

314 868 497 952 oportunis,
513 908 556 917 -
574 867 805 933 Habilitamus
821 877 854 932 et
870 866 1093 951 providemus.
1112 864 1152 929 R.

357 970 434 1036 Dat.
450 972 550 1037 Avin.
571 992 606 1036 12
623 969 690 1036 kal.
704 971 776 1057 julii
792 982 825 1035 a⁰
846 978 906 1036 11⁰.
924 972 999 1055 (22,
1017 972 1100 1053 34‘).

364 1122 1456 1222 2409.1352,
1480 1162 1521 1203 22
1538 1140 1625 1221 juin.

357 1240 458 1325 Supp.
475 1240 595 1325 regina'
612 1239 765 1322 Francie,
787 1252 879 1327 quat.
907 1241 1101 1327 [capellano
1117 1261 1175 1305 suo
1192 1240 1282 1305 fratri
1294 1240 1313 1319 J
1317 1242 1442 1307 olranni
1459 1243 1501 1308 de
1514 1242 1671 1311 Briclrau·

313 1344 448 1423 tlicuria,
472 1345 641 1410 monacho
664 1366 818 1430 expresse
841 1344 1007 1431 professo]
1041 1344 1236 1409 monasterii
1268 1344 1299 1410 S.
1335 1345 1432 1429 Eligii
1457 1345 1671 1424 Noviomen,

314 1447 355 1512 O.
366 1448 397 1513 S.
409 1447 458 1529 B,
475 1449 516 1514 de
533 1450 740 1536 prepositura
757 1450 788 1513 S.
804 1448 950 1514 Amaudi
966 1449 1007 1514 de
1024 1447 1195 1513 Barisiaco
1211 1469 1288 1513 cum
1304 1448 1370 1514 suis
1380 1449 1507 1533 juribus
1522 1458 1556 1515 et
1572 1453 1673 1537 perti-

313 1552 445 1632 nentiis,
470 1552 610 1637 predicti
636 1552 769 1632 ordinis,
795 1552 990 1617 Laudunerr.
1015 1552 1113 1632 dioc,
1140 1572 1159 1616 a
1183 1552 1387 1617 monasterio
1410 1552 1441 1618 S.
1464 1555 1610 1619 Amandi
1637 1555 1671 1619 iu

314 1655 452 1737 Pabula,
469 1656 655 1722 Tomacen.
671 1656 769 1737 dioc,
785 1656 1008 1741 dependente,
1032 1677 1103 1721 vac.
1127 1676 1186 1741 per
1209 1658 1262 1722 ob.
1286 1655 1392 1721 fratris
1416 1657 1613 1723 Estandardi
1629 1660 1671 1724 de

315 1757 447 1839 Noella,
463 1769 498 1826 et
513 1781 572 1845 per
588 1761 849 1825 reservationem
866 1760 1044 1825 decadem
1069 1768 1148 1825 ante
1165 1759 1266 1844 ipsius
1282 1762 1335 1825 ob.
1353 1759 1487 1843 factam,
1504 1762 1559 1846 qui
1576 1772 1670 1828 extra

314 1863 438 1927 curiam
456 1863 553 1929 Rom.
569 1864 721 1945 decessit,
738 1871 796 1929 aut
811 1865 893 1929 alias
909 1862 1130 1948 quovismodo
1146 1871 1255 1943 vacet,
1270 1863 1453 1948 dignemini
1468 1866 1643 1950 providere
1659 1890 1667 1945 ;

312 1987 389 2031 curn
413 1968 642 2047 translatione,
658 1967 867 2048 inhibitione,
892 1976 956 2033 etc.
981 1966 1061 2031 Non
1087 1970 1172 2031 obst.
1196 1966 1285 2048 quod
1308 1966 1407 2032 frater
1429 1967 1611 2035 Balduinus
1625 1970 1669 2034 de

313 2069 535 2151 Bellomonte,
551 2073 737 2137 monachus
760 2070 840 2137 dicti
864 2071 1058 2136 monasterii
1075 2071 1107 2136 S.
1122 2071 1267 2137 Amandi
1290 2071 1323 2135 in
1341 2070 1475 2152 Pabula,
1492 2093 1669 2157 perunum

313 2194 438 2238 annum
454 2183 489 2239 et
503 2175 645 2260 amplius
670 2176 849 2241 detinuerit
872 2186 906 2240 et
930 2175 1077 2240 indebite
1104 2175 1257 2240 detineat
1283 2184 1482 2261 occupatam
1501 2199 1509 2254 ;
1534 2185 1669 2243 etcum

312 2279 465 2344 omnibus
481 2279 552 2344 aliis
566 2301 635 2345 non
651 2283 736 2345 obst.
753 2290 787 2345 et
803 2280 957 2345 clausulis
973 2281 1148 2365 oportunis
1163 2300 1202 2345 ac
1218 2279 1461 2345 executoribus.
1474 2316 1517 2325 —
1534 2279 1611 2345 Fiat
1627 2281 1669 2347 R.

356 2382 434 2447 Dat.
450 2384 549 2449 Avin.
571 2404 607 2448 10
624 2381 689 2449 kal.
703 2384 774 2467 julii
791 2393 823 2448 a⁰
844 2392 903 2449 11⁰.
922 2391 998 2467 (22,
1017 2386 1085 2467 36).

362 2538 505 2621 2410.
542 2557 545 2561 ’
1377 2572 1471 2635 1352,
1485 2575 1526 2617 22
1536 2552 1624 2634 juin.

353 2655 454 2741 Supp.
471 2655 491 2734 J
495 2656 688 2740 (ohannes),
704 2657 736 2721 S.
745 2656 877 2741 Georgii
895 2657 938 2723 ad
953 2659 1065 2722 velum
1082 2678 1219 2722 aureum
1235 2658 1318 2722 diac.
1335 2645 1434 2737 card,
1451 2666 1542 2740 quat.
1559 2656 1668 2740 [sami-

309 2758 379 2823 liari
407 2780 467 2824 suo
482 2757 620 2846 Livino]
652 2759 782 2841 Boitac,
808 2760 1026 2826 Cameracen.
1051 2761 1148 2835 dioc..
1164 2761 1206 2826 de
1222 2761 1376 2848 parrocb.
1403 2762 1485 2825 eccl.
1508 2760 1550 2825 de
1574 2759 1667 2838 Bost,

310 2863 459 2947 ejusdem
485 2864 582 2944 dioc,
606 2885 678 2930 vac.
706 2865 740 2929 in
765 2865 856 2930 curia
879 2887 939 2950 per
954 2874 1097 2931 mortem
1122 2865 1289 2942 Jolraunis
1303 2864 1345 2930 de
1372 2865 1483 2949 lingua
1509 2865 1628 2949 gallica
1646 2876 1666 2941 ¹,

309 2967 416 3032 ultimi
439 2968 585 3046 rectoris,
610 2967 665 3051 qui
689 2969 722 3032 in
746 2968 864 3033 itinere
890 2969 987 3034 Rom.
1010 2969 1099 3034 diem
1123 2971 1241 3035 clausit
1264 2978 1460 3048 extremum,
1483 2967 1665 3052 dignemini

309 3071 493 3154 providere.
509 3112 552 3120 -
569 3071 644 3136 Fiat
661 3070 700 3137 R.

353 3174 432 3239 Dat.
449 3174 548 3239 Avin.
570 3195 606 3240 10
622 3173 689 3241 kal.
703 3176 772 3261 julii
791 3185 824 3240 a⁰
845 3185 904 3240 11⁰.
923 3177 997 3260 (22,
1016 3179 1082 3259 37).
1106 3260 1115 3268 ‚

361 3329 496 3410 2411.
1370 3363 1464 3428 1552,
1482 3366 1522 3409 22
1533 3366 1620 3424 sicin.

353 3447 441 3532 Sign.
466 3447 497 3512 S.
513 3447 553 3512 V.
578 3446 750 3524 Johannes
775 3448 817 3513 de
840 3447 993 3528 Bolonia,
1021 3469 1135 3513 comes
1162 3446 1395 3526 MontissortiS,
1423 3446 1514 3531 quod
1539 3446 1663 3512 dudum

309 3551 483 3630 Jolrannes
498 3551 540 3617 de
556 3551 724 3638 Campeto
740 3570 760 3630 ²,
778 3561 859 3617 tunc
876 3552 1058 3618 canonicus
1080 3551 1304 3636 prebendatus
1328 3552 1361 3615 in
1389 3551 1470 3615 eccl.
1496 3550 1528 3615 S.
1551 3548 1665 3614 Audo-

310 3655 392 3720 mari
408 3654 449 3721 de
466 3654 497 3719 S.
513 3655 716 3734 Audornam,
733 3675 792 3740 per
807 3664 1059 3741 procuratorem
1082 3654 1207 3720 adhoc
1231 3653 1419 3740 specialiter
1435 3655 1665 3731 constitutum,

310 3779 383 3824 cau.
401 3767 435 3824 et
450 3762 543 3845 preb.
559 3759 738 3845 predictos,
755 3767 790 3824 et
806 3759 959 3825 Andreas
975 3758 1138 3843 Pelegrini
1154 3772 1176 3838 ³,
1192 3778 1252 3843 per
1278 3757 1434 3842 seipsum,
1459 3765 1550 3822 certa
1564 3760 1665 3821 bene-

310 3863 384 3928 ficia
400 3885 425 3928 s.
437 3883 477 3943 c.,
487 3871 678 3946 nuncupata
694 3863 871 3947 vulgariter
887 3870 1049 3948 perpetua
1063 3861 1227 3928 beneficia
1243 3861 1479 3941 ecclesiastica,
1496 3858 1664 3925 Morinen.

309 3977 343 4032 et
359 3968 515 4033 Auxitan.
532 3967 665 4046 dioces,
683 3969 716 4032 iu
733 3968 886 4033 manibus
903 3967 944 4032 R.
961 3967 998 4032 P.
1022 3967 1113 4034 dom.
1141 3966 1353 4049 G(uillelmi),
1381 3965 1530 4051 episcopi
1558 3963 1665 4030 Lexo-

308 4074 406 4150 vien,
424 4093 443 4138 a
460 4072 499 4140 V.
516 4073 548 4137 S.
564 4093 661 4157 super
677 4073 742 4139 lroc
758 4073 921 4158 deputati,
938 4093 980 4137 ex
996 4093 1097 4138 causa
1113 4070 1369 4157 pennatationis
1394 4071 1496 4135 libere
1519 4070 1664 4153 resigna-

307 4185 383 4240 runt
397 4199 405 4254 ;
423 4175 753 4260 quodquepe1·S.V.
769 4175 861 4240 dicto
877 4174 1011 4239 Andree
1027 4176 1070 4241 de
1085 4174 1243 4260 predictis
1259 4193 1334 4239 can.
1351 4181 1386 4238 et
1401 4176 1504 4259 preb,
1520 4181 1555 4237 et
1570 4172 1663 4237 dicto

307 4277 326 4354 J
331 4279 455 4344 olranni
470 4280 512 4345 de
527 4278 686 4363 predictis
701 4280 871 4344 beneficiis
886 4299 955 4344 non
971 4279 1093 4346 curatis
1108 4279 1221 4344 extitit
1243 4278 1422 4363 provisum.
1439 4276 1562 4341 Verum
1585 4297 1662 4340 cum

307 4383 415 4448 dictus
430 4383 582 4448 Andreas
596 4383 687 4449 dicta
702 4383 927 4448 ecclesiastica
943 4383 1106 4448 beneficia
1129 4403 1197 4447 nou
1214 4392 1327 4447 curata
1354 4381 1554 4446 auctoritate
1575 4379 1663 4444 ordi-

307 4486 399 4551 naria
416 4486 475 4550 sibi
494 4487 627 4566 collata,
645 4489 802 4552 obstante
818 4486 1044 4551 reservatione
1061 4486 1092 4551 S.
1110 4485 1149 4551 V.
1164 4485 1275 4549 miuus
1298 4484 1460 4550 canonice
1485 4483 1662 4562 obtineret,

307 4598 340 4654 et
356 4589 402 4654 sic
421 4611 463 4654 ex
479 4611 577 4655 causa
593 4589 743 4676 predicta
758 4590 818 4655 sibi
836 4590 922 4655 sacta
934 4591 1080 4676 provisio
1095 4589 1138 4655 de
1154 4610 1226 4654 can.
1242 4597 1277 4653 et
1289 4591 1379 4674 preb.
1396 4587 1553 4673 predictis
1564 4586 1663 4650 fuerit

307 4693 452 4758 invalida
468 4703 568 4777 atque
584 4693 674 4759 nulla
690 4717 698 4773 ;
716 4703 750 4758 et
766 4714 826 4780 pro
843 4715 883 4758 eo
899 4695 1003 4759 etiam
1028 4693 1105 4778 quia
1129 4693 1348 4758 canonicatus
1371 4699 1406 4756 et
1430 4689 1600 4776 prebenda
1621 4711 1662 4756 ac

338 4937 357 4982 l.
371 4935 432 4980 Vor'r
444 4949 469 4983 u.
481 4936 552 4982 alul.
564 4961 596 4969 —-
608 4937 629 4983 2,
645 4933 705 4981 l'uir
716 4949 741 4982 n.
754 4937 825 4986 2028.
839 4937 908 4993 2216,
923 4939 994 4985 2227.
1008 4963 1039 4971 —-
1051 4937 1073 4985 3.
1088 4936 1149 4983 l'olr
1160 4950 1185 4983 n.
1200 4937 1270 4983 latu.
