<?xml version="1.0" encoding="UTF-8"?>
<!DOCTYPE html PUBLIC "-//W3C//DTD XHTML 1.0 Transitional//EN"
    "http://www.w3.org/TR/xhtml1/DTD/xhtml1-transitional.dtd">
<html xmlns="http://www.w3.org/1999/xhtml" xml:lang="en" lang="en">
 <head>
  <title>
</title>
<meta http-equiv="Content-Type" content="text/html;charset=utf-8" />
  <meta name='ocr-system' content='tesseract 3.04.00' />
  <meta name='ocr-capabilities' content='ocr_page ocr_carea ocr_par ocr_line ocrx_word'/>
</head>
<body>
  <div class='ocr_page' id='page_1' title='image "./suppliquesdeclm00berlgoog_0167.png"; bbox 0 0 3650 5675; ppageno 0'>
   <div class='ocr_carea' id='block_1_1' title="bbox 310 514 1133 589">
    <p class='ocr_par' dir='ltr' id='par_1_1' title="bbox 310 514 1133 589">
     <span class='ocr_line' id='line_1_1' title="bbox 310 514 1133 589; baseline -0.006 -6"><span class='ocrx_word' id='word_1_1' title='bbox 310 518 365 584; x_wconf 86' lang='lat'>122</span> <span class='ocrx_word' id='word_1_2' title='bbox 837 514 924 589; x_wconf 81' lang='grc'>1313,</span> <span class='ocrx_word' id='word_1_3' title='bbox 947 516 983 580; x_wconf 86' lang='grc'>14</span> <span class='ocrx_word' id='word_1_4' title='bbox 1005 515 1133 582; x_wconf 77' lang='lat' dir='ltr'><strong>octobre.</strong></span> 
     </span>
    </p>
   </div>
   <div class='ocr_carea' id='block_1_2' title="bbox 309 665 1667 1068">
    <p class='ocr_par' dir='ltr' id='par_1_2' title="bbox 309 665 1667 1068">
     <span class='ocr_line' id='line_1_2' title="bbox 353 665 1667 757; baseline 0.002 -23"><span class='ocrx_word' id='word_1_5' title='bbox 353 677 436 741; x_wconf 84' lang='lat'><strong>541.</strong></span> <span class='ocrx_word' id='word_1_6' title='bbox 454 668 540 734; x_wconf 88' lang='lat' dir='ltr'><strong>Item</strong></span> <span class='ocrx_word' id='word_1_7' title='bbox 557 687 652 754; x_wconf 87' lang='lat' dir='ltr'>supp.</span> <span class='ocrx_word' id='word_1_8' title='bbox 668 667 777 733; x_wconf 90' lang='lat' dir='ltr'>dictus</span> <span class='ocrx_word' id='word_1_9' title='bbox 792 665 988 747; x_wconf 78' lang='lat' dir='ltr'>WillelmuS,</span> <span class='ocrx_word' id='word_1_10' title='bbox 1005 668 1061 751; x_wconf 95' lang='lat' dir='ltr'>qui</span> <span class='ocrx_word' id='word_1_11' title='bbox 1089 669 1233 735; x_wconf 87' lang='lat' dir='ltr'>intendit</span> <span class='ocrx_word' id='word_1_12' title='bbox 1247 669 1330 735; x_wconf 90' lang='lat' dir='ltr'>duas</span> <span class='ocrx_word' id='word_1_13' title='bbox 1345 671 1463 757; x_wconf 86' lang='lat' dir='ltr'>capell.</span> <span class='ocrx_word' id='word_1_14' title='bbox 1480 671 1618 738; x_wconf 91' lang='lat' dir='ltr'>fundare</span> <span class='ocrx_word' id='word_1_15' title='bbox 1634 672 1667 736; x_wconf 96' lang='lat' dir='ltr'>in</span> 
     </span>
     <span class='ocr_line' id='line_1_3' title="bbox 309 769 1667 862; baseline 0.001 -21"><span class='ocrx_word' id='word_1_16' title='bbox 309 775 396 841; x_wconf 90' lang='lat' dir='ltr'>dioc.</span> <span class='ocrx_word' id='word_1_17' title='bbox 412 773 609 852; x_wconf 88' lang='lat' dir='ltr'>Tomacen.,</span> <span class='ocrx_word' id='word_1_18' title='bbox 626 790 748 856; x_wconf 85' lang='lat' dir='ltr'>easque</span> <span class='ocrx_word' id='word_1_19' title='bbox 768 791 862 857; x_wconf 83' lang='lat' dir='ltr'><strong>perp.</strong></span> <span class='ocrx_word' id='word_1_20' title='bbox 877 769 1060 838; x_wconf 87' lang='lat' dir='ltr'>redditibus</span> <span class='ocrx_word' id='word_1_21' title='bbox 1083 770 1287 839; x_wconf 88' lang='lat' dir='ltr'>sufficienter</span> <span class='ocrx_word' id='word_1_22' title='bbox 1302 773 1428 856; x_wconf 88' lang='lat' dir='ltr'>dotare,</span> <span class='ocrx_word' id='word_1_23' title='bbox 1445 785 1535 860; x_wconf 91' lang='lat' dir='ltr'>quat.</span> <span class='ocrx_word' id='word_1_24' title='bbox 1548 776 1601 861; x_wconf 88' lang='lat' dir='ltr'>jus</span> <span class='ocrx_word' id='word_1_25' title='bbox 1611 798 1667 862; x_wconf 93' lang='lat' dir='ltr'>pa·</span> 
     </span>
     <span class='ocr_line' id='line_1_4' title="bbox 309 873 1666 966; baseline 0.002 -23"><span class='ocrx_word' id='word_1_26' title='bbox 309 885 461 943; x_wconf 90' lang='lat' dir='ltr'>trouatus</span> <span class='ocrx_word' id='word_1_27' title='bbox 485 885 520 942; x_wconf 90' lang='lat' dir='ltr'>et</span> <span class='ocrx_word' id='word_1_28' title='bbox 553 873 767 962; x_wconf 85' lang='lat' dir='ltr'>presentandi</span> <span class='ocrx_word' id='word_1_29' title='bbox 791 878 982 963; x_wconf 86' lang='lat' dir='ltr'><strong>capellanos</strong></span> <span class='ocrx_word' id='word_1_30' title='bbox 1008 878 1180 946; x_wconf 88' lang='lat' dir='ltr'>addictas</span> <span class='ocrx_word' id='word_1_31' title='bbox 1207 879 1326 966; x_wconf 83' lang='lat' dir='ltr'>capell.</span> <span class='ocrx_word' id='word_1_32' title='bbox 1350 880 1411 946; x_wconf 92' lang='lat' dir='ltr'>sibi</span> <span class='ocrx_word' id='word_1_33' title='bbox 1438 889 1473 946; x_wconf 92' lang='lat' dir='ltr'>et</span> <span class='ocrx_word' id='word_1_34' title='bbox 1498 901 1666 947; x_wconf 89' lang='lat' dir='ltr'>successo·</span> 
     </span>
     <span class='ocr_line' id='line_1_5' title="bbox 309 981 1592 1068; baseline 0.001 -20"><span class='ocrx_word' id='word_1_35' title='bbox 309 983 398 1048; x_wconf 89' lang='lat' dir='ltr'>ribus</span> <span class='ocrx_word' id='word_1_36' title='bbox 414 981 480 1047; x_wconf 91' lang='lat' dir='ltr'>suis</span> <span class='ocrx_word' id='word_1_37' title='bbox 495 981 743 1067; x_wconf 84' lang='lat' dir='ltr'>imperpetuum</span> <span class='ocrx_word' id='word_1_38' title='bbox 760 982 945 1048; x_wconf 86' lang='lat' dir='ltr'>concedere</span> <span class='ocrx_word' id='word_1_39' title='bbox 960 983 1153 1068; x_wconf 87' lang='lat' dir='ltr'>dignemini,</span> <span class='ocrx_word' id='word_1_40' title='bbox 1167 993 1204 1050; x_wconf 89' lang='lat' dir='ltr'>ut</span> <span class='ocrx_word' id='word_1_41' title='bbox 1218 985 1253 1049; x_wconf 92' lang='lat' dir='ltr'>in</span> <span class='ocrx_word' id='word_1_42' title='bbox 1269 985 1385 1051; x_wconf 88' lang='lat' dir='ltr'>forma.</span> <span class='ocrx_word' id='word_1_43' title='bbox 1402 1026 1445 1034; x_wconf 97' lang='lat'><em>-</em></span> <span class='ocrx_word' id='word_1_44' title='bbox 1462 983 1537 1052; x_wconf 88' lang='lat' dir='ltr'>Fiat</span> <span class='ocrx_word' id='word_1_45' title='bbox 1554 983 1592 1049; x_wconf 79' lang='lat' dir='ltr'><strong>R.</strong></span> 
     </span>
    </p>
   </div>
   <div class='ocr_carea' id='block_1_3' title="bbox 352 1153 1664 1243">
    <p class='ocr_par' dir='ltr' id='par_1_3' title="bbox 352 1120 1664 1243">
     <span class='ocr_line' id='line_1_6' title="bbox 352 1153 1664 1243; baseline -0.001 -20"><span class='ocrx_word' id='word_1_46' title='bbox 352 1162 439 1223; x_wconf 88' lang='grc'><strong>542.</strong></span> <span class='ocrx_word' id='word_1_47' title='bbox 456 1156 544 1222; x_wconf 88' lang='lat' dir='ltr'>Item</span> <span class='ocrx_word' id='word_1_48' title='bbox 560 1176 656 1243; x_wconf 86' lang='lat' dir='ltr'><strong>supp.</strong></span> <span class='ocrx_word' id='word_1_49' title='bbox 673 1153 870 1221; x_wconf 89' lang='lat' dir='ltr'>Franciseus</span> <span class='ocrx_word' id='word_1_50' title='bbox 884 1156 927 1222; x_wconf 91' lang='lat' dir='ltr'>de</span> <span class='ocrx_word' id='word_1_51' title='bbox 944 1155 1175 1238; x_wconf 88' lang='lat' dir='ltr'>Coudelrerke,</span> <span class='ocrx_word' id='word_1_52' title='bbox 1192 1157 1336 1238; x_wconf 83' lang='lat' dir='ltr'>scutifer,</span> <span class='ocrx_word' id='word_1_53' title='bbox 1353 1158 1489 1222; x_wconf 90' lang='lat' dir='ltr'>nuntius</span> <span class='ocrx_word' id='word_1_54' title='bbox 1503 1166 1541 1222; x_wconf 90' lang='lat' dir='ltr'>ut</span> <span class='ocrx_word' id='word_1_55' title='bbox 1556 1178 1664 1243; x_wconf 90' lang='lat' dir='ltr'>supra,</span> 
     </span>
    </p>
   </div>
   <div class='ocr_carea' id='block_1_4' title="bbox 308 1259 1665 1450">
    <p class='ocr_par' dir='ltr' id='par_1_4' title="bbox 308 1259 1665 1450">
     <span class='ocr_line' id='line_1_7' title="bbox 308 1259 1665 1346; baseline 0.001 -20"><span class='ocrx_word' id='word_1_56' title='bbox 308 1270 399 1345; x_wconf 88' lang='lat' dir='ltr'>quat.</span> <span class='ocrx_word' id='word_1_57' title='bbox 417 1261 528 1327; x_wconf 92' lang='lat' dir='ltr'>sibiet</span> <span class='ocrx_word' id='word_1_58' title='bbox 546 1259 746 1346; x_wconf 86' lang='lat' dir='ltr'>Margarete,</span> <span class='ocrx_word' id='word_1_59' title='bbox 772 1259 974 1344; x_wconf 85' lang='lat' dir='ltr'>ejusuxori,</span> <span class='ocrx_word' id='word_1_60' title='bbox 990 1261 1118 1327; x_wconf 84' lang='lat' dir='ltr'>litteras</span> <span class='ocrx_word' id='word_1_61' title='bbox 1134 1263 1203 1328; x_wconf 89' lang='lat' dir='ltr'>abs.</span> <span class='ocrx_word' id='word_1_62' title='bbox 1225 1263 1258 1327; x_wconf 94' lang='lat' dir='ltr'>in</span> <span class='ocrx_word' id='word_1_63' title='bbox 1283 1269 1382 1328; x_wconf 92' lang='lat' dir='ltr'>mort.</span> <span class='ocrx_word' id='word_1_64' title='bbox 1409 1271 1471 1328; x_wconf 88' lang='lat' dir='ltr'>art.</span> <span class='ocrx_word' id='word_1_65' title='bbox 1496 1261 1665 1346; x_wconf 90' lang='lat' dir='ltr'>indulgere</span> 
     </span>
     <span class='ocr_line' id='line_1_8' title="bbox 308 1363 941 1450; baseline 0 -19"><span class='ocrx_word' id='word_1_66' title='bbox 308 1364 501 1450; x_wconf 88' lang='lat' dir='ltr'>dignemini,</span> <span class='ocrx_word' id='word_1_67' title='bbox 518 1365 600 1431; x_wconf 91' lang='lat' dir='ltr'>utin</span> <span class='ocrx_word' id='word_1_68' title='bbox 617 1365 733 1431; x_wconf 91' lang='lat' dir='ltr'>forma.</span> <span class='ocrx_word' id='word_1_69' title='bbox 748 1405 791 1414; x_wconf 94' lang='lat'>—</span> <span class='ocrx_word' id='word_1_70' title='bbox 808 1363 883 1431; x_wconf 83' lang='lat' dir='ltr'>Fiat</span> <span class='ocrx_word' id='word_1_71' title='bbox 900 1365 941 1431; x_wconf 88' lang='lat' dir='ltr'>R.</span> 
     </span>
    </p>
   </div>
   <div class='ocr_carea' id='block_1_5' title="bbox 307 1533 1665 2040">
    <p class='ocr_par' dir='ltr' id='par_1_5' title="bbox 307 1533 1665 2040">
     <span class='ocr_line' id='line_1_9' title="bbox 350 1533 1665 1624; baseline -0.003 -18"><span class='ocrx_word' id='word_1_72' title='bbox 350 1545 434 1606; x_wconf 86' lang='grc'><strong>543.</strong></span> <span class='ocrx_word' id='word_1_73' title='bbox 452 1537 539 1602; x_wconf 89' lang='lat' dir='ltr'>Item</span> <span class='ocrx_word' id='word_1_74' title='bbox 555 1558 651 1624; x_wconf 92' lang='lat' dir='ltr'>supp.</span> <span class='ocrx_word' id='word_1_75' title='bbox 666 1537 775 1602; x_wconf 90' lang='lat' dir='ltr'>dictus</span> <span class='ocrx_word' id='word_1_76' title='bbox 792 1533 997 1617; x_wconf 85' lang='lat' dir='ltr'>Franciseus,</span> <span class='ocrx_word' id='word_1_77' title='bbox 1014 1543 1105 1620; x_wconf 90' lang='lat' dir='ltr'>quat.</span> <span class='ocrx_word' id='word_1_78' title='bbox 1118 1535 1211 1602; x_wconf 90' lang='lat' dir='ltr'>fratri</span> <span class='ocrx_word' id='word_1_79' title='bbox 1228 1557 1289 1603; x_wconf 92' lang='lat' dir='ltr'>suo</span> <span class='ocrx_word' id='word_1_80' title='bbox 1306 1535 1522 1603; x_wconf 88' lang='lat' dir='ltr'>Folcardode</span> <span class='ocrx_word' id='word_1_81' title='bbox 1535 1536 1665 1604; x_wconf 91' lang='lat' dir='ltr'>Coude-</span> 
     </span>
     <span class='ocr_line' id='line_1_10' title="bbox 307 1639 1663 1727; baseline -0.001 -20"><span class='ocrx_word' id='word_1_82' title='bbox 307 1641 421 1722; x_wconf 89' lang='lat' dir='ltr'>kerke,</span> <span class='ocrx_word' id='word_1_83' title='bbox 437 1641 516 1708; x_wconf 90' lang='lat' dir='ltr'>cler.</span> <span class='ocrx_word' id='word_1_84' title='bbox 543 1639 712 1707; x_wconf 91' lang='lat' dir='ltr'>Morinen.</span> <span class='ocrx_word' id='word_1_85' title='bbox 727 1640 824 1721; x_wconf 75' lang='lat' dir='ltr'>dioc,</span> <span class='ocrx_word' id='word_1_86' title='bbox 845 1640 888 1706; x_wconf 91' lang='lat' dir='ltr'>de</span> <span class='ocrx_word' id='word_1_87' title='bbox 913 1643 991 1706; x_wconf 91' lang='lat' dir='ltr'>ben.</span> <span class='ocrx_word' id='word_1_88' title='bbox 1007 1639 1089 1706; x_wconf 92' lang='lat' dir='ltr'>eccl.</span> <span class='ocrx_word' id='word_1_89' title='bbox 1105 1661 1134 1708; x_wconf 92' lang='lat' dir='ltr'>c.</span> <span class='ocrx_word' id='word_1_90' title='bbox 1160 1662 1190 1710; x_wconf 88' lang='lat' dir='ltr'>c.</span> <span class='ocrx_word' id='word_1_91' title='bbox 1206 1643 1260 1707; x_wconf 92' lang='lat' dir='ltr'>vel</span> <span class='ocrx_word' id='word_1_92' title='bbox 1276 1662 1301 1707; x_wconf 91' lang='lat' dir='ltr'>s.</span> <span class='ocrx_word' id='word_1_93' title='bbox 1318 1662 1356 1723; x_wconf 90' lang='lat' dir='ltr'>c.,</span> <span class='ocrx_word' id='word_1_94' title='bbox 1373 1649 1548 1727; x_wconf 88' lang='lat' dir='ltr'>spectante</span> <span class='ocrx_word' id='word_1_95' title='bbox 1573 1663 1663 1708; x_wconf 90' lang='lat' dir='ltr'>com-</span> 
     </span>
     <span class='ocr_line' id='line_1_11' title="bbox 307 1744 1663 1830; baseline 0.001 -20"><span class='ocrx_word' id='word_1_96' title='bbox 307 1746 451 1811; x_wconf 89' lang='lat' dir='ltr'>muniter</span> <span class='ocrx_word' id='word_1_97' title='bbox 475 1748 529 1811; x_wconf 90' lang='lat' dir='ltr'>vel</span> <span class='ocrx_word' id='word_1_98' title='bbox 555 1746 687 1812; x_wconf 87' lang='lat' dir='ltr'>divisim</span> <span class='ocrx_word' id='word_1_99' title='bbox 718 1744 761 1811; x_wconf 90' lang='lat' dir='ltr'>ad</span> <span class='ocrx_word' id='word_1_100' title='bbox 776 1745 874 1811; x_wconf 91' lang='lat' dir='ltr'>coll...</span> <span class='ocrx_word' id='word_1_101' title='bbox 900 1747 976 1811; x_wconf 86' lang='lat' dir='ltr'>abb.</span> <span class='ocrx_word' id='word_1_102' title='bbox 1004 1753 1038 1810; x_wconf 91' lang='lat' dir='ltr'>et</span> <span class='ocrx_word' id='word_1_103' title='bbox 1065 1766 1164 1811; x_wconf 92' lang='lat' dir='ltr'>conv.</span> <span class='ocrx_word' id='word_1_104' title='bbox 1189 1745 1220 1811; x_wconf 82' lang='lat' dir='ltr'><strong>S.</strong></span> <span class='ocrx_word' id='word_1_105' title='bbox 1242 1744 1399 1812; x_wconf 90' lang='lat' dir='ltr'>Winnoci</span> <span class='ocrx_word' id='word_1_106' title='bbox 1415 1755 1428 1782; x_wconf 75' lang='lat'><em>²</em></span> <span class='ocrx_word' id='word_1_107' title='bbox 1454 1745 1663 1830; x_wconf 78' lang='lat' dir='ltr'>BerghensiS,</span> 
     </span>
     <span class='ocr_line' id='line_1_12' title="bbox 307 1847 1662 1936; baseline -0.001 -20"><span class='ocrx_word' id='word_1_108' title='bbox 307 1849 348 1916; x_wconf 94' lang='lat' dir='ltr'><strong>O.</strong></span> <span class='ocrx_word' id='word_1_109' title='bbox 365 1851 396 1917; x_wconf 86' lang='lat' dir='ltr'><strong>S.</strong></span> <span class='ocrx_word' id='word_1_110' title='bbox 414 1849 463 1932; x_wconf 80' lang='lat' dir='ltr'>B,</span> <span class='ocrx_word' id='word_1_111' title='bbox 481 1848 648 1917; x_wconf 91' lang='lat' dir='ltr'>Morinen.</span> <span class='ocrx_word' id='word_1_112' title='bbox 669 1849 772 1928; x_wconf 78' lang='lat' dir='ltr'>dioc,</span> <span class='ocrx_word' id='word_1_113' title='bbox 793 1849 975 1936; x_wconf 86' lang='lat' dir='ltr'>dignemini</span> <span class='ocrx_word' id='word_1_114' title='bbox 1001 1849 1187 1936; x_wconf 88' lang='lat' dir='ltr'>providere.</span> <span class='ocrx_word' id='word_1_115' title='bbox 1203 1891 1247 1900; x_wconf 89' lang='lat'>—-</span> <span class='ocrx_word' id='word_1_116' title='bbox 1272 1847 1349 1916; x_wconf 88' lang='lat' dir='ltr'>Fiat</span> <span class='ocrx_word' id='word_1_117' title='bbox 1372 1850 1533 1935; x_wconf 88' lang='lat' dir='ltr'>usquead</span> <span class='ocrx_word' id='word_1_118' title='bbox 1551 1856 1590 1916; x_wconf 89' lang='lat'>60</span> <span class='ocrx_word' id='word_1_119' title='bbox 1605 1850 1662 1915; x_wconf 93' lang='lat' dir='ltr'>lib.</span> 
     </span>
     <span class='ocr_line' id='line_1_13' title="bbox 307 1951 1147 2040; baseline -0.002 -20"><span class='ocrx_word' id='word_1_120' title='bbox 307 1951 605 2040; x_wconf 53' lang='lat' dir='ltr'>cmmst</span> <span class='ocrx_word' id='word_1_121' title='bbox 1145 1995 1147 2000; x_wconf 92' lang='lat'>-</span> 
     </span>
    </p>
   </div>
   <div class='ocr_carea' id='block_1_6' title="bbox 306 2117 1660 2395">
    <p class='ocr_par' dir='ltr' id='par_1_6' title="bbox 306 2117 1660 2395">
     <span class='ocr_line' id='line_1_14' title="bbox 350 2117 1660 2206; baseline -0.003 -18"><span class='ocrx_word' id='word_1_122' title='bbox 350 2127 438 2189; x_wconf 85' lang='grc'><strong>544.</strong></span> <span class='ocrx_word' id='word_1_123' title='bbox 456 2118 543 2186; x_wconf 88' lang='lat' dir='ltr'>Item</span> <span class='ocrx_word' id='word_1_124' title='bbox 559 2139 655 2206; x_wconf 87' lang='lat' dir='ltr'>supp.</span> <span class='ocrx_word' id='word_1_125' title='bbox 670 2117 856 2184; x_wconf 90' lang='lat' dir='ltr'>Willelmus</span> <span class='ocrx_word' id='word_1_126' title='bbox 878 2118 1030 2202; x_wconf 77' lang='lat' dir='ltr'>Quintio,</span> <span class='ocrx_word' id='word_1_127' title='bbox 1055 2118 1199 2200; x_wconf 88' lang='lat' dir='ltr'>scutifer,</span> <span class='ocrx_word' id='word_1_128' title='bbox 1214 2119 1350 2185; x_wconf 90' lang='lat' dir='ltr'>nuntius</span> <span class='ocrx_word' id='word_1_129' title='bbox 1374 2127 1411 2185; x_wconf 91' lang='lat' dir='ltr'>ut</span> <span class='ocrx_word' id='word_1_130' title='bbox 1438 2140 1546 2206; x_wconf 88' lang='lat' dir='ltr'>supra,</span> <span class='ocrx_word' id='word_1_131' title='bbox 1570 2129 1660 2204; x_wconf 91' lang='lat' dir='ltr'>quat.</span> 
     </span>
     <span class='ocr_line' id='line_1_15' title="bbox 307 2222 1660 2309; baseline -0.001 -20"><span class='ocrx_word' id='word_1_132' title='bbox 307 2223 368 2289; x_wconf 90' lang='lat' dir='ltr'>sibi</span> <span class='ocrx_word' id='word_1_133' title='bbox 384 2231 419 2289; x_wconf 90' lang='lat' dir='ltr'>et</span> <span class='ocrx_word' id='word_1_134' title='bbox 436 2223 629 2303; x_wconf 88' lang='lat' dir='ltr'>Katheriue,</span> <span class='ocrx_word' id='word_1_135' title='bbox 642 2223 712 2309; x_wconf 88' lang='lat' dir='ltr'>ejus</span> <span class='ocrx_word' id='word_1_136' title='bbox 724 2222 828 2304; x_wconf 78' lang='lat' dir='ltr'>uvori,</span> <span class='ocrx_word' id='word_1_137' title='bbox 840 2223 969 2288; x_wconf 89' lang='lat' dir='ltr'>litteras</span> <span class='ocrx_word' id='word_1_138' title='bbox 979 2226 1047 2289; x_wconf 90' lang='lat' dir='ltr'>abs.</span> <span class='ocrx_word' id='word_1_139' title='bbox 1059 2223 1091 2288; x_wconf 96' lang='lat' dir='ltr'>in</span> <span class='ocrx_word' id='word_1_140' title='bbox 1102 2231 1201 2290; x_wconf 92' lang='lat' dir='ltr'>mort.</span> <span class='ocrx_word' id='word_1_141' title='bbox 1213 2233 1275 2290; x_wconf 91' lang='lat' dir='ltr'>art.</span> <span class='ocrx_word' id='word_1_142' title='bbox 1288 2223 1459 2309; x_wconf 88' lang='lat' dir='ltr'>indulgere</span> <span class='ocrx_word' id='word_1_143' title='bbox 1470 2224 1660 2309; x_wconf 84' lang='lat' dir='ltr'>dignemini,</span> 
     </span>
     <span class='ocr_line' id='line_1_16' title="bbox 306 2325 731 2395; baseline 0 -3"><span class='ocrx_word' id='word_1_144' title='bbox 306 2329 391 2393; x_wconf 90' lang='lat' dir='ltr'>utin</span> <span class='ocrx_word' id='word_1_145' title='bbox 408 2328 523 2395; x_wconf 88' lang='lat' dir='ltr'>forma.</span> <span class='ocrx_word' id='word_1_146' title='bbox 540 2369 582 2378; x_wconf 96' lang='lat'><em>-</em></span> <span class='ocrx_word' id='word_1_147' title='bbox 599 2325 674 2393; x_wconf 87' lang='lat' dir='ltr'>Fiat</span> <span class='ocrx_word' id='word_1_148' title='bbox 691 2326 731 2392; x_wconf 93' lang='lat' dir='ltr'>R.</span> 
     </span>
    </p>
   </div>
   <div class='ocr_carea' id='block_1_7' title="bbox 304 2496 1662 2794">
    <p class='ocr_par' dir='ltr' id='par_1_7' title="bbox 304 2496 1662 2794">
     <span class='ocr_line' id='line_1_17' title="bbox 348 2496 1662 2587; baseline -0.005 -17"><span class='ocrx_word' id='word_1_149' title='bbox 348 2507 434 2570; x_wconf 88' lang='grc'><strong>545.</strong></span> <span class='ocrx_word' id='word_1_150' title='bbox 451 2496 539 2565; x_wconf 90' lang='lat' dir='ltr'>Item</span> <span class='ocrx_word' id='word_1_151' title='bbox 555 2520 650 2587; x_wconf 89' lang='lat' dir='ltr'>supp.</span> <span class='ocrx_word' id='word_1_152' title='bbox 666 2500 775 2566; x_wconf 88' lang='lat' dir='ltr'>dictus</span> <span class='ocrx_word' id='word_1_153' title='bbox 791 2498 978 2566; x_wconf 89' lang='lat' dir='ltr'>Willelmus</span> <span class='ocrx_word' id='word_1_154' title='bbox 992 2508 1085 2584; x_wconf 92' lang='lat' dir='ltr'>quat.</span> <span class='ocrx_word' id='word_1_155' title='bbox 1102 2499 1325 2584; x_wconf 89' lang='lat' dir='ltr'>indulgentias</span> <span class='ocrx_word' id='word_1_156' title='bbox 1348 2499 1533 2566; x_wconf 88' lang='lat' dir='ltr'>concedere</span> <span class='ocrx_word' id='word_1_157' title='bbox 1548 2499 1662 2586; x_wconf 91' lang='lat' dir='ltr'>digne-</span> 
     </span>
     <span class='ocr_line' id='line_1_18' title="bbox 305 2601 1659 2690; baseline 0.002 -25"><span class='ocrx_word' id='word_1_158' title='bbox 305 2603 399 2684; x_wconf 88' lang='lat' dir='ltr'>mini,</span> <span class='ocrx_word' id='word_1_159' title='bbox 424 2612 524 2689; x_wconf 90' lang='lat' dir='ltr'>prout</span> <span class='ocrx_word' id='word_1_160' title='bbox 549 2601 588 2670; x_wconf 86' lang='lat' dir='ltr'><strong>V.</strong></span> <span class='ocrx_word' id='word_1_161' title='bbox 618 2604 780 2689; x_wconf 87' lang='lat' dir='ltr'>placuerit</span> <span class='ocrx_word' id='word_1_162' title='bbox 814 2604 856 2685; x_wconf 79' lang='lat' dir='ltr'>S,</span> <span class='ocrx_word' id='word_1_163' title='bbox 887 2603 1042 2670; x_wconf 91' lang='lat' dir='ltr'>omnibus</span> <span class='ocrx_word' id='word_1_164' title='bbox 1069 2603 1355 2670; x_wconf 81' lang='lat' dir='ltr'>benefacientibus</span> <span class='ocrx_word' id='word_1_165' title='bbox 1382 2603 1514 2690; x_wconf 87' lang='lat' dir='ltr'>cuidam</span> <span class='ocrx_word' id='word_1_166' title='bbox 1544 2604 1659 2670; x_wconf 91' lang='lat' dir='ltr'>domui</span> 
     </span>
     <span class='ocr_line' id='line_1_19' title="bbox 304 2705 1660 2794; baseline 0.001 -22"><span class='ocrx_word' id='word_1_167' title='bbox 304 2706 426 2772; x_wconf 91' lang='lat' dir='ltr'>situate</span> <span class='ocrx_word' id='word_1_168' title='bbox 437 2705 471 2771; x_wconf 92' lang='lat' dir='ltr'>in</span> <span class='ocrx_word' id='word_1_169' title='bbox 487 2707 567 2773; x_wconf 90' lang='lat' dir='ltr'>villa</span> <span class='ocrx_word' id='word_1_170' title='bbox 581 2707 624 2773; x_wconf 90' lang='lat' dir='ltr'>de</span> <span class='ocrx_word' id='word_1_171' title='bbox 639 2705 867 2793; x_wconf 90' lang='lat' dir='ltr'>Bourbourgh,</span> <span class='ocrx_word' id='word_1_172' title='bbox 891 2706 1059 2774; x_wconf 92' lang='lat' dir='ltr'>Morinen.</span> <span class='ocrx_word' id='word_1_173' title='bbox 1083 2708 1180 2789; x_wconf 81' lang='lat' dir='ltr'>dioc,</span> <span class='ocrx_word' id='word_1_174' title='bbox 1206 2707 1320 2792; x_wconf 88' lang='lat' dir='ltr'>inqua</span> <span class='ocrx_word' id='word_1_175' title='bbox 1345 2708 1388 2774; x_wconf 98' lang='grc'>(16</span> <span class='ocrx_word' id='word_1_176' title='bbox 1403 2708 1543 2794; x_wconf 90' lang='lat' dir='ltr'>propriis</span> <span class='ocrx_word' id='word_1_177' title='bbox 1563 2708 1660 2774; x_wconf 91' lang='lat' dir='ltr'>bonis</span> 
     </span>
    </p>
   </div>
   <div class='ocr_carea' id='block_1_8' title="bbox 302 2809 1660 2998">
    <p class='ocr_par' dir='ltr' id='par_1_8' title="bbox 302 2809 1660 2998">
     <span class='ocr_line' id='line_1_20' title="bbox 303 2809 1660 2900; baseline 0 -23"><span class='ocrx_word' id='word_1_178' title='bbox 303 2830 428 2896; x_wconf 91' lang='lat' dir='ltr'>ponere</span> <span class='ocrx_word' id='word_1_179' title='bbox 443 2811 602 2898; x_wconf 89' lang='lat' dir='ltr'>proponit</span> <span class='ocrx_word' id='word_1_180' title='bbox 617 2833 675 2878; x_wconf 84' lang='lat' dir='ltr'>sex</span> <span class='ocrx_word' id='word_1_181' title='bbox 690 2813 797 2880; x_wconf 86' lang='lat' dir='ltr'>lectos</span> <span class='ocrx_word' id='word_1_182' title='bbox 808 2833 869 2900; x_wconf 83' lang='lat' dir='ltr'>pro</span> <span class='ocrx_word' id='word_1_183' title='bbox 885 2812 1024 2879; x_wconf 87' lang='lat' dir='ltr'>infirmis</span> <span class='ocrx_word' id='word_1_184' title='bbox 1034 2821 1068 2879; x_wconf 91' lang='lat' dir='ltr'>et</span> <span class='ocrx_word' id='word_1_185' title='bbox 1083 2812 1285 2899; x_wconf 90' lang='lat' dir='ltr'>pauperibus</span> <span class='ocrx_word' id='word_1_186' title='bbox 1300 2811 1518 2899; x_wconf 89' lang='lat' dir='ltr'>hospitandis.</span> <span class='ocrx_word' id='word_1_187' title='bbox 1528 2854 1572 2861; x_wconf 97' lang='lat'><strong>—</strong></span> <span class='ocrx_word' id='word_1_188' title='bbox 1585 2809 1660 2877; x_wconf 90' lang='lat' dir='ltr'>Fiat</span> 
     </span>
     <span class='ocr_line' id='line_1_21' title="bbox 302 2913 722 2998; baseline 0.01 -19"><span class='ocrx_word' id='word_1_189' title='bbox 302 2913 345 2979; x_wconf 91' lang='lat' dir='ltr'>de</span> <span class='ocrx_word' id='word_1_190' title='bbox 364 2936 424 2981; x_wconf 93' lang='lat'>100</span> <span class='ocrx_word' id='word_1_191' title='bbox 438 2915 564 2998; x_wconf 77' lang='lat' dir='ltr'>diebuS,</span> <span class='ocrx_word' id='word_1_192' title='bbox 582 2915 622 2983; x_wconf 93' lang='lat' dir='ltr'>R.</span> <span class='ocrx_word' id='word_1_193' title='bbox 719 2961 722 2966; x_wconf 56' lang='lat'>&lt;</span> 
     </span>
    </p>
   </div>
   <div class='ocr_carea' id='block_1_9' title="bbox 301 3078 1657 3479">
    <p class='ocr_par' dir='ltr' id='par_1_9' title="bbox 301 3078 1657 3479">
     <span class='ocr_line' id='line_1_22' title="bbox 346 3078 1657 3167; baseline 0.001 -25"><span class='ocrx_word' id='word_1_194' title='bbox 346 3081 429 3146; x_wconf 90' lang='grc'><strong>546.</strong></span> <span class='ocrx_word' id='word_1_195' title='bbox 447 3078 535 3144; x_wconf 90' lang='lat' dir='ltr'>Item</span> <span class='ocrx_word' id='word_1_196' title='bbox 551 3101 647 3167; x_wconf 89' lang='lat' dir='ltr'>supp.</span> <span class='ocrx_word' id='word_1_197' title='bbox 664 3080 825 3146; x_wconf 82' lang='lat' dir='ltr'>Nicolaus</span> <span class='ocrx_word' id='word_1_198' title='bbox 839 3079 949 3145; x_wconf 91' lang='lat' dir='ltr'>dictus</span> <span class='ocrx_word' id='word_1_199' title='bbox 973 3079 1131 3165; x_wconf 88' lang='lat' dir='ltr'>Stapelin,</span> <span class='ocrx_word' id='word_1_200' title='bbox 1149 3082 1225 3147; x_wconf 90' lang='lat' dir='ltr'>cler.</span> <span class='ocrx_word' id='word_1_201' title='bbox 1242 3082 1455 3167; x_wconf 83' lang='lat' dir='ltr'>conjugatus,¹</span> <span class='ocrx_word' id='word_1_202' title='bbox 1470 3079 1605 3144; x_wconf 89' lang='lat' dir='ltr'>nuntius</span> <span class='ocrx_word' id='word_1_203' title='bbox 1620 3088 1657 3144; x_wconf 90' lang='lat' dir='ltr'>ut</span> 
     </span>
     <span class='ocr_line' id='line_1_23' title="bbox 302 3183 1656 3271; baseline 0.001 -26"><span class='ocrx_word' id='word_1_204' title='bbox 302 3200 410 3266; x_wconf 87' lang='lat' dir='ltr'>supra,</span> <span class='ocrx_word' id='word_1_205' title='bbox 427 3191 519 3267; x_wconf 89' lang='lat' dir='ltr'>quat.</span> <span class='ocrx_word' id='word_1_206' title='bbox 536 3183 596 3248; x_wconf 90' lang='lat' dir='ltr'>sibi</span> <span class='ocrx_word' id='word_1_207' title='bbox 613 3183 655 3249; x_wconf 90' lang='lat' dir='ltr'>de</span> <span class='ocrx_word' id='word_1_208' title='bbox 668 3183 819 3250; x_wconf 88' lang='lat' dir='ltr'>custodia</span> <span class='ocrx_word' id='word_1_209' title='bbox 836 3184 889 3248; x_wconf 88' lang='lat' dir='ltr'>vel</span> <span class='ocrx_word' id='word_1_210' title='bbox 906 3183 962 3249; x_wconf 87' lang='lat' dir='ltr'>ofl&#39;.</span> <span class='ocrx_word' id='word_1_211' title='bbox 979 3184 1049 3249; x_wconf 91' lang='lat' dir='ltr'>sive</span> <span class='ocrx_word' id='word_1_212' title='bbox 1065 3185 1300 3265; x_wconf 88' lang='lat' dir='ltr'>matricularia,</span> <span class='ocrx_word' id='word_1_213' title='bbox 1316 3192 1490 3271; x_wconf 89' lang='lat' dir='ltr'>spectante</span> <span class='ocrx_word' id='word_1_214' title='bbox 1507 3203 1656 3249; x_wconf 91' lang='lat' dir='ltr'>commu-</span> 
     </span>
     <span class='ocr_line' id='line_1_24' title="bbox 301 3286 1656 3366; baseline 0.001 -16"><span class='ocrx_word' id='word_1_215' title='bbox 301 3286 387 3351; x_wconf 89' lang='lat' dir='ltr'>niter</span> <span class='ocrx_word' id='word_1_216' title='bbox 414 3290 468 3353; x_wconf 93' lang='lat' dir='ltr'>vel</span> <span class='ocrx_word' id='word_1_217' title='bbox 491 3288 634 3366; x_wconf 86' lang='lat' dir='ltr'>divisim,</span> <span class='ocrx_word' id='word_1_218' title='bbox 661 3288 704 3353; x_wconf 90' lang='lat' dir='ltr'>ad</span> <span class='ocrx_word' id='word_1_219' title='bbox 728 3288 825 3355; x_wconf 92' lang='lat' dir='ltr'>coll...</span> <span class='ocrx_word' id='word_1_220' title='bbox 850 3291 925 3353; x_wconf 86' lang='lat' dir='ltr'>abb.</span> <span class='ocrx_word' id='word_1_221' title='bbox 947 3297 982 3353; x_wconf 89' lang='lat' dir='ltr'>et</span> <span class='ocrx_word' id='word_1_222' title='bbox 1010 3308 1108 3355; x_wconf 91' lang='lat' dir='ltr'>conv.</span> <span class='ocrx_word' id='word_1_223' title='bbox 1135 3289 1327 3355; x_wconf 87' lang='lat' dir='ltr'>monasterii</span> <span class='ocrx_word' id='word_1_224' title='bbox 1353 3288 1385 3353; x_wconf 90' lang='lat' dir='ltr'>S.</span> <span class='ocrx_word' id='word_1_225' title='bbox 1405 3286 1551 3353; x_wconf 83' lang='lat' dir='ltr'>Bavonis</span> <span class='ocrx_word' id='word_1_226' title='bbox 1566 3286 1656 3353; x_wconf 86' lang='lat' dir='ltr'>Gan-</span> 
     </span>
     <span class='ocr_line' id='line_1_25' title="bbox 301 3388 1529 3479; baseline 0.003 -26"><span class='ocrx_word' id='word_1_227' title='bbox 301 3388 420 3472; x_wconf 90' lang='lat' dir='ltr'>densis,</span> <span class='ocrx_word' id='word_1_228' title='bbox 437 3390 479 3457; x_wconf 90' lang='lat'><strong>0.</strong></span> <span class='ocrx_word' id='word_1_229' title='bbox 497 3390 528 3456; x_wconf 90' lang='lat' dir='ltr'>S.</span> <span class='ocrx_word' id='word_1_230' title='bbox 545 3389 594 3473; x_wconf 82' lang='lat' dir='ltr'>B,</span> <span class='ocrx_word' id='word_1_231' title='bbox 610 3391 797 3457; x_wconf 89' lang='lat' dir='ltr'>Tomacen.</span> <span class='ocrx_word' id='word_1_232' title='bbox 813 3392 910 3471; x_wconf 77' lang='lat' dir='ltr'>dioc,</span> <span class='ocrx_word' id='word_1_233' title='bbox 923 3392 1106 3477; x_wconf 89' lang='lat' dir='ltr'>dignemini</span> <span class='ocrx_word' id='word_1_234' title='bbox 1122 3394 1307 3479; x_wconf 87' lang='lat' dir='ltr'>providere.</span> <span class='ocrx_word' id='word_1_235' title='bbox 1325 3391 1457 3458; x_wconf 89' lang='lat' dir='ltr'>-Fiat</span> <span class='ocrx_word' id='word_1_236' title='bbox 1475 3390 1529 3457; x_wconf 88' lang='lat' dir='ltr'>R..</span> 
     </span>
    </p>
   </div>
   <div class='ocr_carea' id='block_1_10' title="bbox 296 3560 1656 4067">
    <p class='ocr_par' dir='ltr' id='par_1_10' title="bbox 296 3560 1656 4067">
     <span class='ocr_line' id='line_1_26' title="bbox 342 3560 1656 3649; baseline 0.002 -22"><span class='ocrx_word' id='word_1_237' title='bbox 342 3569 427 3634; x_wconf 85' lang='grc'><strong>547.</strong></span> <span class='ocrx_word' id='word_1_238' title='bbox 444 3560 531 3627; x_wconf 90' lang='lat' dir='ltr'>Item</span> <span class='ocrx_word' id='word_1_239' title='bbox 556 3584 651 3649; x_wconf 91' lang='lat' dir='ltr'>supp.</span> <span class='ocrx_word' id='word_1_240' title='bbox 678 3563 788 3630; x_wconf 92' lang='lat' dir='ltr'>dictus</span> <span class='ocrx_word' id='word_1_241' title='bbox 816 3562 987 3644; x_wconf 75' lang='lat' dir='ltr'>NicolauS,</span> <span class='ocrx_word' id='word_1_242' title='bbox 1004 3564 1104 3648; x_wconf 92' lang='lat' dir='ltr'>quod,</span> <span class='ocrx_word' id='word_1_243' title='bbox 1121 3585 1197 3630; x_wconf 93' lang='lat' dir='ltr'>cum</span> <span class='ocrx_word' id='word_1_244' title='bbox 1213 3562 1362 3642; x_wconf 91' lang='lat' dir='ltr'>Judocus</span> <span class='ocrx_word' id='word_1_245' title='bbox 1384 3565 1426 3631; x_wconf 88' lang='lat' dir='ltr'>de</span> <span class='ocrx_word' id='word_1_246' title='bbox 1444 3564 1656 3649; x_wconf 85' lang='lat' dir='ltr'>Heymsrode</span> 
     </span>
     <span class='ocr_line' id='line_1_27' title="bbox 298 3666 1656 3755; baseline 0 -24"><span class='ocrx_word' id='word_1_247' title='bbox 298 3667 465 3750; x_wconf 88' lang='lat' dir='ltr'>quandanr</span> <span class='ocrx_word' id='word_1_248' title='bbox 481 3670 600 3754; x_wconf 89' lang='lat' dir='ltr'>capell.</span> <span class='ocrx_word' id='word_1_249' title='bbox 626 3668 660 3732; x_wconf 92' lang='lat' dir='ltr'>in</span> <span class='ocrx_word' id='word_1_250' title='bbox 675 3670 757 3733; x_wconf 89' lang='lat' dir='ltr'>eccl.</span> <span class='ocrx_word' id='word_1_251' title='bbox 773 3669 927 3755; x_wconf 86' lang='lat' dir='ltr'>parrocb.</span> <span class='ocrx_word' id='word_1_252' title='bbox 943 3668 986 3734; x_wconf 92' lang='lat' dir='ltr'>de</span> <span class='ocrx_word' id='word_1_253' title='bbox 1003 3667 1176 3750; x_wconf 91' lang='lat' dir='ltr'>Roulliers,</span> <span class='ocrx_word' id='word_1_254' title='bbox 1193 3666 1379 3735; x_wconf 89' lang='lat' dir='ltr'>Tomacen.</span> <span class='ocrx_word' id='word_1_255' title='bbox 1392 3669 1488 3750; x_wconf 78' lang='lat' dir='ltr'>dioc,</span> <span class='ocrx_word' id='word_1_256' title='bbox 1501 3668 1656 3735; x_wconf 87' lang='lat' dir='ltr'>edificare</span> 
     </span>
     <span class='ocr_line' id='line_1_28' title="bbox 298 3769 1654 3859; baseline 0.001 -25"><span class='ocrx_word' id='word_1_257' title='bbox 298 3778 332 3834; x_wconf 92' lang='lat' dir='ltr'>et</span> <span class='ocrx_word' id='word_1_258' title='bbox 347 3769 463 3836; x_wconf 89' lang='lat' dir='ltr'>dotare</span> <span class='ocrx_word' id='word_1_259' title='bbox 478 3779 655 3859; x_wconf 90' lang='lat' dir='ltr'>proponat,</span> <span class='ocrx_word' id='word_1_260' title='bbox 671 3779 763 3856; x_wconf 92' lang='lat' dir='ltr'>quat.</span> <span class='ocrx_word' id='word_1_261' title='bbox 777 3771 830 3857; x_wconf 86' lang='lat' dir='ltr'>jus</span> <span class='ocrx_word' id='word_1_262' title='bbox 845 3779 1041 3859; x_wconf 88' lang='lat' dir='ltr'>patronatus</span> <span class='ocrx_word' id='word_1_263' title='bbox 1066 3772 1109 3838; x_wconf 93' lang='lat' dir='ltr'>ad</span> <span class='ocrx_word' id='word_1_264' title='bbox 1134 3773 1251 3859; x_wconf 89' lang='lat' dir='ltr'>capell.</span> <span class='ocrx_word' id='word_1_265' title='bbox 1268 3773 1465 3858; x_wconf 89' lang='lat' dir='ltr'>predictam,</span> <span class='ocrx_word' id='word_1_266' title='bbox 1481 3772 1654 3837; x_wconf 88' lang='lat' dir='ltr'>fundatam</span> 
     </span>
     <span class='ocr_line' id='line_1_29' title="bbox 296 3874 1654 3963; baseline 0.001 -26"><span class='ocrx_word' id='word_1_267' title='bbox 296 3874 450 3959; x_wconf 91' lang='lat' dir='ltr'>primitus</span> <span class='ocrx_word' id='word_1_268' title='bbox 465 3884 500 3940; x_wconf 88' lang='lat' dir='ltr'>et</span> <span class='ocrx_word' id='word_1_269' title='bbox 515 3876 678 3957; x_wconf 88' lang='lat' dir='ltr'>dotatam,</span> <span class='ocrx_word' id='word_1_270' title='bbox 703 3876 888 3942; x_wconf 89' lang='lat' dir='ltr'>concedere</span> <span class='ocrx_word' id='word_1_271' title='bbox 903 3876 1085 3961; x_wconf 91' lang='lat' dir='ltr'>dignemini</span> <span class='ocrx_word' id='word_1_272' title='bbox 1111 3874 1243 3955; x_wconf 91' lang='lat' dir='ltr'>Judoco</span> <span class='ocrx_word' id='word_1_273' title='bbox 1260 3884 1293 3941; x_wconf 87' lang='lat' dir='ltr'>et</span> <span class='ocrx_word' id='word_1_274' title='bbox 1317 3877 1387 3963; x_wconf 86' lang='lat' dir='ltr'>ejus</span> <span class='ocrx_word' id='word_1_275' title='bbox 1402 3876 1654 3943; x_wconf 91' lang='lat' dir='ltr'>successoribus.</span> 
     </span>
     <span class='ocr_line' id='line_1_30' title="bbox 296 3980 1054 4067; baseline 0 -20"><span class='ocrx_word' id='word_1_276' title='bbox 296 4021 339 4031; x_wconf 94' lang='lat'><em>-</em></span> <span class='ocrx_word' id='word_1_277' title='bbox 355 3980 440 4062; x_wconf 87' lang='lat' dir='ltr'>Fiat,</span> <span class='ocrx_word' id='word_1_278' title='bbox 457 3983 551 4048; x_wconf 87' lang='lat' dir='ltr'>salvo</span> <span class='ocrx_word' id='word_1_279' title='bbox 566 3982 600 4047; x_wconf 93' lang='lat' dir='ltr'>in</span> <span class='ocrx_word' id='word_1_280' title='bbox 616 3981 688 4047; x_wconf 90' lang='lat' dir='ltr'>aliis</span> <span class='ocrx_word' id='word_1_281' title='bbox 700 3982 773 4061; x_wconf 81' lang='lat' dir='ltr'>jure</span> <span class='ocrx_word' id='word_1_282' title='bbox 788 3980 996 4067; x_wconf 90' lang='lat' dir='ltr'>parrochiali,</span> <span class='ocrx_word' id='word_1_283' title='bbox 1015 3981 1054 4047; x_wconf 94' lang='lat' dir='ltr'><strong>R.</strong></span> 
     </span>
    </p>
   </div>
   <div class='ocr_carea' id='block_1_11' title="bbox 296 4149 1654 4860">
    <p class='ocr_par' dir='ltr' id='par_1_11' title="bbox 296 4149 1654 4757">
     <span class='ocr_line' id='line_1_31' title="bbox 340 4149 1654 4239; baseline -0.005 -20"><span class='ocrx_word' id='word_1_284' title='bbox 340 4158 425 4219; x_wconf 88' lang='grc'><strong>548.</strong></span> <span class='ocrx_word' id='word_1_285' title='bbox 442 4150 530 4218; x_wconf 90' lang='lat' dir='ltr'>Item</span> <span class='ocrx_word' id='word_1_286' title='bbox 546 4173 641 4239; x_wconf 91' lang='lat' dir='ltr'>supp.</span> <span class='ocrx_word' id='word_1_287' title='bbox 656 4152 796 4238; x_wconf 91' lang='lat' dir='ltr'>predicti</span> <span class='ocrx_word' id='word_1_288' title='bbox 823 4152 941 4233; x_wconf 93' lang='lat' dir='ltr'>nuntii,</span> <span class='ocrx_word' id='word_1_289' title='bbox 966 4160 1056 4236; x_wconf 86' lang='lat' dir='ltr'>quat.</span> <span class='ocrx_word' id='word_1_290' title='bbox 1083 4151 1162 4217; x_wconf 93' lang='lat' dir='ltr'>dom</span> <span class='ocrx_word' id='word_1_291' title='bbox 1180 4150 1281 4216; x_wconf 88' lang='lat' dir='ltr'>Petro</span> <span class='ocrx_word' id='word_1_292' title='bbox 1296 4150 1338 4217; x_wconf 90' lang='lat' dir='ltr'>de</span> <span class='ocrx_word' id='word_1_293' title='bbox 1354 4149 1419 4236; x_wconf 73' lang='lat' dir='ltr'>vy,</span> <span class='ocrx_word' id='word_1_294' title='bbox 1435 4169 1549 4215; x_wconf 90' lang='lat' dir='ltr'>eorum</span> <span class='ocrx_word' id='word_1_295' title='bbox 1566 4150 1654 4229; x_wconf 80' lang='lat' dir='ltr'>cler,</span> 
     </span>
     <span class='ocr_line' id='line_1_32' title="bbox 296 4253 1654 4343; baseline -0.002 -23"><span class='ocrx_word' id='word_1_296' title='bbox 296 4254 338 4320; x_wconf 91' lang='lat' dir='ltr'>de</span> <span class='ocrx_word' id='word_1_297' title='bbox 353 4258 430 4321; x_wconf 93' lang='lat' dir='ltr'>ben.</span> <span class='ocrx_word' id='word_1_298' title='bbox 446 4258 528 4322; x_wconf 90' lang='lat' dir='ltr'>eccl.</span> <span class='ocrx_word' id='word_1_299' title='bbox 544 4278 573 4323; x_wconf 93' lang='lat' dir='ltr'>c.</span> <span class='ocrx_word' id='word_1_300' title='bbox 590 4278 619 4323; x_wconf 94' lang='lat' dir='ltr'>c.</span> <span class='ocrx_word' id='word_1_301' title='bbox 635 4258 689 4322; x_wconf 92' lang='lat' dir='ltr'>vel</span> <span class='ocrx_word' id='word_1_302' title='bbox 705 4278 730 4323; x_wconf 91' lang='lat' dir='ltr'>s.</span> <span class='ocrx_word' id='word_1_303' title='bbox 752 4278 791 4338; x_wconf 91' lang='lat' dir='ltr'>c.,</span> <span class='ocrx_word' id='word_1_304' title='bbox 815 4264 990 4343; x_wconf 88' lang='lat' dir='ltr'>spectante</span> <span class='ocrx_word' id='word_1_305' title='bbox 1013 4255 1237 4322; x_wconf 91' lang='lat' dir='ltr'>communiter</span> <span class='ocrx_word' id='word_1_306' title='bbox 1258 4256 1313 4320; x_wconf 90' lang='lat' dir='ltr'>vel</span> <span class='ocrx_word' id='word_1_307' title='bbox 1336 4254 1468 4320; x_wconf 83' lang='lat' dir='ltr'>divisim</span> <span class='ocrx_word' id='word_1_308' title='bbox 1491 4253 1534 4320; x_wconf 86' lang='lat' dir='ltr'>ad</span> <span class='ocrx_word' id='word_1_309' title='bbox 1557 4253 1654 4319; x_wconf 91' lang='lat' dir='ltr'>coll...</span> 
     </span>
     <span class='ocr_line' id='line_1_33' title="bbox 296 4356 1653 4448; baseline -0.001 -25"><span class='ocrx_word' id='word_1_310' title='bbox 296 4360 408 4445; x_wconf 83' lang='lat' dir='ltr'>episc,</span> <span class='ocrx_word' id='word_1_311' title='bbox 424 4360 496 4426; x_wconf 87' lang='lat' dir='ltr'>dec.</span> <span class='ocrx_word' id='word_1_312' title='bbox 513 4369 548 4426; x_wconf 89' lang='lat' dir='ltr'>et</span> <span class='ocrx_word' id='word_1_313' title='bbox 563 4382 635 4448; x_wconf 88' lang='lat' dir='ltr'>cap.</span> <span class='ocrx_word' id='word_1_314' title='bbox 646 4359 841 4441; x_wconf 78' lang='lat' dir='ltr'>Nivemen,</span> <span class='ocrx_word' id='word_1_315' title='bbox 851 4380 909 4426; x_wconf 89' lang='lat' dir='ltr'>seu</span> <span class='ocrx_word' id='word_1_316' title='bbox 922 4356 1137 4445; x_wconf 90' lang='lat' dir='ltr'>singularium</span> <span class='ocrx_word' id='word_1_317' title='bbox 1147 4379 1363 4447; x_wconf 87' lang='lat' dir='ltr'>personarum</span> <span class='ocrx_word' id='word_1_318' title='bbox 1376 4358 1458 4424; x_wconf 91' lang='lat' dir='ltr'>eccl.</span> <span class='ocrx_word' id='word_1_319' title='bbox 1470 4356 1653 4423; x_wconf 84' lang='lat' dir='ltr'>Nivemen.</span> 
     </span>
     <span class='ocr_line' id='line_1_34' title="bbox 296 4459 1653 4552; baseline -0.001 -27"><span class='ocrx_word' id='word_1_320' title='bbox 296 4463 455 4548; x_wconf 89' lang='lat' dir='ltr'>predicte,</span> <span class='ocrx_word' id='word_1_321' title='bbox 478 4464 660 4549; x_wconf 91' lang='lat' dir='ltr'>dignemini</span> <span class='ocrx_word' id='word_1_322' title='bbox 682 4464 885 4552; x_wconf 81' lang='lat' dir='ltr'>providere3</span> <span class='ocrx_word' id='word_1_323' title='bbox 909 4483 979 4530; x_wconf 91' lang='lat' dir='ltr'>nou</span> <span class='ocrx_word' id='word_1_324' title='bbox 1002 4466 1088 4529; x_wconf 90' lang='lat' dir='ltr'>obst.</span> <span class='ocrx_word' id='word_1_325' title='bbox 1111 4462 1202 4547; x_wconf 94' lang='lat' dir='ltr'>quod</span> <span class='ocrx_word' id='word_1_326' title='bbox 1225 4482 1298 4529; x_wconf 89' lang='lat' dir='ltr'>can.</span> <span class='ocrx_word' id='word_1_327' title='bbox 1326 4464 1386 4527; x_wconf 91' lang='lat' dir='ltr'>sub</span> <span class='ocrx_word' id='word_1_328' title='bbox 1413 4482 1487 4547; x_wconf 87' lang='lat' dir='ltr'>exp.</span> <span class='ocrx_word' id='word_1_329' title='bbox 1504 4463 1596 4549; x_wconf 77' lang='lat' dir='ltr'>preb.</span> <span class='ocrx_word' id='word_1_330' title='bbox 1619 4459 1653 4524; x_wconf 95' lang='lat' dir='ltr'>in</span> 
     </span>
     <span class='ocr_line' id='line_1_35' title="bbox 296 4564 1654 4655; baseline -0.004 -22"><span class='ocrx_word' id='word_1_331' title='bbox 296 4566 386 4633; x_wconf 90' lang='lat' dir='ltr'>dicta</span> <span class='ocrx_word' id='word_1_332' title='bbox 412 4570 504 4649; x_wconf 78' lang='lat' dir='ltr'>eccl,</span> <span class='ocrx_word' id='word_1_333' title='bbox 521 4589 579 4633; x_wconf 91' lang='lat' dir='ltr'>seu</span> <span class='ocrx_word' id='word_1_334' title='bbox 594 4570 745 4655; x_wconf 89' lang='lat' dir='ltr'>parrocb.</span> <span class='ocrx_word' id='word_1_335' title='bbox 762 4569 843 4634; x_wconf 90' lang='lat' dir='ltr'>eccl.</span> <span class='ocrx_word' id='word_1_336' title='bbox 864 4567 907 4633; x_wconf 89' lang='lat' dir='ltr'>de</span> <span class='ocrx_word' id='word_1_337' title='bbox 924 4566 1125 4653; x_wconf 90' lang='lat' dir='ltr'>Bappalmis,</span> <span class='ocrx_word' id='word_1_338' title='bbox 1149 4568 1362 4632; x_wconf 84' lang='lat' dir='ltr'>Attrebaterr.</span> <span class='ocrx_word' id='word_1_339' title='bbox 1385 4565 1482 4646; x_wconf 80' lang='lat' dir='ltr'>dioc,</span> <span class='ocrx_word' id='word_1_340' title='bbox 1506 4564 1654 4631; x_wconf 90' lang='lat' dir='ltr'>noscitur</span> 
     </span>
     <span class='ocr_line' id='line_1_36' title="bbox 296 4634 1224 4757; baseline 0.001 -22"><span class='ocrx_word' id='word_1_341' title='bbox 296 4634 457 4746; x_wconf 71' lang='lat' dir='ltr'>obtilrere.</span> <span class='ocrx_word' id='word_1_342' title='bbox 475 4709 506 4719; x_wconf 97' lang='lat'>-</span> <span class='ocrx_word' id='word_1_343' title='bbox 528 4670 603 4737; x_wconf 88' lang='lat' dir='ltr'>Fiat</span> <span class='ocrx_word' id='word_1_344' title='bbox 619 4694 722 4757; x_wconf 88' lang='lat' dir='ltr'>usque</span> <span class='ocrx_word' id='word_1_345' title='bbox 738 4672 780 4738; x_wconf 91' lang='lat' dir='ltr'>ad</span> <span class='ocrx_word' id='word_1_346' title='bbox 798 4678 837 4737; x_wconf 89' lang='lat'>60</span> <span class='ocrx_word' id='word_1_347' title='bbox 853 4671 908 4737; x_wconf 93' lang='lat' dir='ltr'>lib.</span> <span class='ocrx_word' id='word_1_348' title='bbox 926 4692 955 4737; x_wconf 94' lang='lat' dir='ltr'>c.</span> <span class='ocrx_word' id='word_1_349' title='bbox 971 4692 1010 4751; x_wconf 92' lang='lat' dir='ltr'>c.,</span> <span class='ocrx_word' id='word_1_350' title='bbox 1028 4662 1069 4757; x_wconf 70' lang='grc' dir='ltr'>4ο</span> <span class='ocrx_word' id='word_1_351' title='bbox 1085 4690 1109 4735; x_wconf 92' lang='lat' dir='ltr'>s.</span> <span class='ocrx_word' id='word_1_352' title='bbox 1126 4690 1165 4753; x_wconf 94' lang='lat' dir='ltr'>c.,</span> <span class='ocrx_word' id='word_1_353' title='bbox 1183 4670 1224 4736; x_wconf 92' lang='lat' dir='ltr'><strong>R.</strong></span> 
     </span>
    </p>

    <p class='ocr_par' dir='ltr' id='par_1_12' title="bbox 339 4773 1014 4860">
     <span class='ocr_line' id='line_1_37' title="bbox 339 4773 1014 4860; baseline 0.003 -22"><span class='ocrx_word' id='word_1_354' title='bbox 339 4773 417 4840; x_wconf 84' lang='lat' dir='ltr'>Dat.</span> <span class='ocrx_word' id='word_1_355' title='bbox 433 4776 534 4841; x_wconf 87' lang='lat' dir='ltr'>Avin.</span> <span class='ocrx_word' id='word_1_356' title='bbox 551 4797 568 4841; x_wconf 88' lang='lat'><em>2</em></span> <span class='ocrx_word' id='word_1_357' title='bbox 587 4775 631 4841; x_wconf 94' lang='lat' dir='ltr'>id.</span> <span class='ocrx_word' id='word_1_358' title='bbox 648 4784 716 4842; x_wconf 92' lang='lat' dir='ltr'>oct.</span> <span class='ocrx_word' id='word_1_359' title='bbox 731 4782 764 4841; x_wconf 86' lang='lat' dir='ltr'>a⁰</span> <span class='ocrx_word' id='word_1_360' title='bbox 781 4782 824 4841; x_wconf 89' lang='lat'><strong>2⁰.</strong></span> <span class='ocrx_word' id='word_1_361' title='bbox 841 4774 889 4860; x_wconf 87' lang='lat'>(3,</span> <span class='ocrx_word' id='word_1_362' title='bbox 908 4792 969 4859; x_wconf 87' lang='lat'>257</span> <span class='ocrx_word' id='word_1_363' title='bbox 988 4775 1014 4859; x_wconf 91' lang='lat'><strong>).</strong></span> 
     </span>
    </p>
   </div>
   <div class='ocr_carea' id='block_1_12' title="bbox 327 4960 585 5025">
    <p class='ocr_par' dir='ltr' id='par_1_13' title="bbox 327 4960 585 5025">
     <span class='ocr_line' id='line_1_38' title="bbox 327 4960 585 5025; baseline 0.004 -14"><span class='ocrx_word' id='word_1_364' title='bbox 327 4963 357 5025; x_wconf 75' lang='lat' dir='ltr'>e)</span> <span class='ocrx_word' id='word_1_365' title='bbox 372 4960 430 5012; x_wconf 65' lang='lat' dir='ltr'>and.</span> <span class='ocrx_word' id='word_1_366' title='bbox 442 4976 452 5008; x_wconf 86' lang='lat'><strong>.·</strong></span> <span class='ocrx_word' id='word_1_367' title='bbox 463 4962 585 5012; x_wconf 82' lang='lat' dir='ltr'>winocb.</span> 
     </span>
    </p>
   </div>
   <div class='ocr_carea' id='block_1_13' title="bbox 0 0 1830 5675">
    <p class='ocr_par' dir='ltr' id='par_1_14' title="bbox 0 0 1830 5675">
     <span class='ocr_line' id='line_1_39' title="bbox 0 0 1830 5675; baseline 0 5"><span class='ocrx_word' id='word_1_368' title='bbox 0 0 1830 5675; x_wconf 95' lang='lat' dir='ltr'> </span> 
     </span>
    </p>
   </div>
  </div>
 </body>
</html>
