3650 5675
291 493 352 556 286
779 491 866 561 1846.
890 489 978 554 21-22
1001 491 1167 556 novembre.

291 665 350 732 per
366 643 406 708 E.
422 643 454 709 S.
469 642 659 728 specialiter
682 642 780 708 sactis
795 643 849 707 vel
871 642 977 707 etiam
992 642 1154 710 faciendis
1172 666 1180 725 ;
1198 644 1354 730 quodque
1369 645 1478 710 eidem
1495 647 1651 712 commis-

291 749 377 814 sario
392 747 604 814 committere
619 746 803 831 dignemini
819 755 854 812 et
869 745 1038 827 mandare,
1062 748 1162 832 quod,
1183 757 1321 834 recepta
1336 750 1561 834 resignatione
1576 771 1650 836 pre-

291 853 391 933 dicta,
408 853 478 939 ipse
493 850 624 937 prefato
640 849 787 918 Guidoni
810 851 853 916 de
874 852 1038 918 ambobus
1059 852 1312 919 canonicatibus
1322 861 1357 918 et
1371 856 1463 939 preb.
1480 854 1648 940 predictis

292 978 350 1022 seu
364 956 407 1023 de
421 957 527 1022 altero
542 955 675 1020 illorum
691 955 748 1039 qui
759 955 883 1020 fuerint
897 954 1065 1038 resignati,
1077 964 1185 1041 apost.
1202 965 1291 1023 auct.
1307 957 1482 1042 provideat
1494 957 1649 1042 ipsosque

292 1059 443 1126 conferat
458 1058 568 1125 eidem
584 1077 661 1124 cum
678 1079 795 1124 eorum
814 1059 942 1143 juribus
957 1065 992 1123 et
1013 1058 1223 1144 pertinentiis
1238 1060 1409 1141 universis,
1425 1061 1649 1146 eumdemque

291 1163 481 1229 Guidonem
497 1183 556 1228 seu
571 1170 823 1249 procuratorem
847 1183 944 1228 suum
968 1162 1012 1227 ad
1033 1161 1140 1228 dictas
1162 1164 1254 1248 preb.
1269 1162 1372 1248 recipi
1388 1163 1488 1228 faciat
1514 1163 1548 1228 in
1574 1183 1649 1230 can.

290 1276 325 1334 et
340 1269 374 1334 in
391 1269 535 1349 fratrem,
551 1268 652 1334 stallo
667 1268 728 1334 sibi
745 1267 780 1333 in
795 1267 899 1335 choro
911 1275 946 1333 et
961 1269 1039 1334 loco
1054 1268 1087 1331 in
1112 1267 1260 1352 capitulo
1275 1266 1459 1352 assignatis,
1476 1267 1649 1352 ipsumque

291 1371 480 1438 Guidonem
490 1393 549 1437 seu
564 1379 814 1457 procuratorem
830 1371 1018 1458 predictum
1035 1371 1172 1437 inducat
1180 1391 1240 1456 per
1249 1392 1284 1436 se
1293 1370 1347 1436 vel
1360 1371 1463 1435 alium
1475 1371 1509 1435 in
1521 1391 1649 1456 posses-

290 1475 420 1540 sionem
435 1475 611 1561 pacificam
626 1478 717 1560 preb.
734 1484 769 1540 et
785 1495 857 1541 can.
868 1475 1095 1562 predictorum
1107 1483 1142 1539 et
1157 1473 1315 1540 defendat
1329 1473 1564 1540 inductum-
1575 1473 1649 1541 Fiat

290 1600 350 1665 per
359 1579 564 1645 cardinalem
578 1579 1052 1666 Claromonten.,presentibus
1063 1587 1140 1665 post
1153 1599 1279 1643 annum
1291 1577 1428 1643 minime
1438 1577 1596 1644 valituris.
1608 1578 1648 1644 R.

335 1683 413 1750 Dat.
428 1684 528 1749 Avin.
549 1705 583 1749 11
603 1683 669 1751 kal.
685 1683 758 1750 dec.
775 1691 810 1748 a⁰
827 1692 868 1768 5⁰.
885 1684 955 1768 (12,
977 1687 1059 1768 108).

344 1822 489 1906 1099.
1253 1856 1272 1899 Ι
1272 1835 1349 1919 346,
1366 1855 1405 1898 21
1424 1836 1606 1899 novembre.

334 1942 422 2028 Sign.
439 1940 648 2006 ambaxiator
664 1937 825 2005 Leodien.
843 1950 861 2020 ¹,
878 1939 969 2024 quod
986 1938 1123 2024 quidam
1140 1939 1307 2005 Robertus
1316 1939 1426 2006 dictus
1441 1936 1648 2022 Bobbregch,

291 2046 372 2110 olim
388 2066 462 2112 can.
478 2043 619 2110 ecclesie
645 2043 687 2108 de
713 2041 842 2124 Fosses,
870 2041 1031 2108 Leodien.
1047 2043 1145 2124 dioc,
1161 2063 1208 2128 gr.
1224 2043 1267 2108 de
1288 2063 1363 2108 can.
1379 2045 1439 2107 sub
1455 2063 1530 2128 exp.
1546 2043 1649 2130 preb,

291 2149 391 2235 dign,
407 2169 493 2234 pers.
509 2147 562 2213 vel
579 2145 635 2211 off.
651 2147 684 2210 in
702 2149 784 2213 eccl.
801 2145 962 2213 Leodien.
978 2168 998 2213 a
1014 2146 1092 2213 sede
1108 2156 1216 2233 apost.
1229 2145 1431 2232 impetravit,
1441 2143 1599 2230 adjuncto
1615 2143 1649 2207 in

292 2254 364 2339 ipsa
378 2273 436 2337 gr,
453 2250 543 2336 quod
557 2249 774 2336 postmodum
800 2251 915 2336 vigore
940 2251 1031 2317 dicte
1054 2252 1160 2336 gratie
1188 2272 1271 2326 can,
1287 2253 1391 2336 preb,
1406 2248 1506 2334 dign,
1523 2247 1576 2313 vel
1592 2245 1649 2312 off.

292 2357 325 2420 in
341 2356 432 2423 dicta
445 2353 606 2420 Leodien.
622 2355 704 2420 eccl.
721 2354 820 2420 fuerit
835 2363 1015 2436 assecutus,
1031 2355 1179 2441 prefatos
1206 2375 1279 2420 can.
1296 2361 1331 2419 et
1356 2354 1448 2439 preb.
1471 2351 1513 2416 de
1530 2350 1557 2418 F
1558 2369 1650 2416 osses

291 2461 429 2526 omnino
445 2458 614 2525 dimittere
629 2466 809 2540 teneretur,
834 2481 874 2525 ac
899 2469 977 2545 post
992 2459 1266 2545 impetrationem
1292 2457 1480 2544 predictam
1505 2463 1539 2520 et
1555 2462 1649 2519 ante-

291 2585 393 2648 quam
408 2562 499 2629 dicta
513 2583 561 2646 gr.
577 2562 736 2628 effectum
752 2563 901 2644 haberet,
918 2564 952 2628 in
969 2563 1118 2629 fraudem
1135 2563 1323 2629 collationis
1339 2568 1446 2648 apost.
1457 2559 1649 2624 dictoscan.

291 2677 326 2734 et
341 2672 432 2754 preb.
449 2668 491 2733 de
508 2665 629 2732 Fosses
644 2667 677 2731 in
693 2668 849 2732 manibus
874 2667 976 2753 episc.
1001 2666 1163 2733 Leodien.
1180 2667 1301 2733 dicitur
1316 2665 1509 2750 resignasse,
1525 2671 1559 2727 et
1575 2664 1650 2728 sub·

291 2782 468 2858 sequenter
482 2772 606 2836 virtute
621 2771 711 2838 dicte
727 2772 832 2857 gratie
857 2792 929 2839 can.
946 2781 981 2836 et
1005 2774 1097 2860 preb.
1114 2793 1153 2839 ac
1178 2773 1281 2838 etiam
1306 2771 1396 2857 dign.
1424 2769 1458 2833 in
1482 2769 1553 2855 ipsa
1568 2766 1650 2832 eccl.

291 2874 464 2956 Leodien.,
481 2884 515 2941 et
538 2896 652 2941 eorum
679 2876 926 2960 possessionem
951 2877 1125 2963 pacificam
1151 2876 1212 2941 fuit
1237 2874 1387 2959 adeptuS,
1404 2894 1504 2957 quam
1528 2871 1651 2937 diutius

291 2980 399 3045 tenuit
414 2979 553 3065 pacifice
570 2989 604 3046 et
620 2980 742 3065 quiete,
759 2989 794 3045 et
809 2999 869 3067 per
885 3002 1094 3067 consequens
1118 2982 1198 3048 dicti
1224 3002 1298 3047 can.
1314 2987 1349 3045 et
1364 2982 1456 3065 preb.
1472 2978 1515 3043 de
1532 2975 1650 3043 Fosses

292 3083 381 3169 apud
396 3083 511 3147 sedem
534 3092 642 3168 apost.
658 3084 828 3149 vacavisse
854 3094 1046 3151 noscantur.
1064 3085 1174 3169 Quare
1202 3104 1297 3170 supp.
1321 3082 1409 3149 idem
1433 3082 1649 3160 ambaxiator,

293 3195 383 3270 quat.
398 3184 557 3267 Johanni,
581 3195 662 3252 nato
679 3186 787 3272 Egidii
813 3188 855 3253 de
880 3187 1008 3275 Lapide
1024 3200 1044 3269 ²,
1061 3191 1139 3256 cler.
1164 3187 1335 3269 Leodien.,
1352 3187 1394 3252 de
1410 3186 1509 3251 dictis
1525 3206 1597 3251 can.
1614 3191 1649 3248 et

292 3291 384 3375 preb.
401 3290 483 3355 eccl.
499 3290 541 3355 de
559 3290 688 3372 Fosses,
704 3292 730 3357 si
747 3292 805 3372 sic,
821 3302 859 3358 ut
874 3294 1045 3379 prefertur,
1062 3295 1115 3359 vel
1137 3294 1203 3358 alio
1219 3292 1337 3377 quovis
1352 3291 1455 3356 modo
1470 3297 1592 3355 vacent
1607 3288 1650 3355 ad

291 3414 437 3479 presens,
453 3394 635 3480 dignemini
652 3397 848 3482 providere;
873 3419 942 3464 non
959 3401 1045 3464 obst.
1062 3398 1153 3483 quod
1168 3400 1238 3483 ipse
1254 3396 1298 3463 ad
1325 3396 1400 3461 coll.
1417 3395 1651 3481 episcoporum

291 3495 507 3564 Cameracen.
524 3508 558 3565 et
574 3499 745 3581 Leodien.,
763 3511 851 3568 auct.
868 3504 1056 3568 litterarum
1071 3510 1256 3567 vestrarum
1273 3500 1306 3565 in
1323 3499 1459 3586 speciali
1475 3519 1522 3583 gr.
1543 3496 1651 3563 nosci-

290 3609 344 3665 tur
360 3609 548 3686 expectare.
565 3611 608 3652 -’
624 3602 701 3668 Fiat
720 3604 759 3668 R.

336 3703 415 3769 Dat.
431 3705 530 3772 Avin.
551 3728 586 3771 11
606 3706 672 3772 kal.
689 3708 762 3773 dec.
780 3714 813 3772 a⁰
831 3716 872 3793 5⁰.
890 3709 962 3794 (12,
986 3716 1087 3794 109l).

342 3842 484 3925 1100.
1252 3856 1347 3940 1346,
1365 3878 1405 3921 22
1424 3857 1605 3921 ruovembre.

334 3957 435 4024 Motu
458 3959 592 4046 proprio
618 3959 832 4045 providemus
858 3958 1006 4037 Johanni
1033 3960 1194 4041 Gervasii,
1222 3968 1334 4027 nostre
1364 3960 1492 4045 capelle
1515 3979 1589 4045 cap.
1614 3964 1649 4023 et

289 4188 361 4233 vac.
377 4186 438 4253 per
451 4176 596 4232 mortem
611 4166 631 4245 J
634 4167 776 4233 ohannis
791 4168 871 4233 dicti
885 4168 1011 4252 Quette
1027 4169 1070 4234 de
1085 4168 1407 4255 Dompnomedardo
1422 4167 1455 4231 in
1472 4164 1617 4231 Pontivo
1626 4174 1647 4244 ³,

289 4270 439 4356 ejusdem
463 4272 545 4336 eccl.
568 4270 641 4337 dec.
661 4278 695 4336 et
714 4292 788 4338 can.
804 4275 908 4358 preb,
925 4274 981 4357 qui
996 4293 1101 4360 nuper
1117 4280 1211 4337 extra
1228 4270 1326 4337 Rom.
1343 4292 1410 4337 cur.
1426 4270 1515 4337 diem
1531 4268 1650 4335 clausit

289 4382 476 4439 extremum
492 4396 500 4452 ;
518 4392 658 4456 quorum
677 4394 751 4440 can.
767 4384 802 4439 et
819 4379 910 4461 preb.
927 4377 1003 4442 coll.
1019 4374 1063 4441 ad
1079 4396 1140 4442 nos
1155 4375 1310 4461 pertinet,
1327 4383 1483 4461 pretextu
1503 4392 1649 4439 reserva-

289 4478 389 4544 tionis
401 4498 460 4564 per
471 4498 532 4543 nos
544 4477 631 4543 facte
644 4478 686 4543 de
696 4479 864 4545 decanatu
877 4479 967 4546 dicte
978 4480 1178 4547 Sicliniensis
1190 4480 1271 4544 eccl.
1284 4488 1362 4544 ante
1372 4477 1513 4565 predicti
1525 4477 1544 4556 J
1548 4477 1651 4543 ohan-

289 4582 340 4646 nis
356 4584 410 4647 ob.
426 4622 470 4631 -
486 4579 563 4645 Fiat
578 4592 674 4647 motu
689 4584 834 4668 proprio
852 4584 892 4649 R.

333 4684 411 4749 Dat.
428 4686 528 4749 Avin.
549 4705 586 4749 10
602 4684 668 4751 kal.
684 4685 757 4751 dec.
773 4694 807 4750 a⁰
824 4694 865 4769 5⁰.
883 4687 954 4772 (12,
977 4690 1078 4773 1o4l).

322 4858 348 4975 1ἐ
358 4855 679 4976 Piumeldigniicqffli
692 4858 760 4919 (voir
770 4872 797 4907 n.
809 4859 869 4919 930)
881 4874 916 4907 ou
928 4858 1031 4909 Nicolas
1047 4860 1079 4909 do
1091 4860 1174 4909 Neuss
1185 4860 1254 4923 (voir
1265 4874 1290 4907 n.
1303 4859 1371 4921 931).
1384 4887 1415 4894 -
1433 4860 1455 4906 2.
1467 4858 1530 4905 Voir
1541 4870 1566 4905 n.
1580 4856 1649 4905 1070.

291 4931 356 4976 -'.
392 4928 467 4976 oirn.
542 4932 632 4987 ,0.1.
