3650 5675
298 533 354 597 170
812 532 898 606 1344,
922 531 1125 597 24282m1.

296 682 437 747 nuncius
452 681 495 747 ad
510 680 549 747 V.
566 681 597 747 S.
622 682 827 766 presentiam
853 679 1049 761 destinatus
1078 691 1168 765 quat.
1195 680 1305 745 eidem
1332 682 1374 747 de
1400 703 1474 749 can.
1497 686 1557 749 sub
1581 705 1655 770 exp.

295 787 386 870 preb.
403 794 438 850 et
453 784 653 870 suplementi
670 784 703 848 in
719 786 802 851 eccl.
817 784 1017 868 Trajecten,
1036 783 1127 870 [vac.
1136 785 1190 849 vel
1200 783 1340 870 vacat.],
1353 785 1451 851 simul
1463 788 1518 851 vel
1527 808 1655 853 succes-

294 888 397 953 sive...
413 888 594 973 dignemini
611 888 810 974 providere;
828 908 895 953 non
912 890 1000 953 obst.
1016 887 1109 972 quod
1123 888 1156 952 in
1179 887 1211 953 S.
1235 887 1325 953 Petri
1344 887 1533 971 Insulensis,
1550 890 1588 957 B.
1606 890 1654 957 M.

294 990 521 1057 Curtracensis
537 1001 572 1058 et
587 992 618 1057 S.
636 992 788 1075 Quintini
809 992 960 1057 ecclesiis
974 1012 1048 1057 can.
1064 1000 1100 1057 et
1114 995 1217 1077 preb,
1232 1012 1272 1061 ac
1289 992 1322 1056 in
1339 992 1554 1059 Cameracen.
1581 1015 1654 1061 can.

293 1098 352 1161 sub
377 1117 452 1181 exp.
479 1099 582 1182 preb,
609 1118 669 1161 seu
694 1097 812 1182 capell.
839 1096 882 1161 de
905 1094 1050 1161 Blatone
1072 1105 1111 1161 et
1131 1095 1306 1181 Reginaldi
1335 1096 1441 1179 Folia,
1457 1097 1654 1179 Tornacen,

294 1198 498 1265 Noviomen.
515 1210 549 1265 et
566 1199 781 1265 Cameracen.
797 1199 895 1279 dioc,
912 1200 1062 1265 noscitur
1077 1200 1239 1265 obtinere.
1261 1237 1293 1249 -
1314 1198 1392 1267 Fiat
1409 1201 1448 1267 R.

338 1302 425 1367 Item
440 1324 535 1389 supp.
555 1304 633 1390 [pro
648 1303 715 1369 ind.
732 1304 765 1368 iu
782 1311 843 1368 art.
860 1302 976 1389 mort]
1001 1340 1033 1350 -
1055 1302 1130 1368 Fiat
1147 1302 1187 1368 R.

337 1405 415 1472 Dat.
432 1408 530 1473 Auin.
548 1410 565 1473 8
582 1408 650 1473 kal.
665 1408 744 1472 maii
757 1414 791 1472 a⁰
808 1414 850 1473 2⁰.
867 1407 919 1491 (4,
937 1407 1043 1491 3ο9*).

344 1542 452 1625 719.
1343 1578 1438 1642 1344,
1455 1582 1496 1644 24
1512 1563 1612 1627 avril.

336 1659 437 1746 Supp.
464 1659 656 1745 Amulphus
683 1658 802 1739 Brake,
828 1659 910 1725 civis
938 1659 1141 1740 Parisiensis,
1165 1669 1256 1744 quat.
1283 1660 1451 1747 [filiosuo
1476 1664 1655 1749 Radulpho

293 1762 413 1844 Brake,
430 1762 535 1849 cler.,]
555 1764 597 1828 de
624 1765 715 1848 preb.
743 1764 776 1827 in
802 1764 883 1829 eccl.
900 1763 932 1828 S.
948 1763 1142 1844 Andomari,
1167 1762 1334 1830 Morinen.
1350 1766 1448 1849 dioc,
1472 1767 1653 1853 dignemini

293 1867 491 1952 providere;
519 1888 586 1933 non
610 1870 696 1933 obst.
719 1868 819 1952 quod.
843 1866 933 1932 idem
961 1866 1157 1952 Radulphus
1171 1888 1257 1953 pers.
1273 1867 1315 1932 de
1342 1868 1441 1949 Vaus,
1456 1872 1653 1937 Atrebaten.

294 1970 391 2051 dioc,
402 1972 550 2036 noscitur
560 1971 711 2036 obtinere
727 1993 736 2050 ;
752 1991 821 2035 non
838 1972 924 2035 obst.
940 1970 1032 2054 quod
1046 1970 1078 2035 S.
1091 1968 1131 2035 V.
1143 1970 1253 2035 eidem
1271 1970 1450 2057 Radulpho
1464 1973 1590 2039 dictam
1606 1995 1653 2059 gr.

295 2074 438 2140 contulit
448 2075 481 2138 in
491 2074 655 2160 principio
668 2074 846 2139 creationis
855 2081 976 2154 vestre,
992 2074 1035 2139 ad
1050 2074 1329 2159 supplicationem
1345 2074 1438 2141 ducis
1454 2075 1653 2162 Burgundie,

295 2178 353 2243 sed
377 2188 557 2263 postquam
580 2201 600 2243 a
623 2178 654 2244 S.
671 2177 710 2243 V.
738 2178 867 2262 signata
889 2177 961 2258 fuit,
985 2176 1106 2242 deinde
1128 2177 1190 2243 fuit
1214 2177 1344 2263 perdita
1367 2200 1430 2245 nec
1452 2183 1588 2246 bullata.
1611 2222 1654 2230 -

296 2280 372 2347 Fiat
389 2281 429 2346 R.

339 2384 417 2449 Dat.
433 2385 531 2450 Avin.
550 2387 567 2449 8
583 2384 651 2449 kal.
666 2383 745 2449 maii
767 2392 800 2449 a⁰
816 2392 858 2449 2⁰.
875 2386 927 2469 (4,
942 2384 1047 2469 318⁹).

346 2521 459 2603 720.
1343 2560 1438 2624 1344,
1455 2542 1497 2605 26
1512 2543 1610 2606 aorr'l.

337 2639 438 2724 Supp.
471 2638 637 2705 Henricus
667 2638 710 2704 de
741 2638 895 2719 Culento,
927 2659 1000 2703 can.
1031 2646 1066 2703 et
1092 2638 1269 2705 archidiac.
1299 2640 1500 2709 Morinensis
1516 2655 1535 2725 ¹,
1562 2655 1653 2729 quat.

294 2743 418 2809 fructus
433 2744 672 2810 beneficiorum
692 2744 864 2829 percipere
884 2763 988 2827 usque
1005 2742 1047 2808 ad
1062 2743 1243 2808 triennium
1259 2744 1292 2808 in
1308 2747 1458 2811 absentia
1474 2750 1594 2826 valeat.
1610 2788 1654 2796 —

295 2846 540 3016 Fffialtissvin.
567 2957 583 3016 6
606 2951 672 3017 kal.
696 2951 775 3016 maii
798 2959 831 3016 a⁰
855 2959 897 3016 2⁰.
922 2952 973 3035 (4,
999 2953 1088 3035 313).

345 3088 448 3169 721.
1341 3121 1435 3185 1344,
1451 3105 1495 3166 28
1509 3105 1605 3168 avril.

336 3205 437 3290 Supp.
455 3205 640 3271 Nicholaus
655 3202 864 3285 Guidouche,
879 3205 1015 3271 scutifer
1029 3216 1151 3288 vester,
1167 3206 1306 3271 nuncius
1318 3216 1464 3290 exparte
1476 3205 1650 3288 Ludovici,

292 3308 424 3373 comitis
449 3307 614 3388 Flandrie,
631 3306 673 3373 ad
685 3306 724 3372 V.
742 3308 773 3372 S.
789 3309 993 3393 presentiam
1009 3308 1204 3390 destinatus,
1220 3317 1311 3392 quat.
1331 3307 1458 3394 [Petro
1475 3309 1545 3375 filio
1560 3310 1650 3376 Petri

294 3409 448 3494 Hugonis
471 3410 637 3496 Benyard,
661 3410 806 3497 scolari]
829 3410 1016 3476 Tornacen.
1033 3411 1130 3492 dioc,
1146 3413 1202 3496 qui
1218 3412 1336 3478 ascribi
1353 3411 1519 3478 desiderat
1533 3414 1652 3478 militie

292 3514 446 3596 clericali,
476 3535 565 3600 spec.
592 3535 639 3599 gr.
666 3515 837 3596 facientes
863 3524 991 3581 utnon
1014 3519 1100 3581 obst.
1124 3515 1188 3581 del.
1211 3525 1292 3598 nat,
1315 3536 1416 3600 quern
1438 3517 1510 3603 ipse
1533 3517 1652 3583 Petrus

291 3619 416 3702 patitur
445 3618 487 3683 de
517 3619 696 3703 conjugato
722 3619 853 3703 genitus
883 3629 919 3684 et
945 3622 1063 3701 soluta,
1094 3620 1200 3704 possit
1230 3640 1250 3684 a
1279 3640 1479 3704 quocunque
1508 3622 1651 3688 voluerit

290 3721 473 3786 antistite...
491 3721 634 3786 clericali
660 3731 829 3788 caractere
854 3723 1012 3808 insigniri,
1029 3732 1064 3788 et
1079 3744 1114 3788 se
1130 3723 1173 3789 ad
1188 3743 1306 3788 omnes
1328 3723 1484 3806 minores,
1511 3734 1556 3804 et,
1573 3745 1651 3790 cum

290 3826 333 3891 ad
348 3833 475 3890 etatem
497 3826 682 3911 legitimam
704 3827 903 3912 pervenerit,
920 3826 963 3892 ad
979 3848 1096 3892 omnes
1111 3847 1222 3892 sacros
1238 3826 1381 3907 ordines,
1397 3828 1531 3892 statutis
1547 3829 1651 3914 ajure

290 3931 505 4014 temporibus,
531 3930 641 3995 facere
665 3931 865 4016 promoveri,
889 3951 1003 3996 secum
1025 3930 1207 4016 dignemini
1234 3931 1435 4015 dispensare.
1451 3971 1494 3980 —
1510 3931 1586 3998 Fiat
1608 3931 1650 3997 de

289 4053 357 4098 uno
372 4035 459 4114 ben,
475 4033 578 4099 etiarn
593 4035 619 4098 si
636 4055 751 4099 curam
766 4034 889 4099 habeat
904 4035 1100 4100 animarum.
1118 4033 1158 4099 R.

333 4137 413 4202 Dat.
429 4137 528 4203 Avin.
544 4160 564 4222 4
580 4138 646 4203 kal.
662 4137 741 4203 maii
757 4145 789 4202 a⁰
807 4144 848 4203 2⁰.
866 4138 918 4220 (4,
933 4137 1023 4222 322).

341 4273 450 4354 722.
1341 4314 1436 4378 1344,
1453 4295 1496 4357 28
1510 4293 1607 4356 avril.

333 4390 389 4454 8³¹⁰
405 4391 515 4457 Pater.
531 4391 617 4456 Cum
642 4391 922 4478 supplicationem
938 4390 977 4457 V.
994 4391 1025 4455 S.
1050 4412 1112 4478 pro
1138 4403 1234 4478 parte
1260 4394 1425 4473 Johannis
1451 4395 1494 4462 de
1521 4395 1652 4460 Escoir-

290 4495 404 4578 maing
418 4503 438 4575 ²,
466 4497 543 4560 cler.
574 4495 791 4561 Cameracen.
818 4494 916 4576 dioc,
943 4494 1115 4577 traditam,
1142 4517 1241 4583 super
1266 4502 1374 4585 gratia
1409 4501 1469 4566 sibi
1497 4499 1651 4564 facienda

290 4597 332 4661 de
355 4600 431 4663 ben.
458 4601 540 4664 eccl.
571 4621 600 4665 c.
617 4619 646 4665 c.
663 4599 716 4663 vel
746 4619 771 4664 s.
788 4619 827 4680 c.,
858 4608 1035 4685 spectante
1066 4600 1110 4665 ad
1139 4602 1248 4668 coll...
1278 4603 1474 4688 archiepisc.
1500 4600 1651 4680 Remen,

290 4702 498 4786 signaveritis
532 4707 591 4769 sub
618 4703 699 4770 data
727 4708 744 4767 6
772 4702 845 4768 idus
868 4703 959 4784 maii,
976 4713 1071 4789 pont.
1096 4706 1196 4770 vestri
1222 4713 1256 4771 a⁰
1283 4714 1323 4787 1⁰,
1347 4714 1447 4792 prout
1473 4705 1506 4769 in
1533 4705 1652 4769 eadem

325 4956 345 5001 1.
362 4951 431 5002 uult.
442 4953 535 5013 carru,
551 4954 581 5011 v,
597 4957 643 5002 arr
656 4971 662 5012 ;
674 4959 729 5003 von
742 4933 765 5005 n.
778 4959 834 5005 aas.
847 4983 877 4990 -
889 4959 912 5003 a.
925 4957 986 5004 rou
998 4972 1022 5006 n.
1036 4959 1091 5005 aar.
