3650 5675
281 467 338 538 66.
743 470 829 544 1313,
852 471 893 536 28
914 471 1075 539 feviter-lv
1096 493 1180 540 mars.

331 619 438 706 318·
1300 663 1395 728 1543,
1413 646 1599 733 a8sevrrer.

325 741 423 826 Supp.
440 739 460 817 J
464 739 614 804 ohannes
629 737 672 803 de
688 737 792 804 Clivis
802 752 822 819 ¹,
840 739 927 805 sedis
942 749 1047 826 apost.
1065 763 1148 829 cap,
1165 753 1200 809 et
1216 744 1382 813 Gerardus
1409 749 1451 814 de
1476 749 1650 835 Vivario²,

281 850 381 929 quat,
397 864 474 908 cum
489 841 508 920 J
511 842 662 908 ohannes
678 862 752 908 can.
769 850 804 907 et
818 846 907 927 preb.
924 865 964 910 ac
988 847 1194 913 scolastriam
1211 848 1244 912 in
1262 846 1463 934 Maguntin.,
1476 862 1510 919 et
1526 854 1643 922 Gerar-

279 948 350 1028 dus,
366 947 516 1033 predicti,
533 967 605 1012 can.
621 955 656 1011 et
670 948 760 1032 preb.
774 946 947 1032 Reyssen,
965 948 1138 1016 Colonien.
1154 951 1252 1034 dioc.,
1276 955 1434 1038 ecclesiis,
1459 979 1543 1042 quos
1558 963 1644 1026 obti-

280 1055 416 1132 nebant,
433 1052 467 1115 in
491 1050 644 1116 manibus
668 1049 706 1115 R.
738 1050 773 1116 P.
789 1059 824 1116 et
846 1052 947 1134 dom,
963 1054 1052 1120 dom.
1067 1054 1243 1136 Johannis,
1260 1058 1361 1144 episc.
1380 1059 1580 1145 portuensis
1601 1066 1643 1131 de

279 1157 415 1222 licentia
431 1155 462 1221 S.
480 1155 528 1237 V.,
544 1176 604 1242 per
618 1162 850 1246 procuratores
865 1178 943 1222 suos
966 1158 1008 1223 ad
1038 1159 1104 1225 hoc
1134 1161 1282 1245 legitime
1313 1165 1524 1247 constitutos,
1555 1170 1643 1255 apud

279 1262 393 1328 sedem
424 1268 531 1347 apost.
557 1282 599 1324 ex
623 1281 722 1326 causa
745 1262 1002 1347 permutationis
1026 1262 1182 1329 duxerint
1213 1266 1430 1351 resignandos
1452 1293 1460 1349 ;
1487 1269 1642 1356 idemque

279 1368 367 1433 dom.
384 1366 569 1446 cardinalis
585 1366 628 1431 de
655 1365 816 1430 mandato
832 1376 945 1431 vestro
960 1367 1037 1432 vive
1052 1368 1147 1434 vocis
1162 1372 1297 1436 oraculo
1322 1371 1383 1436 sibi
1408 1373 1507 1456 facto,
1532 1376 1642 1461 hujus·

279 1473 370 1538 modi
386 1472 627 1556 resignationes
642 1469 776 1535 admisit
794 1493 801 1548 ;
817 1470 1000 1555 dignemini
1026 1471 1175 1540 Gerardo
1199 1474 1240 1539 de
1265 1496 1349 1556 can,
1366 1479 1455 1562 preb.
1480 1487 1515 1543 et
1539 1481 1642 1545 scola-

279 1575 358 1640 stria
375 1574 573 1659 Maguntin.,
589 1595 629 1639 ac
645 1573 665 1652 J
668 1574 803 1655 ohanni,
820 1575 988 1660 predictis,
1011 1576 1053 1642 de
1070 1585 1192 1643 canet
1218 1582 1308 1664 preb.
1330 1578 1505 1665 ,Reyssen.,
1537 1584 1643 1648 eccle-

278 1681 399 1767 siarum
415 1679 649 1765 predictarum,
664 1679 711 1744 sic
728 1700 797 1744 vac.
810 1687 895 1744 auct.
907 1688 1013 1765 apost.
1029 1681 1213 1767 providere.
1230 1681 1310 1749 Non
1322 1686 1407 1749 obst.
1418 1684 1643 1769 quodJohan-

278 1805 339 1849 nes
354 1805 428 1850 can.
443 1792 477 1848 et
492 1786 583 1869 preb.
600 1805 640 1850 ac
657 1784 858 1850 decanatum
884 1783 1070 1868 Colonien,
1101 1807 1234 1853 necnon
1267 1809 1337 1854 can.
1362 1796 1397 1854 et
1420 1785 1642 1877 6161611616-

279 1896 378 1969 6166,
406 1896 441 1952 et
464 1886 667 1954 Xanctensis
686 1895 709 1969 ⁸,
731 1887 821 1953 dicte
848 1888 1023 1954 Colonien.
1039 1890 1136 1970 dioc.,
1164 1893 1388 1974 ecclesiarum,
1420 1901 1454 1958 et
1477 1892 1642 1960 Gerardus

278 1991 478 2057 decanatum
494 1992 523 2056 S.
541 1992 689 2058 Severini
703 1993 890 2074 Colonien,
907 2014 980 2058 can.
997 2003 1032 2059 et
1047 1997 1137 2079 preb.
1154 1994 1322 2079 Leodien.,
1346 1997 1375 2063 S.
1402 1996 1448 2062 Μ.
1464 1998 1640 2082 Aquensis,

279 2094 307 2160 S.
319 2094 474 2180 Gengulfi
487 2094 790 2181 Heynsbergensis,
802 2094 960 2161 Leodien.
973 2097 1070 2178 dioc.,
1087 2119 1220 2165 necnon
1238 2101 1308 2165 'can
1319 2110 1354 2166 et
1365 2103 1455 2186 preb.
1465 2121 1505 2166 ac
1521 2103 1641 2167 scolas-

278 2199 376 2264 triam
392 2199 423 2264 S.
440 2198 620 2266 Salvatoris
635 2201 821 2286 Trajecten.
838 2201 1063 2284 ecclesiarum,
1081 2203 1233 2269 obtinere
1248 2213 1438 2271 noscuntur.
1452 2248 1495 2256 -
1512 2205 1539 2270 F
1540 2207 1586 2272 iat
1603 2205 1658 2272 R..

322 2303 398 2370 Dat„
414 2325 467 2390 ap.
484 2304 732 2389 villamnovam
749 2327 766 2370 2
783 2306 847 2372 kal.
863 2314 958 2372 mart.
974 2313 1007 2371 a⁰
1027 2315 1066 2372 1⁰.
1083 2308 1134 2392 (2,
1153 2310 1220 2393 64).
1307 2345 1315 2367 κ

326 2445 568 2531 319-320.
1132 2483 1135 2490 ·
1344 2479 1439 2544 1345,
1459 2480 1477 2524 r
1494 2482 1596 2525 rnurs.

321 2563 420 2648 Supp.
438 2561 590 2628 Ferricus
606 2562 648 2628 de
667 2562 867 2644 Pinconio³,
879 2565 951 2627 bac.
969 2563 1003 2626 in
1028 2563 1100 2646 leg,
1117 2581 1187 2626 can.
1214 2560 1383 2645 Leodien.,
1400 2573 1488 2648 quat.
1514 2564 1574 2629 sibi
1599 2564 1641 2629 de

278 2669 411 2733 abbatia
437 2666 593 2733 secularis
609 2666 688 2732 eccl.
704 2666 929 2746 Amaniensis,
947 2663 1105 2732 Leodien.
1121 2665 1217 2745 dioc.,
1234 2674 1395 2731 consueta
1410 2667 1488 2732 solis
1504 2669 1640 2733 canoni-

276 2773 323 2838 cis
340 2770 499 2839 Leodien.
516 2771 684 2857 assignari,
700 2791 772 2836 vac.
787 2791 847 2858 per
862 2779 1006 2836 mortem
1023 2768 1196 2836 Guillermi
1212 2770 1254 2835 de
1271 2769 1451 2853 Stocheim,
1471 2771 1640 2856 quondam

276 2877 362 2941 sedis
377 2886 482 2962 apost.
499 2890 593 2961 cap.⁴,
609 2875 793 2960 dignemini
816 2876 993 2961 providere
1012 2898 1020 2954 ;
1046 2896 1114 2939 non
1140 2877 1223 2940 obst.
1240 2874 1331 2959 quod
1355 2896 1426 2941 can.
1442 2882 1476 2941 et
1499 2878 1588 2962 preb.
1605 2876 1638 2940 in

278 2979 368 3045 dicta
385 2978 542 3045 Leodien.
559 2981 638 3045 ecel.
654 2981 805 3045 noscitur
819 2979 980 3045 obtinere.
997 3019 1040 3028 -
1057 2978 1133 3044 Fiat
1151 2978 1188 3044 R.

319 3123 404 3184 320.
423 3116 511 3182 Item
527 3138 620 3204 supp.
637 3116 745 3183 dictus
762 3116 922 3195 Ferricus,
934 3126 1021 3203 quat.
1037 3116 1141 3201 [fratri
1158 3138 1228 3198 suo,
1243 3116 1392 3183 Roberto
1406 3118 1449 3182 de
1465 3116 1639 3197 Pinconio,

274 3226 345 3287 bac.
362 3223 395 3286 in
413 3224 499 3307 leg.‚]
514 3222 557 3288 de
572 3222 721 3307 parroch.
738 3223 820 3288 eccl.
836 3222 877 3287 de
894 3222 1074 3308 Sprimont,
1091 3220 1252 3288 vestitura
1272 3222 1451 3307 vulgariter
1462 3222 1639 3307 appellata,

276 3323 434 3391 Leodien.
450 3326 547 3406 dioc.,
563 3347 634 3391 vac.
651 3326 692 3391 de
704 3328 787 3412 jure,
813 3348 911 3392 exeo
937 3327 1027 3411 quod
1051 3326 1276 3412 Weynrricus,
1293 3327 1395 3392 abbas
1410 3333 1551 3391 monast.
1568 3325 1639 3390 Sta·

249 3468 253 3474 ·
275 3432 421 3496 bulensis
428 3442 449 3513 ⁵,
465 3431 555 3497 dicte
570 3431 666 3513 dioc.,
682 3440 842 3518 patronus
857 3431 1006 3517 ejusdem
1022 3434 1112 3512 eccl,
1128 3451 1170 3497 6ο
1186 3438 1338 3517 tempore
1353 3451 1420 3515 quo
1435 3430 1582 3508 Johanni
1598 3428 1640 3493 de

278 3534 397 3621 Ruppe
413 3536 567 3617 contulit,
583 3536 743 3601 asserenti
760 3536 842 3602 falso
857 3557 892 3601 se
908 3544 1073 3602 rectorem
1089 3535 1180 3601 dicte
1197 3536 1276 3601 eccl.
1293 3533 1385 3600 etde
1401 3534 1492 3599 facto
1507 3541 1639 3615 tantum

277 3640 467 3725 occupanti,
483 3647 556 3705 erat
570 3640 929 3706 excommunicationis
945 3641 1113 3705 sententia
1139 3639 1330 3720 innodatus
1356 3638 1464 3703 eidem
1490 3635 1639 3701 Roberto

276 3743 458 3828 dignemini
475 3742 691 3828 providere⁶;
708 3763 777 3809 non
794 3746 880 3810 obst.
897 3743 987 3828 quod
1002 3764 1076 3809 can.
1090 3747 1220 3829 etpreb.
1231 3741 1402 3808 SMartini
1412 3741 1455 3807 de
1465 3738 1639 3820 Pinconi0,

277 3854 312 3911 et
328 3849 443 3933 capell.
455 3847 498 3912 de
515 3847 665 3933 Fluyaco
676 3858 687 3892 ⁷
698 3849 847 3914 noscitur
863 3849 1068 3914 obtinere-
1085 3847 1170 3927 Fiat,
1187 3847 1213 3913 si
1230 3867 1297 3912 non
1315 3854 1366 3911 est
1381 3845 1476 3911 alteri
1492 3844 1545 3929 jus
1560 3863 1639 3927 que·

276 3951 385 4017 situm.
403 3952 442 4018 R

320 4054 397 4121 Dat.
413 4076 465 4141 ap.
482 4056 731 4122 villamnovam
746 4056 810 4122 kal.
825 4065 923 4122 mart.
939 4064 972 4121 a⁰
992 4064 1027 4120 1⁰.
1046 4056 1096 4141 (2,
1115 4056 1195 4139 64').

308 4247 337 4307 a)
354 4246 410 4294 (bd.
423 4247 585 4295 xanctonen.

311 4414 333 4460 1.
346 4413 493 4472 Suuerland,
509 4414 541 4470 11,
555 4414 649 4461 591-
658 4415 681 4460 2.
691 4413 737 4470 lb,
748 4414 855 4460 666-669
866 4428 871 4462 :
884 4412 988 4470 Riezler,
1002 4427 1026 4462 n.
1038 4414 1106 4471 1910,
1117 4414 1181 4460 2086
1192 4428 1197 4468 ;
1212 4410 1311 4469 Kirsch,
1324 4410 1399 4469 11611,
1413 4412 1466 4468 339,
1480 4408 1524 4456 361
1537 4422 1542 4463 ;
1555 4406 1639 4465 Bmm,

278 4500 302 4535 n.
315 4487 369 4544 860,
384 4488 446 4533 1218
458 4502 464 4544 ;
476 4486 508 4534 (16
515 4486 611 4544 Theux,
625 4486 659 4544 ll,
670 4488 700 4533 71
712 4502 717 4544 ;
731 4486 860 4540 Bormans
875 4486 918 4545 IV,
934 4488 986 4534 166.
997 4515 1028 4520 ——
1040 4488 1062 4534 3.
1072 4487 1153 4548 Fen-y
1164 4486 1195 4533 de
1209 4486 1357 4545 Pioquigny,
1367 4484 1400 4531 cf.
1410 4482 1515 4539 Riezler,
1526 4494 1550 4533 n.
1562 4479 1623 4526 1711
1635 4494 1640 4534 ;

279 4560 379 4618 Kirsch,
393 4558 468 4617 11611,
481 4562 535 4617 267»,
549 4562 596 4607 267
610 4575 615 4617 ;
627 4560 659 4608 (16
671 4560 766 4618 Theux,
779 4560 813 4616 ll,
828 4560 909 4607 79-80.
922 4560 987 4607 ---1.
1000 4560 1062 4607 Voir
1073 4574 1098 4607 n.
1110 4562 1165 4607 2112.
1226 4562 1248 4607 6.
1262 4556 1337 4619 wery
1350 4556 1513 4614 (1611666616,
1526 4550 1592 4601 abbe
1609 4550 1641 4599 (16

278 4633 399 4693 Stavelot,
412 4639 480 4680 mort
492 4635 506 4681 6
519 4634 587 4680 'l'lior
599 4634 676 4695 (dioc.
688 4634 720 4681 (16
733 4632 885 4694 Cavaillon),
898 4634 922 4681 16
934 4635 948 4681 1
960 4632 1014 4681 (166.
1029 4635 1090 4682 1312
1108 4632 1194 4695 (Gall.
1213 4631 1310 4690 (lu-iat,
1329 4630 1377 4688 111,
1394 4630 1461 4690 919),
1481 4628 1523 4675 lut
1541 4640 1640 4675 excom·

277 4706 364 4755 616616
375 4722 422 4771 par
434 4706 524 4771 Benoit
539 4708 591 4754 Xll
604 4713 684 4755 avant
695 4707 718 4755 le
730 4710 745 4754 6
756 4721 815 4755 nov.
829 4709 890 4755 1337
903 4706 1064 4769 (Snueilnud,
1079 4706 1170 4755 111616.
1188 4704 1247 4763 Uul,
1261 4705 1295 4763 11,
1303 4718 1328 4752 6.
1337 4704 1421 4764 2038).
1434 4704 1485 4751 Son
1497 4710 1642 4749 sucoewur

277 4782 389 4843 liugues,
402 4783 487 4829 moine
498 4781 530 4829 dc
542 4780 678 4841 Junoelles,
690 4796 724 4829 au
735 4779 835 4829 diocese
846 4782 878 4829 de
891 4780 997 4841 Bdaicnt
1010 4782 1051 4829 lut
1063 4779 1164 4828 nomme
1176 4780 1199 4827 lc
1212 4781 1243 4827 23
1254 4777 1308 4827 (166,
1323 4780 1384 4825 1312
1394 4776 1512 4839 (11166161,
1522 4774 1620 4822 6.·2112
1635 4788 1641 4829 ;

276 4855 339 4918 1169.
358 4856 441 4913 Arm,
461 4856 499 4914 66,
520 4854 550 4902 11.
569 4855 707 4916 riensi).
724 4882 756 4889 —
772 4856 794 4902 6.
808 4854 907 4913 Kirsch,
921 4854 996 4913 Ir'oll,
1017 4856 1036 4913 1,
1049 4856 1103 4914 267,
1116 4856 1171 4902 272.
1183 4881 1215 4887 ψ
1232 4855 1254 4900 7.
1273 4852 1310 4899 La
1330 4850 1427 4899 familie
1446 4848 1479 4897 (16
1499 4847 1642 4907 Picquigny

275 4927 402 4994 posse‘deit
413 4929 439 4977 la
450 4930 590 4989 seigneurie
601 4928 633 4977 de
645 4928 713 4990 Flny
725 4928 770 4991 (de
788 4928 1028 4990 limburg-fitium,
1051 4928 1120 4977 Cart.
1132 4927 1162 4975 de
1175 4926 1252 4975 Loulx
1263 4926 1294 4975 de
1307 4924 1382 4983 Male,
1396 4924 1415 4983 l,
1428 4923 1497 4983 131).
