3650 5675
286 450 343 517 196
746 447 834 527 1345,
858 448 899 513 26
921 447 1080 513 firmor-1⁸
1100 466 1188 513 mars.

331 601 419 667 Item
435 621 540 686 supp,
557 607 649 684 quat.
665 598 736 679 sibi,
749 598 840 683 quod
855 620 919 665 nec
931 598 1015 665 inira
1026 607 1160 685 tempus
1170 600 1214 665 de
1231 602 1465 667 consecrandis
1479 602 1647 688 episcopis

286 728 306 772 a
326 707 400 791 jure
423 710 596 783 statutum,
612 723 675 768 nec
701 702 805 768 etiam
821 704 908 768 ultra
925 703 1015 784 illud,
1032 724 1137 788 usque
1155 704 1198 770 ad
1213 725 1338 770 novem
1353 726 1496 787 menses,
1514 715 1650 793 tempus

287 809 396 895 ipsum
419 806 614 871 immediate
639 813 826 891 sequentes,
853 806 1043 890 huiusmodi
1070 828 1191 873 munus
1218 809 1479 874 consecrationis
1499 810 1648 895 recipere

286 920 441 977 teneatur
454 919 464 989 ;“
478 909 642 995 generalis
660 910 793 975 concilii
813 918 849 975 et
863 911 1013 994 qualibet
1039 911 1106 976 alia
1122 912 1363 978 constitutione
1390 914 1559 978 contraria
1580 934 1649 979 non

289 1017 386 1095 obst,
403 1013 587 1079 concedere
601 1013 785 1098 dignemini
800 1013 843 1078 de
859 1034 905 1099 gr.
922 1014 1071 1101 speciali.
1087 1055 1131 1064 —
1147 1014 1223 1080 Fiat
1239 1014 1280 1081 R.

333 1118 414 1185 Dat.
431 1137 485 1203 ap.
501 1116 752 1186 Villamnovam
768 1139 788 1201 4
805 1116 872 1182 kal.
888 1126 985 1183 mart.
1001 1125 1034 1183 a⁰
1051 1125 1093 1203 3⁰.
1109 1119 1159 1203 (6,
1175 1120 1261 1203 46').

341 1263 453 1348 797·
1305 1295 1400 1362 1545,
1418 1279 1607 1366 adjcvrzer.

334 1383 423 1468 Sign.
440 1381 670 1467 Raymundus,
680 1380 781 1468 episc.
796 1380 1068 1467 Morinen.,quod
1077 1402 1193 1468 nuper,
1203 1389 1382 1468 postquam
1396 1382 1440 1447 de
1455 1382 1651 1469 episcopatu

292 1487 461 1553 Morinen.
485 1486 623 1551 recessit
646 1505 707 1571 pro
734 1486 902 1552 veniendo
918 1486 960 1552 ad
976 1486 1008 1553 S.
1024 1485 1075 1567 V.,
1091 1486 1240 1570 ejusdem
1255 1486 1404 1573 episcopi
1419 1486 1535 1551 vicarii
1552 1489 1651 1552 abeo

291 1610 390 1677 super
413 1590 480 1655 hoc
503 1596 709 1676 potestatem
732 1590 896 1656 habentes
920 1610 994 1658 can.
1018 1598 1054 1655 et
1077 1593 1169 1676 preb.
1185 1590 1267 1655 eccl.
1284 1587 1323 1655 B.
1341 1589 1390 1655 M.
1405 1590 1448 1655 de
1465 1589 1651 1674 Fauquem-

222 1744 226 1753 .
291 1694 415 1779 berghe
428 1702 463 1759 et
477 1702 695 1779 personatum
711 1693 753 1759 de
770 1692 916 1775 Memes,
934 1693 1102 1759 Morinen.
1117 1693 1215 1775 dioc,
1232 1713 1272 1758 ac
1288 1693 1406 1779 capell.
1422 1692 1453 1758 S.
1470 1693 1610 1778 Spiritus
1618 1693 1652 1758 in

292 1799 375 1863 eccl.
393 1796 560 1863 Morinen.
571 1798 614 1863 ad
624 1797 726 1884 ipsius
740 1798 842 1884 episc.
853 1798 930 1863 coll.
941 1804 1133 1883 spectantes
1144 1818 1185 1863 ac
1195 1817 1255 1883 per
1265 1799 1319 1862 ob.
1332 1796 1423 1862 Petri
1432 1797 1474 1863 de
1484 1797 1621 1863 Dohem
1633 1807 1652 1879 ¹,

292 1901 348 1985 qui
380 1901 469 1987 ipsos
499 1901 673 1967 obtinebat
703 1922 787 1982 vac,
817 1910 899 1967 tunc
929 1900 1101 1967 Bernardo
1130 1900 1172 1966 de
1203 1899 1424 1982 CasthanacO,
1460 1901 1538 1967 cler.
1567 1901 1655 1973 dioc.

294 2004 467 2085 Rivorum,
483 2004 564 2069 dicti
580 2004 683 2090 episc.
698 2006 825 2090 nepoti,
843 2006 1058 2071 contulerunt
1073 2013 1108 2070 ct
1123 2005 1341 2091 providerunt
1355 2005 1398 2071 de
1414 2005 1487 2071 illis.
1504 2004 1550 2071 Et
1565 2005 1654 2071 idem

294 2110 592 2195 episc.,p0stquam
603 2108 646 2174 de
655 2108 814 2195 predictis
826 2110 887 2175 sibi
900 2109 1057 2190 innotuit,
1066 2109 1271 2193 jamdictam
1283 2109 1510 2195 provisionem
1524 2118 1655 2194 gratam

294 2211 411 2277 habuit
442 2220 477 2276 et
506 2212 706 2298 acceptavit.
734 2212 820 2277 Cum
844 2222 969 2293 autem,
997 2212 1098 2277 Pater
1122 2212 1187 2293 8¹¹²,
1214 2234 1235 2277 a
1257 2212 1456 2297 quibusdam
1489 2222 1655 2278 asseratur

295 2316 468 2398 beneficia,
485 2337 551 2400 que
566 2316 656 2381 idem
672 2317 841 2401 quondam
858 2317 977 2383 Petrus
991 2317 1034 2383 de
1050 2317 1185 2382 Dohem
1201 2316 1386 2397 obtinebat,
1398 2316 1478 2381 dum
1495 2316 1605 2383 adhuc
1621 2317 1654 2381 in

293 2421 448 2486 humanis
460 2429 583 2506 ageret,
596 2420 695 2485 fuisse
708 2420 917 2507 dispositioni
935 2421 1023 2486 sedis
1038 2429 1147 2507 apost.
1162 2419 1354 2505 specialiter
1368 2428 1547 2501 reservata,
1560 2442 1655 2508 supp.

294 2524 383 2590 idem
399 2524 501 2609 episc.
517 2532 608 2608 quat.
627 2524 736 2610 [dicto
750 2524 867 2610 nepoti
883 2523 961 2610 suo]
979 2524 1022 2590 de
1037 2523 1136 2589 dictis
1149 2526 1237 2603 ben,
1254 2524 1324 2587 sive
1339 2517 1508 2589 reservata
1522 2523 1656 2605 fuerint,

293 2627 364 2692 sive
393 2647 473 2707 non,
503 2626 688 2693 dummodo
713 2628 809 2693 alteri
834 2628 868 2692 in
896 2628 944 2692 eis
970 2629 1025 2713 jus
1047 2628 1080 2691 in
1105 2648 1141 2691 re
1165 2626 1333 2711 quesitum
1361 2647 1432 2692 non
1462 2627 1569 2706 fuerit,
1594 2628 1655 2713 ipsi

294 2729 466 2796 Bernardo
480 2739 577 2796 motu
591 2731 727 2817 proprio
742 2731 925 2816 dignemini
942 2731 1130 2818 providere.
1145 2770 1189 2780 —
1205 2729 1281 2795 Fiat
1298 2728 1340 2795 R.

339 2834 416 2900 Dat.
434 2855 487 2920 ap.
505 2833 752 2901 Villamnovam
769 2858 788 2920 4
805 2834 870 2901 kal.
891 2845 989 2901 mart.
1006 2843 1040 2900 a⁰
1056 2843 1098 2919 3⁰.
1115 2836 1163 2917 (6,
1182 2839 1260 2919 56V).

347 2985 462 3071 798.
1310 3017 1404 3082 1545,
1421 3015 1462 3080 27
1469 2998 1610 3084 faorz'er.

339 3105 441 3190 Supp.
466 3102 730 3189 R(aymundus),
753 3105 853 3190 episc.
880 3103 1058 3186 Morinen.,
1075 3105 1166 3189 quod
1181 3103 1339 3169 ecclesias
1361 3099 1404 3167 et¹
1419 3100 1581 3166 cimiteria
1597 3121 1656 3165 sue

296 3207 359 3272 civ.
384 3215 420 3272 et
443 3206 563 3273 dioc...
579 3227 639 3292 per
662 3209 808 3292 aliquem
828 3208 1037 3274 sacerdotem
1053 3207 1225 3292 ydoneum
1246 3205 1460 3272 reconciliare
1474 3206 1598 3270 valcat.
1613 3245 1658 3254 -

299 3310 377 3375 Fiat
392 3311 425 3374 in
441 3309 548 3376 forma
563 3311 605 3377 ad
620 3311 801 3376 triennium
817 3310 858 3376 R.

342 3413 422 3477 Dat.
439 3433 493 3498 ap.
510 3412 761 3480 Villamnovam
778 3435 795 3499 3
812 3415 878 3480 kal.
894 3422 991 3480 mart.
1009 3422 1042 3479 a⁰
1059 3423 1100 3500 3⁰.
1120 3416 1169 3499 (6,
1185 3415 1270 3498 46V).

350 3567 464 3652 799.
1336 3599 1432 3664 1345,
1455 3587 1497 3644 1er
1512 3601 1615 3644 mars

343 3688 444 3772 Supp.
461 3684 590 3766 PetruS,
602 3685 655 3750 tit.
672 3685 703 3750 S.
720 3685 868 3750 Susanne
883 3688 992 3771 presb.
1009 3685 1099 3750 card.
1115 3696 1136 3766 ²,
1152 3692 1244 3769 quat.
1261 3704 1338 3749 cum
1353 3683 1562 3770 prepositura
1577 3683 1659 3747 eccl.

299 3792 331 3858 S.
349 3789 487 3854 Martini
500 3787 730 3871 Wormatien,
747 3810 847 3873 quam
863 3790 995 3856 obtinet
1005 3789 1096 3855 dom.
1107 3789 1338 3873 Engelbertus,
1350 3788 1478 3852 electus
1489 3785 1659 3865 Leodien,

300 3915 359 3981 per
385 3893 636 3980 promotionem
672 3902 706 3959 et
741 3895 1031 3960 consecrationem
1068 3914 1187 3958 vacare
1219 3898 1368 3977 speretur
1398 3891 1432 3954 in
1461 3890 1566 3970 brevi,
1599 3889 1659 3953 sibi

298 3998 481 4082 dignemini
499 4017 677 4062 reservare.
694 4038 738 4047 -
754 3997 830 4063 Fiat
846 3997 886 4062 R.

344 4101 424 4166 Dat.
441 4119 494 4185 ap.
511 4098 761 4167 Villamnovam
776 4100 843 4168 kal.
859 4110 956 4167 mart.
974 4108 1007 4165 a⁰
1025 4108 1066 4184 3⁰.
1083 4102 1122 4184 (6
1151 4102 1218 4184 55).

356 4253 476 4336 800.
1344 4282 1404 4345 134
1408 4280 1438 4343 5,
1455 4267 1498 4326 1²¹
1514 4281 1617 4325 mars.

346 4372 447 4457 Supp.
474 4369 646 4447 Johannes
668 4371 791 4457 Ogerii,
807 4372 955 4437 decanus
971 4370 1054 4436 eccl.
1071 4367 1110 4434 B.
1128 4367 1176 4436 M.
1194 4365 1367 4433 Belnensis
1381 4377 1401 4447 ³,
1419 4365 1548 4432 Eduen.
1564 4364 1661 4444 dioc,

302 4479 365 4561 leg.
382 4476 483 4555 doct,
499 4494 589 4540 nunc
606 4485 713 4561 apost.
727 4477 813 4542 sedis
829 4476 861 4540 in
880 4475 1020 4540 Romen.
1036 4473 1208 4561 provincia
1223 4492 1264 4537 ac
1281 4472 1360 4536 olim
1373 4471 1406 4534 in
1422 4467 1613 4554 Burgundia
1627 4474 1663 4531 et

303 4577 500 4664 quibusdam
522 4579 593 4642 aliis
615 4580 764 4664 partibus
781 4578 932 4659 nuncius,
948 4586 1039 4662 quat.
1056 4578 1117 4642 sibi
1133 4597 1208 4643 can.
1224 4585 1259 4641 et
1273 4577 1376 4660 preb,
1393 4595 1476 4659 quos
1491 4571 1663 4656 quondam

305 4683 472 4748 Robertus
495 4680 537 4744 de
566 4681 775 4764 Malodum0,
792 4683 847 4767 qui
864 4683 897 4746 in
914 4682 979 4746 illis
994 4681 1145 4766 partibus
1166 4679 1257 4744 diem
1280 4678 1400 4744 clausit
1415 4685 1612 4754 extremum,
1628 4673 1662 4737 in

339 4893 359 4938 l:
372 4891 433 4940 Votr
445 4903 470 4938 n.
483 4891 537 4938 796.
549 4915 581 4923 —
593 4890 615 4935 2.
628 4887 713 4934 Pierre
726 4886 859 4936 Bertrand.
871 4915 902 4924 —
915 4889 938 4935 3.
950 4887 1013 4933 Voir
1023 4899 1050 4936 n.
1062 4886 1117 4933 678.
