3650 5675
275 503 338 568 844
768 504 856 583 1347,
881 502 967 566 18-19
989 503 1154 568 novembre

278 665 313 722 et
329 655 350 734 J
352 657 504 723 ohannes
515 657 569 724 del
586 655 696 723 Haste
711 677 787 723 can.
799 664 835 722 et
849 657 942 741 preb.
959 655 1041 720 eccl.
1059 653 1310 741 Hugardiensis,
1326 657 1417 723 dicte
1440 657 1538 741 dioc„
1555 681 1638 744 quos

278 767 362 826 tunc
375 760 537 847 temporis
561 761 771 842 obtinebant,
787 781 830 826 ex
845 779 957 826 causa
982 760 1243 845 permutacionis
1258 761 1361 827 libere
1384 762 1637 848 resignaverunt

277 885 318 931 ac
332 864 549 951 postmodum
564 865 727 931 beneficia
743 865 814 951 ipsa
830 864 957 930 eisdem
983 863 1163 950 Baldoyno
1179 870 1213 930 et
1229 863 1249 942 J
1251 865 1376 930 ohanni
1392 887 1434 930 ex
1450 887 1549 933 causa
1563 888 1637 954 per·

276 969 479 1035 mutacionis
494 970 620 1036 collata
635 969 799 1037 canonice
814 969 1000 1035 extiterunt
1026 989 1133 1054 eaque
1148 969 1211 1056 ipsi
1226 979 1351 1035 extunc
1366 969 1587 1056 possederunt
1602 979 1637 1037 et

276 1071 387 1139 adbuc
401 1073 575 1160 possident
590 1074 732 1159 pacifice
755 1080 790 1140 et
806 1074 929 1159 quiete.
945 1072 1030 1138 Cum
1055 1081 1168 1139 autem
1183 1073 1294 1139 dictus
1309 1072 1490 1139 Balduinus
1504 1074 1636 1141 dubitet

276 1162 367 1260 quod
381 1176 547 1242 beneficia
563 1175 703 1244 Milonis
718 1177 761 1244 de
778 1176 911 1258 Meldis,
936 1176 992 1262 qui
1018 1176 1220 1262 quandoque
1247 1197 1321 1244 can.
1337 1185 1372 1242 et
1387 1180 1478 1265 preb.
1495 1180 1636 1245 ecclesie

278 1278 519 1364 Hugardiensis
534 1281 644 1346 tenuit
670 1289 706 1346 et
720 1281 879 1368 possedit,
903 1281 1013 1347 forent
1028 1289 1107 1346 ante
1137 1281 1403 1365 resignacionem
1418 1289 1454 1346 et
1480 1282 1635 1349 collacio-

276 1403 356 1448 nem
393 1384 583 1468 hujusmodi
614 1385 814 1470 generaliter
843 1385 899 1449 vel
934 1383 1123 1470 specialiter
1156 1392 1333 1466 reservata,
1372 1405 1489 1472 supp...
1527 1386 1635 1453 dictus

278 1485 473 1572 Baldoynus
488 1494 579 1572 quat.
594 1487 636 1553 ad
652 1487 754 1574 ipsius
770 1488 940 1554 cautelam
957 1487 990 1551 in
1006 1507 1143 1553 omnem
1166 1494 1327 1552 eventum
1356 1486 1574 1554 collationem
1601 1497 1635 1554 et

275 1589 501 1675 provisionem
516 1590 558 1656 de
567 1588 667 1656 dictis
681 1611 757 1657 can.
767 1599 802 1656 et
816 1588 1199 1677 prebHugardiensibus
1209 1611 1250 1655 ex
1261 1610 1362 1655 causa
1376 1591 1635 1676 permutacionis

274 1691 425 1778 predicte
441 1693 502 1758 sibi
518 1692 656 1759 factas...
668 1692 852 1778 dignemini
869 1692 1049 1758 decernere
1064 1713 1104 1759 ac
1119 1693 1145 1758 si
1161 1693 1349 1760 reservacio
1364 1714 1439 1779 gen.
1456 1696 1510 1760 vel
1522 1715 1633 1782 spec...

273 1796 412 1861 minime
428 1797 625 1863 extitisset...
638 1837 681 1846 -
694 1796 771 1863 Fiat
787 1796 828 1863 R.

319 1898 396 1964 Dat
411 1899 512 1964 Avin.
533 1905 570 1965 16
586 1900 653 1965 kal.
670 1899 743 1967 dec.
759 1907 793 1966 a⁰
811 1904 850 1964 6⁰.
876 1901 947 1985 (13,
962 1902 1045 1984 39⁰).

331 2052 471 2138 1302.
1240 2088 1331 2154 1347,
1349 2073 1391 2135 16
1407 2073 1589 2139 novembre.

317 2169 448 2254 Supp...
466 2171 624 2237 Albertus
631 2180 650 2253 ¹,
667 2172 767 2257 episc.
787 2169 974 2252 Mimaten.,
991 2179 1082 2255 quat.
1100 2171 1261 2258 [Matheo
1275 2174 1318 2241 de
1336 2173 1550 2257 Hombleriis,
1566 2175 1632 2241 cle-

273 2272 342 2341 rico
359 2273 554 2341 Laudunen.
575 2273 672 2355 dioc,
694 2275 833 2359 antiquo
853 2273 982 2338 famulo
991 2273 1102 2360 suo...]
1114 2275 1266 2360 parroch.
1278 2277 1360 2342 eccl.
1371 2276 1425 2342 SS.
1436 2275 1581 2342 Cornelii
1597 2286 1632 2342 et

273 2375 418 2463 Cipriani
434 2377 477 2443 de
490 2378 598 2459 Altra,
613 2376 801 2445 Tomacen.
828 2378 926 2459 dioc,
952 2378 1045 2464 cujus
1069 2379 1224 2446 fructus...
1242 2399 1282 2463 50
1304 2380 1359 2446 lib.
1375 2379 1500 2447 Turon.
1516 2401 1631 2468 parv...

271 2501 340 2546 non
356 2481 534 2563 excedunt,
550 2480 593 2547 ad
607 2502 744 2568 presens
758 2503 832 2549 vac.
848 2501 909 2568 per
923 2483 977 2547 ob.
1002 2482 1172 2566 quondam
1189 2481 1346 2549 Bemardi
1362 2484 1404 2549 de
1421 2481 1630 2566 Maricalin0,

273 2583 426 2650 officialis
436 2583 625 2667 Mimaten.,
637 2585 745 2651 ultimi
762 2584 853 2651 dicte
868 2586 951 2652 eccl.
966 2585 1114 2668 rectoris,
1130 2586 1186 2670 qui
1202 2607 1309 2673 nuper
1324 2587 1359 2652 in
1374 2587 1437 2653 civ.
1455 2584 1630 2654 Mimaten.

273 2687 363 2753 diem
378 2688 497 2754 clausit
513 2696 711 2770 extremum,
727 2689 911 2774 dignemini
925 2710 1103 2754 reservare.
1119 2729 1162 2739 —
1178 2689 1255 2756 Fiat
1271 2689 1311 2756 R.

317 2790 398 2859 Dat.
413 2791 513 2858 Avin.
534 2813 571 2877 14
586 2791 654 2859 kal.
670 2792 744 2859 dec.
760 2800 794 2858 a⁰
811 2797 853 2859 6⁰.
871 2794 941 2878 (13,
958 2794 1041 2878 43⁰).

327 2947 472 3031 1303-
1233 2981 1328 3046 1347,
1345 2965 1388 3028 18
1404 2965 1585 3029 novembre.

316 3063 440 3148 Supp...
456 3060 476 3139 J
479 3061 631 3128 ohannes
645 3062 688 3128 de
705 3059 882 3128 Malbodio
907 3062 950 3128 de
975 3062 1201 3129 Valenchenis
1212 3074 1233 3145 ²,
1259 3064 1398 3131 clericus
1413 3065 1630 3132 Cameracen.

272 3167 487 3249 dioc.,quat...
501 3166 579 3231 ben.
595 3163 751 3231 eccl...ad
760 3166 836 3231 coll.
853 3168 928 3232 abb.
939 3174 973 3231 et
983 3187 1081 3232 conv.
1093 3167 1285 3233 monasterii
1298 3167 1329 3234 S.
1342 3168 1483 3235 Dionisii
1500 3168 1533 3235 in
1549 3168 1631 3235 Bro-

272 3288 432 3354 queroya,
448 3268 491 3334 Ο.
507 3267 540 3335 S.
556 3267 605 3350 Β,
621 3267 712 3333 dicte
727 3268 825 3350 dioc,
842 3270 936 3355 cujus
948 3269 1105 3337 fructus...
1117 3270 1143 3335 si
1160 3290 1189 3336 c.
1202 3290 1230 3337 c.
1249 3273 1299 3355 80,
1312 3271 1338 3337 si
1355 3292 1436 3337 vero
1453 3293 1478 3338 s.
1494 3272 1630 3339 eluerit

275 3378 315 3438 60
331 3373 404 3438 libr.
419 3371 544 3437 Turon.
556 3391 672 3458 parv...
688 3392 758 3437 non
783 3371 962 3454 excedunt,
983 3372 1074 3459 [vac.
1089 3374 1145 3440 vel
1159 3373 1287 3461 vacat]
1308 3373 1508 3461 [dignemini
1528 3396 1629 3441 reser-

271 3476 412 3563 vare...]
429 3497 500 3541 non
515 3478 600 3542 obst.
617 3476 707 3560 quod
722 3475 812 3541 idem
827 3475 847 3554 J
850 3478 1002 3543 ohannes
1017 3498 1115 3563 super
1128 3479 1319 3564 provisione
1344 3480 1497 3546 iacienda
1512 3480 1573 3547 sibi
1588 3480 1630 3546 de

271 3586 349 3649 ben.
364 3582 469 3649 eccl...
485 3580 529 3647 ad
544 3580 621 3647 coll.
637 3581 808 3667 prepositi,
826 3580 946 3648 decani
962 3590 997 3647 et
1018 3584 1156 3669 capituli
1180 3585 1262 3651 eccl.
1287 3584 1326 3650 B.
1345 3583 1395 3652 M.
1412 3583 1629 3665 Condatenis,

270 3687 363 3773 pred.
379 3686 489 3769 dioc.,³
504 3686 538 3751 in
554 3686 726 3751 communi
741 3685 848 3752 forma
863 3686 1068 3773 impetravit,
1085 3709 1185 3773 quam
1200 3688 1343 3777 gratiam
1370 3686 1552 3773 dignemini
1568 3688 1628 3753 sibi

270 3811 449 3857 reservare.
465 3829 508 3840 -
532 3789 610 3854 Fiat
627 3788 667 3856 R.

314 3894 395 3960 Dat.
409 3893 510 3958 Avin.
531 3914 568 3978 14
583 3891 649 3959 kal.
662 3893 734 3959 dee.
751 3900 783 3957 a⁰
806 3898 847 3960 6⁰.
865 3895 935 3978 (13,
952 3895 1020 3979 45).

325 4047 469 4132 1304.
1235 4080 1385 4147 1347,19
1402 4063 1582 4127 novembre.

314 4166 437 4251 Supp...
453 4161 473 4240 J
476 4163 626 4230 ohannes
636 4162 679 4228 de
690 4160 890 4248 Columpna,
904 4162 936 4229 S.
945 4163 1067 4248 Angeli
1082 4165 1168 4231 diac.
1181 4165 1313 4247 card.,...
1323 4172 1415 4251 quat.
1427 4164 1575 4230 Amaldo
1584 4163 1626 4230 de

270 4270 356 4335 Dale
364 4279 385 4352 ⁴,
402 4267 525 4335 clerico
540 4288 610 4349 su0,
626 4266 758 4333 decan.
773 4267 855 4333 eccl.
868 4265 900 4333 S.
917 4266 1056 4333 Servatii
1072 4266 1305 4353 Trajectensis,
1316 4267 1476 4335 Leodien.
1496 4266 1626 4349 dioc.,...

268 4372 450 4458 dignemini
478 4369 664 4459 providere,
680 4371 773 4456 preb.
788 4368 832 4435 ad
847 4390 984 4456 presens
1008 4391 1082 4438 vac.
1097 4371 1152 4438 vel
1178 4371 1331 4457 proxime
1356 4377 1500 4438 vacat...
1524 4392 1627 4438 reser-

267 4484 386 4541 vantes
398 4498 407 4556 ;
426 4495 495 4541 non
519 4476 605 4540 obst.
633 4472 723 4557 quod
746 4471 836 4539 idem
860 4474 1027 4540 Amaldus
1042 4474 1076 4539 in
1100 4476 1182 4541 eccl.
1208 4474 1239 4540 S.
1257 4474 1350 4541 Pauli
1374 4474 1535 4541 Leodien.
1551 4494 1626 4541 can.

267 4580 400 4645 obtinet
412 4588 448 4643 et
462 4578 555 4664 preb.
565 4616 609 4627 —
624 4576 703 4642 Fiat
720 4575 760 4642 R.

310 4683 388 4749 Dat.
403 4682 502 4747 Avin.
522 4701 559 4764 13
575 4678 644 4745 kal.
659 4678 733 4745 dec.
748 4686 781 4745 a⁰
798 4684 838 4745 6⁰.
855 4681 926 4762 (13,
943 4682 1022 4766 44⁰).

297 4943 319 4990 1.
331 4940 422 4991 Albert
435 4940 539 4989 Lordeti
551 4938 656 5002 (Eubel,
670 4938 689 4999 1,
703 4938 772 5000 368).
784 4964 816 4972 —
827 4940 851 4987 2.
863 4938 926 4987 Voir
937 4953 963 4988 n.
975 4939 1030 4989 833.
1041 4966 1073 4973 -
1085 4938 1176 4993 3.1”οι“τ
1187 4952 1212 4986 n.
1225 4938 1280 4988 833.
1293 4966 1325 4974 -
1336 4940 1423 4991 4.Voir
1433 4940 1517 5004 videl,
1530 4956 1556 4993 n.
1568 4944 1624 4999 549.
