3650 5675
309 463 370 528 422
861 458 948 532 1349,
972 457 1029 521 2-4
1052 457 1120 522 mai.

306 616 410 695 tibus,
436 613 584 690 Jobauni
618 612 660 678 de
684 611 843 676 Oratorio
869 610 1029 676 videlicet
1057 610 1100 676 de
1134 609 1351 676 Cameracen.
1380 618 1415 677 et
1450 610 1469 689 J
1473 611 1597 677 olranni
1630 612 1674 677 dc

313 719 510 783 Warneuria
534 716 704 803 prelibatis
728 714 771 780 de
784 712 976 788 ,Belvacen
1005 713 1221 779 ecclesiarum
1251 703 1503 796 canonicatibus
1536 724 1570 780 et
1599 736 1674 802 pre-

312 821 441 902 bendis,
471 828 632 904 tanquam
661 839 721 905 per
758 817 1048 884 consecrationem
1078 817 1205 882 domini
1242 815 1406 894 Johannis
1439 816 1482 882 de
1519 816 1673 898 Pistorio‚

314 924 461 1010 episcopi
488 923 676 989 Tridentini
699 933 717 1004 ¹,
744 921 954 1004 vacantibus,
978 921 1145 1008 provideri
1165 920 1333 987 Sanctitas
1348 921 1430 1007 ipsa,
1446 929 1557 986 vestra
1571 923 1674 986 beata

313 1048 426 1108 manu,
453 1030 687 1113 magistrorum
716 1026 863 1111 ipsorum
887 1024 1077 1111 petitiones,
1089 1024 1184 1110 signo
1200 1024 1324 1090 solito:
1353 1022 1430 1090 Fiat
1454 1023 1505 1104 R..
1528 1025 1674 1114 gratiose

314 1130 469 1216 signavit.
493 1130 580 1195 Cum
603 1138 729 1209 autem,
746 1127 848 1194 Pater
871 1128 936 1209 Smi,
953 1135 1072 1213 postea
1087 1127 1169 1193 dicti
1186 1127 1333 1212 magistri
1349 1128 1569 1214 perceperint,
1586 1128 1675 1212 quod

315 1235 482 1301 Sanctitas
504 1235 577 1320 ipsa
600 1234 693 1300 dicto
717 1235 877 1321 episcopo
899 1233 989 1319 prius
1012 1240 1235 1314 concesserat,
1266 1230 1356 1316 quod
1389 1231 1540 1296 omnium
1573 1233 1675 1295 bene-

316 1338 466 1403 ficiorum
493 1337 795 1403 ecclesiasticorum
818 1336 1052 1423 quorumlibet,
1069 1356 1134 1421 que
1149 1335 1239 1401 idem
1262 1334 1438 1420 episcopus
1464 1355 1522 1400 sue
1541 1355 1675 1420 promo·

315 1442 416 1507 tionis
438 1450 590 1527 tempore
615 1441 799 1523 obtinebat,
823 1449 937 1527 posset
959 1461 1063 1524 usque
1087 1439 1131 1504 ad
1145 1437 1317 1504 biennium
1337 1437 1494 1526 [fructus]
1521 1439 1674 1518 retinere,

315 1545 484 1610 humiliter
505 1545 655 1630 magistri
693 1545 883 1631 supplicant
910 1543 1072 1610 antedicti
1096 1551 1261 1627 quatenus
1283 1541 1430 1620 Jolranni
1453 1542 1496 1608 de
1519 1542 1676 1608 Oratorio

315 1649 357 1715 de
373 1646 590 1715 Cameracen.
605 1658 641 1714 et
655 1647 803 1726 Johanni
827 1649 869 1715 de
892 1649 1086 1714 Warneuria
1101 1646 1273 1734 prelibatis
1296 1645 1338 1712 de
1361 1645 1539 1711 Belvacen.
1567 1646 1674 1711 eccle-

315 1753 437 1819 siarum
459 1752 686 1838 predictarum
709 1753 963 1819 canonicatibus
987 1760 1022 1817 et
1043 1750 1222 1837 prebendis
1237 1749 1405 1836 predictis
1422 1770 1505 1834 quos
1528 1771 1570 1814 ex
1585 1770 1675 1814 nunc

317 1877 439 1922 vacare
453 1856 564 1922 velitis
579 1856 769 1938 decernere,
786 1856 1004 1922 concessione
1019 1853 1208 1939 hujusmodi
1231 1873 1300 1918 non
1316 1855 1484 1934 obstante,
1499 1853 1542 1919 de
1558 1873 1647 1919 novo
1663 1861 1675 1886 ²¹

316 1960 491 2048 providere
507 1960 687 2045 dignemini
713 1962 772 2025 sub
789 1960 869 2026 data
890 1959 990 2045 priori
1013 1959 1056 2025 de
1078 1957 1184 2042 gratia
1199 1956 1362 2043 ampliori,
1386 1956 1434 2021 sic
1456 1964 1570 2022 tamen
1586 1957 1677 2041 quod

316 2074 456 2150 uterque
477 2065 711 2150 magistrorum
725 2065 874 2150 ipsorum
889 2085 950 2151 per
971 2063 1160 2149 hujusmodi
1177 2070 1310 2148 tempus
1333 2060 1442 2126 eidem
1459 2060 1618 2146 episcopo
1633 2059 1677 2125 de

317 2170 465 2255 ipsorum
488 2168 749 2235 canonicatuum
772 2177 808 2234 et
822 2168 1068 2255 prebendarum
1090 2157 1211 2252 'grossis
1226 2165 1386 2231 fructibus
1401 2164 1525 2229 habeat
1541 2159 1678 2249 respon-

316 2275 416 2354 dere;
441 2273 595 2339 omnibus
617 2293 686 2339 non
710 2271 921 2360 obstantibus
944 2269 978 2335 in
1000 2270 1099 2336 dictis
1123 2267 1421 2355 supplicationibus
1443 2263 1676 2352 magistrorum

317 2378 465 2464 ipsorum
497 2377 674 2463 appositis,
703 2397 743 2442 ac
778 2375 851 2440 aliis
874 2375 1029 2441 omnibus
1059 2372 1233 2460 oportunis
1264 2372 1413 2457 adjectis.
1437 2409 1480 2420 -
1511 2369 1586 2435 Fiat
1614 2390 1678 2456 pro

317 2482 480 2546 ambobus
496 2479 536 2547 R.
1143 2527 1145 2532 .
1252 2477 1255 2482 ’

361 2584 441 2650 Dat.
456 2567 563 2650 Avin.¹
577 2589 594 2649 6
611 2605 690 2650 non.
705 2585 784 2649 maii
800 2590 833 2649 a⁰
847 2589 889 2665 7⁰.
907 2583 977 2666 (17,
996 2599 1035 2665 27
1039 2581 1101 2666 3l).

370 2722 512 2805 1570.
1407 2751 1502 2815 1349,
1519 2753 1538 2795 2
1556 2733 1633 2795 urai.

362 2840 462 2907 Motu
477 2842 612 2928 proprio
629 2841 843 2927 providemus
858 2836 1005 2903 Geraldo
1020 2836 1063 2903 de
1080 2835 1271 2918 Novovico,
1287 2835 1368 2901 alias
1383 2834 1425 2900 de
1448 2833 1644 2921 Champiers
1656 2849 1679 2915 ,²

319 2929 440 3010 clerico
463 2944 681 3010 Lemovicen.
704 2943 802 3024 dioc,
818 2942 861 3008 de
884 2962 957 3008 can.
981 2948 1017 3007 et
1031 2943 1123 3027 preb.
1146 2940 1287 3006 ecclesie
1310 2938 1497 3004 Tornacen.
1521 2958 1593 3003 vac.
1617 2956 1680 3022 pro

320 3069 361 3114 eo
386 3048 476 3132 quod
501 3047 704 3132 Reginaldus
726 3047 769 3113 de
803 3048 836 3111 la
861 3044 1025 3126 Malliere,
1054 3044 1110 3130 qui
1134 3064 1193 3109 eos
1219 3043 1403 3124 obtinebat,
1428 3041 1678 3107 matrimonium

320 3152 488 3217 contraxit
512 3160 547 3216 et
562 3172 622 3237 per
636 3152 901 3217 reservationem
912 3171 973 3237 per
988 3170 1051 3215 nos
1062 3149 1188 3215 factam
1204 3148 1246 3214 de
1269 3147 1405 3214 eisdem.
1417 3187 1460 3196 —
1485 3145 1560 3211 Fiat
1583 3152 1678 3211 motu

321 3256 455 3341 proprio
471 3255 512 3321 R.

343 3440 346 3443 Α
364 3360 443 3425 Dat.
458 3360 558 3424 Avin.
577 3364 594 3424 6
614 3379 693 3425 non.
709 3359 789 3425 maii
805 3365 838 3424 a⁰
856 3365 897 3443 7⁰.
914 3360 984 3441 (17,
1003 3356 1091 3440 277).

372 3498 506 3581 1571.
548 3591 553 3602 ,
1036 3504 1040 3507 ’
1268 3526 1271 3531 ’
1408 3504 1634 3589 1549,4mai.

364 3616 452 3701 Sign.
469 3614 680 3694 BertranduS,
696 3613 797 3700 episc.
815 3611 992 3693 Sabinen.³,
1009 3609 1099 3695 quod
1114 3608 1240 3675 dudum
1255 3607 1409 3695 tempore
1424 3608 1492 3693 quo
1507 3608 1578 3693 ipse
1593 3608 1680 3689 lega·

319 3720 420 3785 tionis
435 3718 548 3785 officio
569 3739 629 3804 per
652 3717 684 3783 S.
700 3717 739 3782 V.
756 3716 817 3782 sibi
835 3715 1014 3783 commisso
1031 3715 1065 3779 in
1088 3734 1191 3799 regno
1207 3713 1317 3778 Sicilie
1334 3733 1375 3778 ac
1397 3712 1520 3779 Tuscia
1533 3719 1568 3777 et
1584 3709 1682 3776 certis

319 3823 392 3889 aliis
421 3823 569 3909 partibus
590 3821 799 3906 fungebatur,
831 3807 1015 3907 parochial.
1046 3820 1128 3885 eccl.
1156 3818 1188 3884 S.
1212 3816 1339 3883 Bertini
1370 3816 1412 3882 de
1445 3811 1681 3902 Poperin'gues,

322 3926 488 3993 Morinen.
500 3925 598 4007 dioc,
614 3934 696 4016 tunc
710 3920 785 3990 vac.
802 3944 862 4011 per
878 3926 933 3990 ob.
946 3922 1116 3988 Guillelmi
1134 3921 1245 4003 Fabri,
1261 3914 1428 4007 capellani
1443 3921 1492 3986 sui
1509 3914 1679 3986 commen-

310 4031 408 4111 salis,
432 4029 520 4096 auct.
543 4037 654 4094 vestra
669 4028 731 4094 sibi
754 4029 788 4093 in
804 4027 869 4094 hac
892 4036 989 4114 parte
1014 4046 1173 4093 concessa
1196 4025 1339 4091 contulit
1368 4022 1507 4109 Hugoni
1528 4021 1676 4101 Amaldi,

320 4134 472 4200 familiari
488 4144 558 4200 suc.
576 4132 707 4199 Deinde
718 4128 813 4214 ver0,
829 4139 1012 4216 antequam
1032 4132 1122 4197 idem
1146 4128 1249 4214 Hugo
1271 4128 1385 4195 luisset
1408 4124 1579 4193 assecutus
1601 4146 1677 4211 pos-

319 4238 502 4303 sessionem
517 4236 607 4303 dicte
620 4238 702 4304 eccl.
717 4236 760 4302 de
774 4235 1010 4322 Poperingues,
1026 4235 1146 4301 eadem
1159 4233 1191 4300 S.
1207 4232 1247 4299 V.
1259 4231 1320 4318 ipsi
1333 4232 1470 4317 Hugoni
1483 4231 1525 4297 de
1539 4229 1676 4317 paroch.

319 4342 401 4407 eccl.
414 4341 446 4407 S.
463 4340 553 4406 Petri
562 4340 605 4406 de
621 4340 751 4426 Dyons,
768 4338 906 4406 Uticen.
927 4340 1024 4420 dioc,
1035 4360 1109 4405 vac.
1121 4358 1181 4425 per
1197 4336 1485 4403 consecrationem
1502 4332 1521 4411 J
1524 4333 1677 4413 ohannis

319 4444 467 4531 episcopi
478 4443 764 4528 Nemausen.⁴,qui
776 4445 951 4509 obtinebat
963 4441 1273 4527 eamdem,gratiose
1282 4438 1428 4526 previdit
1441 4458 1499 4503 seu
1511 4435 1677 4523 provideri

349 4633 378 4693 a)
394 4632 450 4682 θοὰ.
465 4632 503 4680 De
519 4646 580 4680 uno.

351 4835 372 4881 1.
381 4832 452 4880 ¹Voir
468 4847 494 4883 n.
513 4836 582 4884 1527.
594 4860 627 4870 -
638 4836 661 4883 2.
681 4834 741 4882 Voir
751 4848 777 4883 n.
789 4835 860 4883 1183.
871 4860 904 4869 —
916 4835 938 4882 3.
952 4832 1079 4881 Bert-rand
1090 4832 1122 4881 de
1136 4830 1216 4888 Deux,
1228 4832 1390 4893 auperavant
1402 4828 1437 4875 du
1449 4828 1510 4875 titre
1520 4825 1553 4875 dc
1565 4826 1590 4874 S.
1603 4824 1678 4873 Marc

315 4906 420 4968 (Euboi,
434 4906 454 4967 l,
473 4906 542 4969 ³71.)
555 4935 583 4944 -
597 4909 620 4955 4.
632 4907 697 4956 Jean
708 4908 741 4956 de
754 4907 900 4967 blandraco,
913 4905 1016 4955 nomme
1033 4905 1056 4954 le
1076 4908 1104 4953 li
1117 4905 1261 4969 septembre
1275 4904 1338 4951 1318
1351 4901 1400 4963 (ib,
1414 4900 1479 4961 378).
