3650 5675
279 452 340 516 254
832 449 921 525 1346,
943 449 997 513 aa
1015 448 1091 530 jun.

278 604 344 667 lrac
359 601 433 667 vice
448 601 490 666 ad
506 598 649 665 eandem
665 599 697 664 S.
714 599 754 664 V.
769 599 899 685 possint
914 607 949 664 et
964 599 1110 664 debeant
1124 601 1302 686 pertinere,
1318 609 1434 667 amoto
1450 604 1493 666 ab
1514 602 1639 669 eisdem

279 704 430 788 quolibet
445 702 562 767 illicito
577 702 763 781 detentore,
780 701 890 766 eidem
905 700 925 778 J
929 701 1051 766 ohanni
1069 701 1202 768 Morelli
1230 704 1411 788 dignemini
1439 705 1614 790 providere
1629 729 1638 786 ;

278 828 347 872 non
364 809 449 872 obst.
465 805 555 890 quod
570 805 678 870 dictus
693 803 713 882 J
716 806 869 870 ohannes
884 803 1019 870 Morelli
1035 826 1129 892 perp.
1153 827 1225 892 cap.
1242 807 1284 872 de
1301 807 1466 889 Boncour,
1483 816 1518 874 et
1534 808 1572 875 B.
1590 809 1639 874 M.

280 912 312 976 iu
329 911 411 976 eccl.
426 909 580 995 parroch.
596 908 639 974 de
657 907 874 988 Miromonte,
892 908 1070 975 Ebroiceu.
1086 917 1121 974 et
1148 911 1344 976 Atrebatem
1368 912 1465 993 dioc,
1492 914 1641 979 noscitur

280 1014 429 1080 obtinere
444 1037 453 1093 ;
469 1033 527 1078 seu
543 1013 634 1096 quod
649 1004 768 1077 eadem
784 1012 816 1077 S.
833 1011 872 1077 V.
888 1012 980 1078 dicto
1003 1011 1150 1089 Johanni
1167 1013 1209 1078 de
1225 1016 1355 1100 capella
1371 1015 1413 1080 de
1429 1016 1640 1102 Septemsali-

279 1120 380 1199 cibus,
399 1117 539 1184 Remen.
556 1117 654 1197 dioc,
670 1137 717 1202 gr.
734 1116 849 1182 lecerit
865 1137 965 1202 spec,
993 1117 1035 1182 de
1062 1139 1128 1203 qua
1154 1119 1399 1202 possessionem
1415 1119 1565 1185 nondum
1588 1129 1640 1186 est

278 1230 448 1288 assecutus
463 1245 471 1300 ;
489 1241 627 1304 quarum
643 1220 904 1306 capellaniarum
920 1221 1014 1286 valor
1031 1241 1346 1287 annuussummam
1363 1242 1404 1306 30
1414 1223 1470 1289 lib.
1480 1221 1558 1289 Tur.
1571 1244 1637 1288 non

279 1325 421 1391 excedit.
437 1366 481 1374 —
497 1323 574 1389 Fiat
591 1323 631 1388 R.
647 1364 689 1374 —
712 1323 944 1407 Quouismodo
959 1331 1059 1389 vacet
1074 1324 1139 1389 hic.
1158 1324 1197 1389 R.

322 1431 402 1495 Dat.
419 1449 473 1514 ap.
489 1427 739 1493 Villamnovam
754 1448 833 1492 non.
846 1426 931 1512 junii
948 1434 981 1492 a⁰
999 1435 1040 1511 5⁰.
1055 1429 1122 1511 (ll,
1138 1430 1205 1512 25).

331 1563 634 1676 1001-1002·
1367 1580 1461 1662 1346,
1477 1599 1498 1660 5
1508 1578 1594 1660 juin.

323 1681 532 1767 Significatur
547 1681 578 1745 S.
595 1680 635 1746 V.
651 1701 692 1744 ex
708 1688 803 1766 parte
818 1677 837 1756 J
841 1679 983 1746 ohannis
1005 1680 1084 1746 dicti
1102 1679 1220 1761 Vallre,
1247 1679 1333 1761 laici,
1358 1690 1392 1746 et
1418 1679 1526 1746 Marie
1549 1681 1638 1747 dicte

281 1786 429 1851 Dullarts
445 1785 600 1865 mulieris,
617 1783 803 1850 Tornacen.
820 1791 855 1848 et
870 1782 1058 1868 Trajecten.
1084 1783 1181 1865 dioc,
1208 1785 1298 1868 quod
1323 1785 1414 1866 olim,
1441 1785 1519 1870 ipsis
1546 1785 1638 1868 igno

279 1890 428 1957 rantibus
458 1888 593 1973 aliquod
617 1889 704 1953 inter
728 1907 786 1952 eos
811 1886 1090 1971 impedimentum
1115 1889 1266 1968 existere,
1292 1898 1429 1973 propter
1459 1887 1548 1971 quod
1570 1908 1637 1953 non

279 2001 417 2078 possent
433 1992 578 2056 invicem
593 1989 883 2056 matrimonialiter
899 1990 1058 2074 copulari,
1071 1990 1321 2056 matrimonium
1339 1991 1371 2055 in
1387 1991 1472 2056 facie
1487 1992 1637 2072 ecclesie,

279 2096 407 2176 bannis,
415 2105 452 2160 ut
467 2096 569 2161 moris
583 2105 645 2174 est,
661 2094 769 2174 editis,
786 2101 982 2178 opponente
998 2113 1033 2157 se
1048 2095 1194 2174 nemine,
1205 2103 1444 2160 contraxerunt
1460 2103 1494 2159 et
1509 2096 1637 2180 prolem

280 2201 314 2265 in
339 2199 386 2265 sic
413 2207 587 2265 contracto
610 2196 826 2262 matrimonio
851 2205 1080 2282 procrearunt.
1096 2196 1194 2262 ⁴Cum
1219 2207 1332 2262 autem
1359 2199 1573 2284 postmodum
1596 2199 1638 2264 ad

280 2324 395 2369 eorum
410 2303 583 2368 devenerit
599 2301 765 2380 notitiam,
782 2301 873 2384 quod
888 2301 922 2365 in
939 2301 1039 2366 tertio
1056 2303 1354 2386 consanguinitatis
1373 2303 1478 2387 gradu
1494 2302 1636 2367 invicem

280 2429 315 2473 se
330 2407 510 2492 attingunt,
527 2406 566 2472 V.
583 2407 614 2470 S.
627 2405 815 2491 supplicant
827 2404 847 2482 J
850 2400 1000 2470 ohannes
1012 2412 1047 2470 et
1060 2403 1168 2470 Maria
1181 2406 1310 2492 prelati,
1321 2415 1411 2491 quat.
1428 2406 1470 2471 ad
1482 2404 1639 2470 evitanda

279 2512 448 2592 scandala,
472 2533 537 2596 que
563 2531 604 2575 ex
632 2507 819 2593 hujusmodi
841 2509 1046 2573 matrimonii
1074 2510 1294 2595 separatione,
1321 2509 1347 2574 si
1373 2509 1477 2590 lieret,
1502 2517 1639 2594 possent

280 2616 502 2681 verisimiliter
516 2614 646 2694 exoriri,
662 2633 739 2679 cum
755 2612 835 2697 ipsis
850 2618 887 2676 ut
903 2611 936 2675 iu
954 2612 1001 2678 sic
1017 2621 1191 2678 contracto
1207 2613 1421 2678 matrimonio
1434 2613 1523 2678 licite
1533 2632 1638 2677 rema·

212 2776 216 2782 .
278 2740 358 2785 nere
373 2720 518 2799 valeant,
534 2716 715 2802 dignemini
732 2715 946 2800 dispensare;
964 2717 1092 2801 prolem
1118 2724 1307 2802 susceptam
1335 2724 1370 2781 et
1395 2715 1636 2800 suscipiendam

279 2845 321 2888 ex
337 2823 385 2888 eis
399 2823 583 2907 legitimam
599 2820 829 2887 decernentes.
845 2860 888 2868 —-
905 2817 983 2884 Fiat
997 2841 1057 2905 per
1072 2819 1300 2906 dyocesanum
1316 2821 1342 2886 si
1359 2821 1401 2886 sit
1417 2820 1473 2886 ita.
1490 2817 1529 2884 R.

326 2966 432 3026 1002.
449 2957 537 3023 Item
554 2977 648 3042 supp.
667 2955 857 3041 Margarita,
874 2964 954 3021 nata
970 2956 1140 3041 quondam
1155 2956 1319 3035 Johannis
1334 2958 1376 3024 dc
1393 2958 1539 3038 Pastura,
1554 2955 1637 3021 Tor·

280 3063 506 3143 uacendioc,
522 3070 614 3146 quat.
639 3061 717 3126 dare
742 3060 925 3145 dignemini
952 3059 985 3125 in
1002 3061 1177 3143 mandatis,
1286 3063 1393 3148 ipsam
1417 3061 1637 3147 Margaritam

281 3165 488 3251 inhospitali
504 3184 688 3250 pauperum
702 3163 955 3255 Aldenardensi,
972 3163 1061 3230 dicte
1077 3164 1174 3247 dioc,
1190 3166 1232 3232 ad
1255 3188 1440 3254 pauperum
1455 3168 1637 3248 servitium,

281 3272 315 3335 in
332 3290 527 3337 conversam
542 3268 655 3352 recipi.
672 3309 714 3319 —
731 3267 807 3331 Fiat
824 3267 864 3333 R.

325 3376 403 3440 Dat.
418 3395 472 3460 ap.
488 3373 735 3438 Villamnovam
750 3392 829 3436 non.
842 3372 925 3456 junii
942 3380 975 3438 a⁰
992 3380 1034 3457 5⁰.
1051 3373 1118 3458 (ll,
1136 3376 1204 3459 28).

332 3514 479 3598 1003.
1367 3527 1463 3611 1546,
1480 3527 1500 3590 ό
1509 3525 1597 3607 Jiu'n.

322 3632 423 3717 Supp.
439 3630 613 3709 Jobannes
638 3629 783 3694 Gaudini
809 3627 852 3694 de
877 3628 1042 3711 Bruxella,
1058 3622 1183 3711 laicus,
1211 3638 1245 3695 et
1273 3630 1432 3711 Elisabet,
1450 3632 1520 3715 ejus
1547 3651 1640 3711 uxor,

279 3734 498 3800 Cameracen.
513 3734 611 3813 dioc,
631 3731 709 3820 [pro
724 3732 792 3797 ind.
808 3733 842 3796 in
859 3740 921 3798 art.
937 3732 1067 3819 mort.].
1083 3774 1126 3783 -
1143 3733 1221 3799 Fiat
1238 3733 1278 3799 R.

322 3839 399 3904 Dat.
415 3860 469 3924 ap.
485 3836 732 3901 Villamnovam
749 3838 766 3901 8
784 3836 826 3901 id.
840 3836 923 3922 junii
939 3844 972 3901 a⁰
989 3844 1030 3921 5⁰.
1048 3838 1114 3921 (ll,
1133 3839 1216 3923 ari).

330 3974 480 4056 1004.
1363 3992 1457 4072 1346,
1474 3989 1495 4052 6
1505 3987 1593 4070 juin.

323 4078 472 4178 Exponit
487 4092 669 4171 Jolrannes,
685 4092 926 4176 primogenitus
935 4092 1020 4175 regis
1031 4091 1180 4173 Francie,
1190 4092 1399 4158 Nonnannie
1412 4102 1446 4158 et
1456 4091 1638 4177 Aquitanie

277 4198 354 4278 dux,
371 4196 470 4281 quod,
487 4196 565 4260 licet
580 4196 774 4279 Amulphus
789 4194 832 4259 de
849 4194 1092 4280 Magnoponte,
1116 4216 1188 4261 can.
1216 4198 1297 4262 eccl.
1326 4197 1540 4261 Cameracen.
1559 4204 1579 4277 ¹,
1604 4203 1638 4259 et

277 4302 428 4367 nonnulli
444 4300 499 4365 alii
515 4309 592 4385 post
608 4320 696 4379 eum,
712 4298 898 4383 prebendas
913 4308 1001 4381 auct.
1016 4308 1127 4365 vestra
1139 4300 1171 4364 in
1183 4300 1302 4365 eadem
1318 4301 1637 4384 ecclexpectarent,

277 4416 391 4470 tamen
418 4404 644 4490 postmodum,
666 4423 739 4467 vac.
768 4403 801 4466 in
826 4402 945 4468 eadem
970 4405 1052 4468 eccl.
1083 4407 1176 4489 preb.
1204 4424 1263 4490 per
1293 4412 1435 4468 mortem
1467 4401 1637 4486 quondam

277 4509 398 4593 Angeli
414 4508 456 4574 de
473 4508 660 4573 Peccorarii
677 4507 719 4572 de
737 4506 841 4589 Urbe,
857 4506 948 4573 dicte
964 4510 1046 4573 eccl.
1064 4529 1149 4589 cau,
1166 4509 1221 4593 qui
1239 4508 1271 4572 in
1299 4509 1450 4593 partibus
1478 4506 1638 4571 Romanis

278 4614 476 4693 decesserat,
492 4613 656 4693 AlennuS,
673 4611 782 4677 dictus
800 4608 949 4696 Moyses,
966 4612 1113 4698 ejusdem
1130 4613 1211 4678 eccl.
1228 4634 1301 4678 can.
1317 4622 1337 4693 ²,
1349 4611 1405 4696 qui
1418 4610 1536 4676 eadem
1549 4615 1638 4676 auct.

313 4884 335 4931 l.
348 4883 410 4929 Voir
421 4897 446 4931 n.
459 4883 498 4931 24.
510 4910 542 4919 ·-
553 4884 576 4929 2.
589 4881 650 4927 Voir·
664 4896 688 4929 n.
701 4882 755 4929 177.
