3650 5675
326 521 388 586 420
875 519 963 592 1349,
987 518 1021 582 21
1045 517 1129 583 avril.

327 677 419 761 preb.
434 674 576 740 ecclesie
591 673 623 739 S.
636 672 776 740 Servatii
792 671 1026 758 Trajectensis,
1046 669 1207 737 Leodien.
1222 669 1321 752 dioc,
1347 691 1422 738 vac.
1447 672 1502 738 vel
1518 675 1689 740 vacaturis

329 777 511 863 dignemini
527 776 714 863 providere.
731 817 774 829 -
790 776 867 842 Fiat
883 775 924 842 R.

373 882 452 948 Dat.
467 881 567 947 Avin.
588 902 623 946 11
641 880 708 948 kal.
724 881 805 948 maii
821 888 855 947 a⁰
872 888 914 964 7⁰.
932 881 1001 964 (17,
1020 881 1110 963 254).

382 1001 677 1086 1561-1562.
1326 971 1329 980 ¹
1378 1032 1474 1097 1349,
1492 1034 1532 1078 21
1549 1017 1647 1082 avril.

373 1120 474 1207 Supp.
488 1119 698 1206 F(irminus),
711 1121 813 1207 episc.
826 1119 861 1185 N
863 1119 1053 1198 oviomen.,¹
1064 1115 1280 1182 cancellarius
1295 1115 1408 1182 devoti
1422 1118 1480 1182 filii
1492 1119 1593 1185 vestri
1606 1121 1693 1206 regis

331 1222 481 1304 Francie,
508 1232 599 1313 quat.
626 1224 892 1311 [consanguineo
917 1242 977 1288 suo
1001 1219 1131 1298 Jacobo
1156 1219 1263 1298 Parvi,
1286 1219 1426 1308 elerico]
1444 1237 1465 1303 ²,
1492 1222 1535 1287 de
1559 1244 1634 1290 can.
1657 1233 1693 1290 et

330 1331 423 1413 preb.
438 1328 579 1394 ecclesie
596 1329 672 1396 coll.
688 1328 720 1394 S.
737 1327 832 1393 Pauli
857 1327 935 1392 ville
960 1325 992 1392 S.
1020 1323 1113 1390 Pauli
1138 1343 1181 1388 en
1206 1321 1370 1410 Temoys,
1398 1323 1568 1392 Morinen.
1592 1327 1691 1409 dioc,

330 1451 408 1497 vac.
420 1451 481 1517 per
496 1433 552 1498 ob.
568 1430 658 1497 Petri
673 1431 717 1498 de
733 1430 931 1498 Colemedio
946 1442 968 1512 ³,
984 1429 1040 1514 qui
1067 1435 1162 1493 extra
1186 1427 1314 1494 curiam
1342 1427 1442 1496 Rom.
1467 1430 1557 1496 diem
1573 1433 1693 1498 clausit

331 1543 529 1616 extremum,
540 1536 595 1620 qui
612 1543 689 1601 sunt
704 1535 876 1602 collationi
892 1533 980 1600 sedis
995 1540 1103 1619 apost.
1115 1531 1285 1615 reservati,
1296 1531 1406 1598 eidem
1421 1534 1603 1620 dignemini
1616 1557 1692 1622 pro

331 1638 444 1703 videre
459 1661 469 1718 ;
485 1659 554 1705 uon
570 1641 656 1704 obst.
672 1638 763 1724 quod
778 1637 812 1703 iu
828 1637 970 1703 ecclesia
995 1635 1197 1700 Ambianen.
1213 1654 1317 1702 unam
1343 1637 1504 1723 capellan.
1530 1639 1692 1705 obtineat.

332 1780 375 1792 -
392 1740 469 1807 Fiat
486 1741 527 1808 R.

379 1861 480 1924 1562.
500 1859 588 1925 Item
602 1880 698 1947 supp.
714 1867 807 1946 quat.
826 1858 962 1948 [Petro]
980 1857 1000 1936 J
1003 1858 1146 1924 ohannis
1162 1858 1226 1924 Del
1245 1858 1362 1926 Castre
1378 1860 1420 1926 de
1436 1860 1694 1944 Lovani0,Leo·

333 1965 422 2031 dien.
437 1963 535 2046 dioc,
551 1964 594 2030 de
610 1985 683 2031 can.
699 1973 735 2031 et
749 1967 842 2052 preb.
868 1963 1106 2048 Ayecuriensis
1133 1963 1284 2046 ecclesie,
1312 1964 1402 2031 dicte
1428 1965 1526 2047 dioc,
1542 1987 1615 2032 vac.
1638 1969 1694 2032 vel

334 2075 453 2148 vacat,
468 2067 651 2152 dignemini
667 2066 865 2153 providere;
881 2086 952 2132 non
968 2068 1054 2132 obst.
1080 2065 1170 2151 quod
1195 2086 1270 2133 can.
1296 2073 1330 2132 et
1344 2069 1437 2154 preb.
1464 2068 1507 2134 de
1532 2067 1694 2154 Songnies

334 2170 482 2236 noscitur
498 2170 662 2237 obtinere.
677 2210 720 2220 —
736 2168 815 2235 Fiat
831 2168 873 2236 R.

378 2274 458 2340 Dat.
474 2274 573 2341 Avin.
594 2295 628 2340 11
647 2272 715 2340 kal.
732 2272 812 2340 maii
828 2279 862 2339 a⁰
879 2279 921 2358 7⁰.
938 2274 1006 2357 (17,
1024 2275 1126 2358 2567).

388 2393 531 2478 1563.
1380 2411 1648 2492 1549,21avril.
1761 2465 1768 2482 .

377 2512 466 2597 Sign.
482 2511 514 2578 S.
530 2511 571 2578 V.
587 2510 761 2576 familiaris
774 2517 886 2575 vester
901 2509 1061 2594 magister
1076 2507 1263 2592 Gualterus,
1279 2510 1389 2577 dictus
1401 2509 1506 2576 Gorre
1521 2523 1542 2594 ⁴,
1555 2512 1693 2598 pellipa-

332 2617 408 2698 rius,
424 2615 515 2701 quod
530 2615 657 2681 dudum
671 2635 780 2701 nepos
794 2634 872 2679 suus
889 2606 1116 2694 Henna'nuuS,
1132 2612 1241 2679 dictus
1257 2612 1372 2696 Gorre,
1389 2616 1572 2682 canonicus
1587 2617 1693 2681 eccle-

333 2721 381 2786 sie
405 2720 436 2786 S.
461 2720 602 2786 Servatii
627 2717 851 2804 Trajectensis
876 2723 897 2799 ⁵,
922 2715 1082 2781 Leodien.
1110 2715 1207 2797 dioc,
1240 2735 1313 2782 can.
1339 2725 1374 2782 et
1397 2721 1489 2804 preb.
1514 2719 1548 2783 in
1574 2718 1693 2784 eadem

333 2826 485 2906 ecclesia,
501 2845 561 2912 per
577 2826 630 2890 ob.
647 2823 820 2909 quondam
836 2819 1038 2887 Ghiselberti
1054 2819 1097 2886 de
1113 2819 1249 2903 Palude,
1265 2829 1435 2904 vacantes,
1451 2823 1566 2908 vigore
1585 2823 1693 2908 cujus-

332 2929 412 2994 dam
427 2928 532 3014 gratie
547 2948 608 3014 per
623 2927 655 2992 S.
671 2926 712 2993 V.
728 2926 790 2991 sibi
806 2925 904 3005 facte,
921 2923 1112 3009 acceptavit
1128 2930 1163 2987 et
1178 2924 1240 2989 sibi
1255 2924 1297 2990 de
1324 2924 1389 2989 illis
1412 2926 1558 2993 obtinuit
1583 2926 1693 3012 provi-

332 3032 412 3113 deri,
429 3032 584 3117 ipsosque
595 3050 656 3116 per
670 3029 754 3095 duos
770 3048 878 3094 annos
893 3036 929 3092 et
943 3025 1086 3112 amplius
1100 3027 1210 3092 tenuit
1226 3034 1261 3092 et
1282 3028 1441 3113 possedit,
1468 3037 1568 3116 prout
1584 3029 1692 3095 adhuc

332 3141 428 3200 tenet
443 3142 479 3199 et
492 3132 642 3220 possidet
656 3132 798 3220 pacifice
813 3138 848 3196 et
864 3130 987 3215 quiete,
1004 3129 1064 3196 sed
1078 3130 1156 3215 quia
1171 3130 1306 3197 dubitat
1321 3152 1364 3198 an
1379 3133 1461 3199 dicti
1473 3154 1546 3200 can.
1557 3142 1591 3200 et
1600 3137 1691 3220 preb.

333 3238 399 3303 siut
413 3238 550 3303 forsitan
562 3236 632 3303 sedi
648 3244 755 3322 apost.
766 3234 1022 3319 quomodolibet
1033 3234 1202 3317 reservati,
1213 3256 1308 3323 supp.
1319 3245 1412 3322 quat.
1423 3239 1691 3325 acceptationem

334 3349 370 3407 et
394 3342 621 3428 provisionem
647 3340 816 3428 predictas
836 3338 1016 3404 decernere
1032 3338 1214 3425 dignemini
1231 3340 1369 3427 perinde
1392 3344 1531 3408 valeren
1554 3340 1693 3408 aeside

334 3446 537 3513 canonicatu
552 3454 586 3512 et
602 3443 773 3532 prebenda
788 3442 948 3530 predictis
962 3444 1054 3508 nulla
1075 3444 1259 3511 reservatio
1273 3444 1364 3511 facta
1379 3446 1464 3512 foret
1477 3470 1485 3526 ;
1510 3466 1580 3513 non
1607 3450 1693 3512 obst.

333 3550 422 3634 quod
438 3569 536 3636 super
551 3549 740 3635 capellania
754 3547 797 3613 de
813 3545 984 3629 Bilrevelt,
1013 3546 1104 3612 dicte
1119 3546 1217 3629 dioc,
1243 3547 1277 3613 in
1305 3547 1404 3615 Rom.
1432 3548 1522 3615 curia
1545 3548 1694 3615 noscitur

340 3654 470 3741 litigare
483 3654 505 3720 ⁶.
526 3691 559 3702 -
580 3652 658 3719 Fiat
674 3652 715 3719 R.

378 3758 458 3824 Dat.
473 3758 574 3824 Avin.
595 3778 629 3821 11
648 3754 716 3823 kal.
730 3756 810 3822 maii
828 3762 862 3821 a⁰
879 3762 921 3839 7⁰.
939 3756 1006 3839 (17,
1025 3760 1125 3841 260').

385 3877 531 3960 1564.
1382 3913 1478 3979 1349,
1495 3915 1536 3959 21
1553 3896 1651 3960 avril.

376 3995 477 4082 Supp.
494 3993 672 4074 Henricus,
687 3990 756 4057 dux
771 3991 1081 4077 Lemborghcensis,
1099 4002 1189 4079 quat.
1210 3992 1287 4081 [suo
1299 3994 1449 4062 familiari
1461 4004 1497 4062 et
1507 3997 1694 4083 capellan0,

332 4100 491 4166 continue
506 4098 567 4165 sibi
584 4096 776 4179 celebranti,
792 4096 950 4183 Philippo
966 4097 1008 4163 de
1026 4096 1143 4181 Horst,
1156 4099 1354 4185 presbitero]
1371 4086 1695 4181 Cameracendioo,

332 4203 462 4270 decan.
479 4200 619 4267 ecclesie
635 4198 796 4267 Leodien.
812 4221 889 4266 cum
910 4201 1119 4287 plenitudine
1131 4202 1212 4287 juris
1239 4202 1392 4269 canonici
1419 4203 1603 4290 dignemini
1618 4225 1696 4291 pro·

332 4307 456 4389 videre,
472 4307 564 4393 preb.
579 4324 661 4370 vero
676 4304 711 4369 in
727 4304 819 4370 dicta
835 4304 976 4371 ecclesia
993 4304 1152 4375 Leodien.
1184 4305 1274 4394 [vac.
1295 4308 1350 4373 vel
1369 4308 1509 4396 vacat.],
1525 4308 1624 4374 simul
1641 4310 1696 4374 vel

333 4410 519 4477 successive
545 4409 655 4475 eidem
680 4429 757 4475 cum
784 4409 939 4475 omnibus
960 4410 1087 4495 juribus
1114 4420 1149 4477 et
1173 4411 1384 4498 pertinentiis
1418 4413 1484 4479 suis
1517 4412 1695 4480 donationi

241 4580 244 4586 ,
332 4521 440 4600 apost.
455 4512 638 4598 dignemini
665 4532 845 4579 reservare.
868 4563 874 4577 .
893 4536 901 4594 ;
918 4534 987 4579 uon
1004 4517 1089 4581 obst.
1106 4514 1197 4600 quod
1213 4515 1301 4581 idern
1330 4515 1504 4603 Philippus
1520 4517 1602 4583 eccl.
1618 4537 1696 4603 par·

363 4668 390 4727 a)
407 4666 464 4717 (bd.
481 4666 623 4731 providere.

362 4818 386 4866 l.
396 4816 458 4864 Voir
469 4830 495 4866 n.
507 4818 577 4864 1558.
589 4842 622 4851 -
633 4818 656 4865 2.
668 4815 730 4864 Voir
741 4830 767 4865 n.
780 4819 850 4866 1272.
861 4845 894 4855 -
906 4820 928 4868 3.
941 4818 1003 4867 Voir
1013 4834 1039 4868 n.
1052 4821 1122 4869 1285.
1135 4847 1166 4859 -
1178 4823 1201 4870 4.
1213 4821 1275 4871 Voir
1292 4836 1316 4873 n.
1328 4823 1383 4883 638,
1401 4824 1455 4881 656,
1471 4822 1541 4870 1061.
1553 4848 1585 4857 -
1597 4825 1620 4871 5.
1633 4821 1699 4871 Voir

329 4906 356 4939 u.
367 4892 421 4951 190,
434 4890 490 4938 638.
500 4917 533 4927 -
544 4891 567 4938 6.
580 4889 603 4937 Il
619 4887 749 4952 ecbangea
759 4906 789 4940 ce
805 4890 918 4941 benefice
936 4900 1025 4943 contre
1045 4894 1110 4943 colui
1130 4894 1163 4945 de
1182 4894 1260 4947 ΝΛ),
1280 4898 1295 4947 t
1316 4896 1406 4947 Genck
1421 4911 1484 4946 avec
1505 4895 1644 4945 Baurlouiu
1663 4896 1699 4947 de

330 4962 524 5024 Montanaekcn,
538 4963 613 5013 chan.
623 4963 656 5013 de
668 4964 750 5025 Lidge,
763 4973 843 5015 avant
855 4964 949 5016 levrier
961 4969 1023 5017 1358
1036 4968 1125 5029 (Ball.
1137 4968 1167 5019 da
1179 4968 1263 5023 ΗΜ.
1274 4970 1346 5021 arob.
1358 4970 1422 5035 lily,
1434 4970 1469 5032 X,
1482 4970 1551 5032 491).
