3650 5675
303 489 364 552 206
863 485 953 563 1345,
978 485 1013 549 19
1035 482 1102 548 mai.

303 663 370 707 una
386 648 490 727 parte,
507 647 542 704 et
558 638 743 724 capitulum
769 638 871 722 ipsius
899 638 981 702 eccl.
1009 636 1203 704 Laudunen.
1221 659 1263 702 ex
1284 639 1398 718 altera,
1415 658 1456 703 ac
1471 645 1668 703 executores

303 744 453 812 defuncti
469 762 556 827 mag.
573 740 710 807 Gerardi
727 743 768 807 de
786 739 1020 821 Monteacuto,
1045 740 1227 824 aliquando
1253 741 1295 806 de
1312 741 1378 806 suis
1400 742 1551 827 pecuniis
1566 741 1668 826 ipsius

304 848 452 933 magistri
470 845 722 911 necessitatibus
738 848 963 910 subvenerunt
979 868 987 923 ;
1005 852 1108 929 quat,
1125 844 1307 930 indigentie
1320 853 1355 910 et
1365 845 1547 911 calamitati
1564 844 1667 931 ipsius

304 960 446 1040 paterno
462 948 709 1034 compatientes
734 948 867 1029 affectu,
884 948 1135 1014 considerantes
1160 950 1296 1033 longam
1323 948 1597 1033 expectationem
1621 951 1666 1014 ob

303 1057 431 1123 dictam
448 1074 583 1119 causam
599 1053 660 1117 sibi
676 1052 789 1137 quoad
804 1052 875 1136 ejus
890 1059 1017 1117 statum
1044 1052 1289 1117 intolerabilem
1305 1058 1339 1117 et
1354 1052 1461 1117 multa
1476 1052 1546 1135 ejus
1567 1051 1667 1116 insor-

303 1159 407 1239 tunia,
424 1179 489 1242 que
505 1177 640 1221 narrare
656 1163 794 1242 propter
809 1155 1037 1242 prolixitatem
1054 1155 1191 1236 omittit,
1207 1155 1317 1221 eidem
1332 1155 1375 1220 de
1390 1158 1466 1221 ben.
1482 1156 1564 1220 eccl.
1589 1176 1618 1219 c.
1636 1176 1667 1220 c.

304 1264 359 1328 vel
375 1283 400 1328 s.
411 1283 451 1343 c.,
468 1260 561 1345 cujus
577 1260 753 1341 fmctus....,
770 1260 797 1324 si
813 1279 842 1325 c.
858 1280 887 1325 c.
908 1278 978 1339 100,
995 1259 1021 1324 si
1045 1280 1127 1325 vero
1143 1280 1168 1325 s.
1185 1281 1213 1325 c.
1224 1260 1323 1325 fuerit
1341 1264 1380 1324 60
1395 1260 1452 1324 lib.
1468 1258 1546 1325 Tur.
1561 1279 1667 1344 parv,

304 1387 371 1433 sec.
387 1373 456 1430 tax.
473 1364 614 1443 decime,
630 1363 781 1428 valorem
806 1384 955 1428 annuum
970 1384 1038 1428 uon
1064 1363 1239 1442 excedant,
1255 1369 1430 1449 spectante
1445 1364 1668 1428 communiter

305 1471 359 1534 vel
375 1467 510 1533 divisim
526 1467 568 1532 ad
584 1467 823 1551 cujuscumque
849 1487 908 1531 seu
932 1486 1208 1550 quorumcunque
1224 1468 1332 1532 coll...
1348 1466 1537 1551 ubicunque
1553 1467 1586 1531 in
1603 1466 1667 1531 civ.

304 1574 359 1637 vel
375 1572 462 1637 dioc.
485 1570 642 1636 Parisien.
663 1570 846 1654 dignemini
862 1570 1061 1656 providere;
1088 1590 1223 1635 necnon
1248 1569 1290 1635 de
1314 1569 1476 1655 regimine
1500 1572 1667 1635 scolarum

305 1678 504 1755 lomacen,
521 1695 599 1740 cum
614 1674 770 1740 omnibus
782 1674 909 1759 juribus
925 1681 961 1738 et
982 1673 1220 1739 emolumentis
1235 1672 1383 1759 ipsamm
1397 1673 1617 1738 tenendarum
1633 1681 1668 1738 et

306 1779 593 1866 possidendamm,
608 1777 719 1843 donec
734 1778 858 1843 virtute
873 1784 985 1843 vestre
1011 1776 1175 1863 presentis
1197 1777 1304 1861 gratie
1317 1779 1395 1842 ben.
1421 1777 1557 1861 aliquod
1578 1778 1668 1863 paci-

307 1886 369 1950 fice
386 1884 485 1948 luerit
501 1890 694 1962 assecutus;
712 1890 747 1947 et
774 1881 864 1965 quod
888 1880 1015 1947 eisdem
1037 1881 1137 1946 scolis
1159 1882 1265 1966 possit
1290 1902 1350 1966 per
1374 1880 1477 1946 alium
1498 1881 1667 1962 deserviri,

307 1987 443 2053 statutis
458 1994 494 2051 et
506 1986 804 2051 consuetudinibus
820 1985 853 2049 in
870 1985 1076 2050 contrarium
1092 1983 1190 2049 editis
1204 2005 1273 2050 non
1290 1987 1376 2050 obst.
1391 1985 1643 2070 quibuscunque
1658 2009 1666 2066 ;

306 2111 376 2157 non
401 2093 488 2155 obst.
502 2090 593 2173 quod
610 2109 684 2155 can.
700 2088 783 2155 eccl.
800 2087 996 2154 Laudunen.
1012 2091 1073 2153 sub
1089 2108 1165 2174 exp.
1178 2091 1280 2175 preb,
1291 2107 1392 2173 quam
1408 2095 1544 2174 propter
1558 2090 1669 2174 plures

308 2202 527 2281 expectantes
543 2194 651 2279 ipsum
667 2194 700 2257 in
725 2193 807 2259 data
832 2191 1062 2278 precedentes,
1090 2191 1175 2256 infra
1200 2194 1302 2257 breve
1317 2212 1386 2257 uon
1402 2199 1513 2277 sperat
1527 2192 1667 2276 assequi,

308 2306 465 2364 noscatur
482 2297 644 2363 obtinere.

352 2400 414 2466 Vel
429 2400 570 2486 gratiam
586 2400 772 2488 predictam
795 2399 927 2465 decan.
944 2402 1004 2464 sub
1029 2420 1106 2485 exp.
1132 2402 1224 2485 preb.
1250 2398 1351 2484 ipsius
1375 2400 1457 2465 eccl.
1473 2398 1668 2468 Laudunen.

305 2506 490 2591 dignemini
505 2506 677 2591 ampliare,
689 2504 732 2569 ad
747 2504 837 2588 dign.
854 2503 1077 2584 extendendo,
1088 2503 1191 2569 etiam
1206 2503 1233 2568 si
1248 2524 1309 2589 per
1323 2503 1525 2568 electionem
1537 2503 1579 2569 ad
1595 2524 1669 2568 eam

308 2608 521 2675 consueverit
537 2608 611 2693 quis
625 2607 759 2673 assumi.
774 2648 818 2656 —
834 2606 911 2672 Fiat
926 2607 1030 2673 etiam
1046 2606 1072 2672 si
1089 2627 1149 2692 per
1164 2606 1376 2687 electionem,
1392 2627 1461 2671 non
1477 2608 1562 2672 obst.
1579 2606 1669 2689 quod

307 2732 413 2798 nuper
425 2722 521 2778 motu
536 2712 671 2799 proprio
687 2712 748 2777 sibi
765 2711 972 2797 providimus
983 2711 1026 2776 de
1042 2731 1116 2777 can.
1132 2719 1166 2776 et
1189 2713 1281 2797 preb.
1298 2708 1502 2775 Noviomen.
1519 2708 1560 2773 R.

352 2890 436 2951 830.
454 2882 584 2960 Jacobo
600 2882 717 2950 Loude
735 2884 777 2950 de
794 2883 901 2969 Ypris,
917 2904 1005 2968 mag.
1023 2883 1059 2947 in
1075 2890 1148 2964 art,
1165 2880 1333 2947 Morinen.
1349 2881 1445 2961 dioc,
1452 2879 1533 2946 alias
1547 2879 1667 2944 rectori

307 2987 534 3052 universitatis
549 2986 707 3052 Parisien.
725 2997 743 3068 ¹,
760 3006 850 3051 nunc
862 2986 905 3051 ad
914 2984 1018 3070 pedes
1030 2984 1070 3050 V.
1083 2983 1114 3050 S.
1127 2984 1252 3050 nuncio
1263 2983 1439 3062 destinam,
1455 2981 1511 3066 qui
1521 2980 1667 3065 regendo

310 3091 469 3157 continue
492 3091 527 3155 in
554 3091 769 3170 naturalibus
797 3088 1130 3175 methaphisicalibus
1154 3096 1188 3153 et
1215 3087 1393 3153 moralibus
1409 3094 1488 3151 octo
1502 3084 1599 3150 annis
1611 3086 1667 3148 vel

310 3193 458 3282 pluribus
474 3194 507 3258 in
524 3193 635 3259 studio
652 3193 810 3258 Parisien.
837 3191 1011 3273 laboravit,
1027 3212 1087 3278 per
1112 3191 1224 3275 aliqua
1246 3200 1400 3277 tempora
1419 3189 1452 3253 in
1477 3189 1670 3273 theologica

310 3298 438 3364 studuit
453 3297 635 3378 facultate;
651 3317 716 3361 nec
730 3298 835 3361 habet
858 3295 948 3361 unde
968 3296 1011 3361 ad
1025 3295 1165 3380 gradum
1189 3295 1326 3361 honoris
1346 3295 1380 3359 in
1404 3293 1494 3359 dicta
1509 3292 1670 3358 facultate

309 3403 424 3467 valeat
439 3401 640 3488 promoveri,
658 3421 734 3466 cum
748 3403 839 3465 bona
862 3420 928 3484 que
951 3399 1069 3465 habuit
1083 3399 1126 3464 de
1150 3398 1355 3486 patrimonio
1377 3417 1437 3484 per
1452 3396 1673 3462 Flandrenses
1719 3461 1723 3471 ,

313 3506 447 3591 penitus
478 3505 610 3571 fuerunt
639 3505 845 3584 devastata3
873 3512 965 3588 quat.
991 3503 1052 3568 sibi
1079 3503 1122 3569 de
1147 3503 1203 3569 off.
1227 3523 1286 3567 seu
1316 3503 1477 3588 regimine
1506 3501 1672 3566 scolarum

313 3607 523 3694 Yprensium,
541 3606 709 3674 Morinen.
726 3608 823 3690 dioc,
839 3616 1014 3694 spectante
1041 3607 1085 3672 ad
1110 3608 1186 3673 coll.
1202 3608 1362 3694 prepositi
1387 3615 1422 3672 et
1438 3614 1626 3672 conventus
1641 3605 1673 3670 S.

313 3711 452 3776 Martini
469 3709 639 3797 Yprensis‚
654 3712 745 3778 dicte
759 3711 857 3793 dioc,
870 3732 947 3776 cum
963 3712 1109 3796 ipsarum
1121 3712 1258 3795 juribus,
1270 3711 1482 3798 pertinentiis
1496 3717 1531 3774 et
1546 3710 1673 3773 emolu·

310 3816 433 3881 mentis
471 3815 642 3896 universis,
680 3836 740 3901 per
774 3836 809 3880 se
848 3816 902 3880 vel
942 3815 1044 3880 alium
1074 3815 1302 3900 regendarum,
1344 3814 1503 3880 idoneum
1546 3819 1672 3892 tamen,

310 3919 457 3984 maxime
474 3940 551 3984 cum
566 3927 704 4005 propter
716 3919 864 4004 pericula
879 3919 1121 3984 sententiarum
1136 3917 1495 3985 excommunicationis
1510 3923 1545 3980 et
1570 3914 1672 3978 inter·

310 4023 391 4088 dicti
409 4024 443 4087 in
460 4022 587 4088 eisdem
602 4023 821 4109 personaliter
835 4043 903 4088 non
927 4023 1065 4088 auderet
1091 4023 1236 4090 residere
1251 4046 1260 4104 3
1283 4043 1353 4088 non
1370 4024 1455 4087 obst.
1471 4020 1672 4104 quibuscun-

304 4146 376 4210 que
392 4127 526 4192 statutis
541 4138 576 4192 et
592 4127 888 4192 consuetudinibus
904 4127 937 4190 in
953 4127 1159 4192 contrarium
1179 4126 1276 4192 factis
1296 4146 1355 4191 seu
1381 4125 1484 4190 etiam
1502 4121 1671 4201 faciendis,

311 4229 430 4312 quibus
446 4229 539 4294 dicta
550 4229 656 4313 gratia
671 4231 799 4296 valeret
814 4231 977 4317 impediri,
994 4231 1131 4297 excluso
1146 4232 1239 4296 omni
1255 4231 1333 4311 alio,
1354 4235 1568 4315 preterquam
1583 4232 1672 4291 auct.

298 4330 398 4396 sedis
413 4340 532 4416 apost,
545 4353 735 4418 possessore
749 4357 758 4415 ;
775 4355 844 4401 uon
860 4337 946 4401 obst.
962 4335 1053 4419 quod
1068 4355 1143 4400 can.
1156 4338 1216 4401 sub
1232 4355 1308 4420 exp.
1321 4335 1414 4420 preb.
1430 4331 1512 4397 eccl.
1527 4329 1559 4394 S.
1581 4327 1672 4393 Petri

312 4431 502 4516 Insulensis,
520 4434 705 4503 Tornacen.
721 4437 819 4520 dioc,
835 4459 937 4523 quam
955 4438 1129 4525 [gratiam]
1148 4439 1210 4504 sibi
1225 4438 1325 4504 timet
1338 4435 1473 4522 penitus
1488 4433 1557 4499 iore
1573 4430 1673 4496 inuti-

311 4536 378 4600 lem
390 4548 532 4622 ·propter
547 4541 672 4605 multos
688 4541 743 4624 qui
761 4542 869 4627 ipsum
885 4541 919 4606 in
942 4541 1034 4607 dicta
1057 4543 1164 4626 gratia
1181 4541 1396 4619 antecedunt,
1412 4537 1561 4603 noscitur
1587 4535 1673 4601 obti-

311 4659 403 4705 nere.
419 4681 462 4690 —
479 4641 557 4708 Fiat
572 4643 615 4708 de
631 4664 704 4709 can.
718 4647 777 4709 sub
794 4666 870 4731 exp.
881 4647 974 4731 preb.
991 4646 1074 4711 eccl.
1094 4645 1272 4725 Morinen.,
1283 4645 1318 4708 in
1334 4643 1442 4709 forma
1458 4639 1499 4706 R.

348 4909 369 4956 1.
383 4907 487 4968 Denifle,
506 4908 627 4969 olrartal,
639 4909 672 4969 ll,
686 4912 800 4960 bal-562.
