3650 5675
292 487 353 554 rra
804 489 892 565 1352,
914 490 951 554 17
971 488 1145 568 sommare.
1206 464 1209 470 ’

291 636 440 723 ejusdem
456 638 554 720 dioc,
570 659 645 705 vac.
661 602 882 727 per'mortem
898 637 989 704 Petri
1003 637 1047 705 de
1061 638 1195 723 Quercu
1206 648 1230 734 ¹¹,
1246 636 1358 704 ultimi
1374 620 1583 725 possidentis,
1596 660 1656 725 per

293 740 332 807 E.
349 742 381 806 S.
396 751 565 809 reservato
580 742 762 829 dignemini
780 736 967 831 providere.
985 780 1025 793 -
1042 741 1119 808 Fiat
1135 741 1177 809 R.

336 846 415 913 Dat.
431 846 531 912 Avin.
550 866 586 932 15
603 846 670 913 kal.
683 856 751 914 oct.
768 862 806 913 a0
826 862 891 913 110.
907 848 984 933 (22,
1003 847 1091 931 114).

345 980 662 1066 2465-2466.
1252 1016 1270 1061 r
1271 1014 1292 1080 3
1292 1014 1348 1077 52,
1366 1010 1407 1078 17
1422 930 1612 1079 septembre.

336 1098 438 1187 Supp.
456 1098 629 1179 Johannes
642 1101 685 1166 de
701 1098 837 1167 Casleto
852 1116 874 1181 ²,
890 1098 1071 1166 canonicus
1086 1099 1257 1180 Leodien.,
1272 1106 1384 1165 vestre
1400 1099 1548 1164 rCamere
1574 1118 1657 1185 apo·

294 1204 414 1269 stolice
443 1205 604 1271 collector
619 1224 660 1271 ac
684 1200 826 1269 mincius
853 1204 1057 1289 apostolicus
1074 1192 1116 1268 ⁸in
1143 1202 1316 1289 provincia
1338 1201 1532 1297 colonien,
1563 1211 1658 1294 quat.

296 1306 429 1393 [nepoti
445 1328 506 1374 suo
522 1303 673 1374 Henrico
689 1306 819 1373 Vastini
835 1308 877 1373 de
894 1306 1041 1388 Casleto,
1065 1307 1230 1373 canonico
1258 1305 1436 1371 Leodiensi
1452 1304 1493 1393 ³],
1516 1306 1559 1371 de
1582 1326 1658 1371 can.

295 1420 329 1475 et
344 1413 437 1496 preb.
454 1411 594 1478 ecclesie
610 1411 809 1492 BonnensiS,
826 1410 1003 1477 Colonien.
1018 1411 1118 1491 dioc,
1132 1432 1205 1476 rac.
1229 1431 1290 1496 per
1313 1419 1460 1477 mortem
1486 1411 1660 1495 quondam

295 1512 464 1591 Johannis
481 1514 603 1580 Bavari
619 1514 662 1581 de
678 1514 844 1580 Bobardia
860 1528 881 1595 ⁴,
904 1514 1030 1580 dudum
1056 1514 1146 1579 dicte
1171 1514 1314 1580 ecclesie
1339 1514 1493 1579 canonici
1520 1516 1661 1600 preben-

295 1618 376 1699 dati,
393 1620 448 1703 qui
466 1640 575 1705 nuper
593 1628 688 1685 extra
704 1618 803 1685 Rom.
819 1619 947 1685 curiam
961 1618 1116 1699 decessit,
1133 1627 1168 1684 et
1183 1619 1370 1699 reservatis
1385 1616 1568 1703 dignemini
1583 1637 1660 1703 pro·

295 1713 409 1788 videre
425 1746 434 1804 ;
451 1743 519 1788 non
536 1725 621 1789 obst.
637 1724 727 1807 quod
743 1743 817 1789 can.
841 1732 876 1788 et
899 1726 992 1809 preb.
1019 1722 1180 1789 Leodien.
1207 1722 1356 1788 noscitur
1383 1720 1555 1801 obtinere3
1579 1741 1657 1786 cum

296 1826 452 1892 omnibus
467 1848 537 1892 non
554 1830 662 1894 obst...
678 1866 721 1877 --
737 1826 813 1892 Fiat
831 1826 870 1893 R.

341 1965 453 2030 2466.
470 1964 558 2029 Item
574 1964 717 2031 similem
731 1965 872 2050 gratiam
888 1964 1051 2030 facientes
1065 1963 1085 2041 J
1088 1964 1213 2029 ohanni
1240 1964 1333 2031 dicto
1359 1964 1402 2029 de
1418 1963 1565 2043 Caslet0,
1588 1964 1656 2027 cle·

295 2068 366 2134 rico
382 2066 553 2149 Leodien.,
569 2069 611 2134 de
627 2089 704 2135 can.
722 2077 756 2133 et
771 2072 864 2154 preb.
881 2068 1021 2134 ecclesie
1038 2067 1279 2153 Hugardensis,
1296 2067 1457 2133 Leodien.
1472 2066 1569 2148 dioc,
1582 2086 1657 2131 vac.

296 2170 401 2237 etiam
418 2192 477 2257 per
503 2181 648 2238 mortem
673 2173 843 2257 quondam
867 2172 1008 2258 predicti
1031 2171 1197 2250 Johannis
1222 2172 1346 2238 Bavari
1362 2181 1385 2253 ⁵,
1411 2181 1447 2237 et
1470 2171 1656 2251 reservatis,

296 2275 479 2360 dignemini
505 2276 689 2363 providere,
715 2297 792 2342 cum
818 2277 973 2342 omnibus
998 2285 1036 2341 et
1055 2276 1192 2361 singulis
1219 2282 1256 2340 ut
1283 2294 1383 2361 supra
1398 2293 1467 2338 non
1484 2275 1590 2338 obst...
1614 2310 1657 2320 -

298 2377 374 2443 Fiat
392 2378 431 2443 R.

340 2481 421 2545 Dat.
437 2481 537 2547 Avin.
557 2500 593 2566 15
610 2481 677 2547 lral.
693 2490 760 2549 oct.
777 2497 813 2547 a0
834 2497 897 2548 110.
914 2484 990 2567 (22,
1012 2485 1098 2568 115).

347 2617 492 2698 2467.
1250 2652 1347 2715 1352,
1365 2648 1408 2713 17
1422 2629 1612 2715 septembre.

339 2736 440 2822 Supp.
457 2734 577 2817 Guido,
588 2738 764 2824 episcopus
780 2738 947 2818 Portuen,
960 2738 994 2803 in
1004 2759 1182 2825 personam
1194 2737 1243 2802 sui
1253 2733 1482 2821 procuratoris
1497 2730 1656 2796 Willelmi

296 2840 377 2906 dicti
394 2840 487 2906 Paris
498 2840 520 2921 ⁶,
534 2841 724 2928 jurisperiti,
751 2843 904 2908 canonici
928 2844 1067 2909 ecclesie
1083 2843 1115 2908 S.
1132 2843 1224 2907 Pauli
1249 2839 1422 2919 Leodien.,
1438 2845 1530 2921 quat.
1545 2834 1656 2899 eidem

296 2943 467 3009 Willelmo
493 2943 535 3009 de
562 2947 645 3011 eccl.
669 2946 822 3031 panoch.
846 2947 879 3010 in
896 2945 1104 3031 Levinjolen,
1121 2945 1295 3024 Leodien.,
1323 2963 1399 3008 vac.
1424 2960 1483 3027 per
1511 2945 1656 3003 mortem

296 3046 456 3112 Willelmi
483 3047 525 3113 de
552 3047 813 3133 Walkenborgh‚
840 3050 949 3114 ultimi
975 3050 1113 3115 rectoris
1140 3049 1252 3135 ipsius,
1280 3047 1336 3131 qui
1368 3064 1474 3130 nuper
1504 3055 1657 3126 tempore

296 3150 577 3235 indulgentiarum
594 3152 626 3216 in
643 3153 760 3218 itinere
787 3173 927 3218 rornano
942 3153 1095 3234 decessit,
1107 3154 1177 3219 sive
1192 3173 1252 3239 per
1268 3151 1341 3236 ejus
1356 3157 1500 3214 mortem
1516 3153 1575 3210 aut
1590 3145 1657 3209 alio

296 3256 414 3338 quovis
440 3254 542 3321 modo
568 3265 677 3337 vacet,
693 3265 728 3320 et
743 3257 941 3341 generaliter
956 3259 1009 3321 vel
1033 3257 1222 3343 specialiter
1248 3255 1330 3320 alias
1356 3251 1454 3317 fuerit
1476 3256 1655 3329 reservata,

295 3358 477 3443 dignemini
504 3360 689 3444 providere,
718 3368 834 3425 amoto
868 3361 1018 3445 quolibet
1051 3361 1121 3446 ejus
1155 3360 1359 3437 detentore3
1393 3355 1485 3439 cujus
1516 3351 1656 3416 ecclesie

296 3462 421 3527 fructus
437 3482 505 3527 non
522 3463 688 3528 excedunt
714 3471 829 3528 texam
854 3484 1067 3529 communem
1094 3483 1307 3550 pauperum;
1331 3479 1399 3524 non
1423 3459 1605 3539 obstcan.
1621 3462 1658 3519 et

295 3567 388 3652 preb.
404 3565 571 3650 predictis,
588 3586 649 3651 pro
664 3567 782 3650 quibus
797 3566 906 3651 litigat
922 3567 1036 3651 vigore
1051 3568 1157 3652 gratie
1172 3563 1369 3652 apostolice,
1387 3562 1459 3647 ipsa
1474 3558 1578 3644 gratia
1594 3555 1657 3622 sibi

296 3669 388 3733 salva
415 3677 623 3749 remanente,
648 3679 682 3734 et
708 3671 813 3754 gratia
839 3671 903 3736 alia
926 3691 1025 3754 quam
1049 3654 1232 3736 habet'sub
1256 3664 1498 3753 expectatione
1521 3660 1564 3727 ad
1580 3661 1658 3725 coll.

295 3771 444 3856 episcopi
461 3770 632 3853 Leodien.,
647 3794 747 3857 quam
769 3783 905 3859 paratus
927 3783 979 3839 est
1001 3774 1169 3839 dimittere
1185 3780 1366 3859 postquam
1383 3776 1449 3834 etc.
1468 3789 1477 3847 ;
1494 3786 1570 3832 curn
1585 3764 1659 3828 aliis

295 3895 363 3938 non
380 3877 468 3940 obst.
486 3914 524 3924 —
545 3874 622 3940 Fiat
637 3885 673 3941 ut
689 3877 775 3962 petit
791 3876 832 3942 R.

340 3979 419 4044 Dat.
436 3977 536 4043 Avin.
557 3999 592 4063 15
611 3979 676 4045 kal.
693 3987 759 4045 oct.
777 3997 811 4045 a0
830 3994 894 4046 110.
912 3981 989 4065 (22,
1010 3983 1096 4066 116).

346 4111 495 4193 2468.
1251 4147 1345 4211 1352,
1363 4143 1405 4208 17
1423 4123 1613 4210 septembre.

337 4230 439 4316 Supp.
456 4229 656 4315 Stephanus,
674 4229 804 4296 Ostien.
821 4239 856 4296 et
872 4231 1052 4296 Velletren.
1069 4231 1244 4318 episcopus
1271 4229 1458 4309 cardinalis,
1474 4235 1565 4311 quat.
1580 4245 1657 4310 pro

293 4333 406 4400 videre
417 4333 601 4417 dignemini
613 4333 767 4398 familiari
778 4355 838 4400 suo
848 4343 882 4400 et
895 4336 1057 4400 continuo
1068 4335 1220 4400 servitori
1231 4333 1377 4412 Johanni
1390 4333 1433 4398 de
1444 4330 1657 4414 Hublangiis,

291 4437 476 4524 presbitero
500 4434 667 4502 Tutellen.
681 4436 778 4519 dioc,
794 4438 836 4503 de
851 4460 944 4525 perp.
957 4440 1119 4525 capellan.
1136 4437 1175 4504 B.
1190 4437 1356 4515 Johannis
1371 4437 1405 4500 in
1428 4436 1510 4500 eccl.
1533 4432 1659 4499 Catha-

292 4542 426 4607 launen.
444 4560 522 4605 vac.
539 4540 629 4627 apud
651 4541 766 4606 sedem
790 4550 897 4628 apost.
913 4563 972 4628 per
998 4545 1052 4608 ob.
1069 4541 1216 4627 Nicolay
1242 4542 1324 4608 dicti
1351 4541 1393 4607 de
1419 4538 1573 4620 Chanais,
1588 4558 1658 4604 non

292 4647 378 4710 obst.
394 4643 484 4729 quod
510 4644 594 4710 eccl.
613 4646 768 4729 parroch.
785 4645 826 4712 de
850 4645 1032 4732 Capevilla,
1056 4646 1146 4711 dicte
1172 4647 1270 4729 dioc,
1294 4653 1329 4710 et
1350 4665 1443 4732 perp.
1469 4643 1589 4730 capell.
1610 4641 1658 4730 ,de

323 4853 347 4901 1.
364 4851 426 4899 Voir
438 4865 466 4899 n.
481 4854 504 4898 2.
515 4875 548 4885 -
559 4851 583 4897 2.
595 4849 658 4898 Voir
669 4863 695 4900 n.
708 4853 779 4900 1049.
791 4879 823 4887 -
835 4855 858 4900 3.
870 4853 933 4900 Voir
943 4868 968 4902 n.
982 4855 1053 4903 1049.
1063 4881 1096 4889 —-
1106 4854 1129 4902 4.
1140 4853 1203 4901 Vor'r
1213 4865 1240 4902 n.
1253 4853 1316 4900 1139
1329 4868 1335 4911 ;
1347 4851 1416 4900 Mon.
1431 4849 1488 4897 l'at.
1500 4847 1572 4909 Bor,
1586 4847 1606 4908 l,
1619 4849 1658 4908 42,

294 4925 324 4972 46
337 4940 343 4984 ;
356 4924 463 4984 Kirsch,
479 4923 604 4982 Arrrralerr,
619 4923 638 4982 1,
650 4925 690 4972 28.
701 4949 734 4960 —-
745 4929 768 4974 5.
780 4925 843 4973 Voir
854 4941 879 4974 11.
891 4929 962 4976 2165.
970 4954 1003 4962 -
1013 4929 1037 4976 6.
1049 4927 1111 4975 Voir
1121 4942 1146 4976 n.
1160 4930 1214 4976 157.
