3650 5675
557 934 899 1037 neuxntune
935 939 1145 1037 aurite

422 1201 480 1284 19
516 1202 618 1282 mai
657 1203 786 1288 1343
822 1250 872 1260 -
909 1203 968 1288 18
1007 1205 1107 1286 mai
1146 1205 1275 1290 1344

215 1585 327 1670 379.
965 1609 967 1614 ’
1235 1626 1296 1690 133
1297 1627 1330 1690 3,
1350 1627 1389 1691 19
1406 1606 1482 1672 mai.

207 1708 309 1794 Supp.
322 1707 521 1793 infrascripti
532 1708 685 1774 clerici...
697 1731 767 1775 non
783 1710 914 1775 uxorati
931 1731 1040 1794 neque
1056 1709 1089 1774 in
1106 1711 1206 1776 sacris
1222 1710 1392 1776 ordinibus
1404 1711 1527 1777 consti-

162 1814 229 1879 tuti
248 1821 338 1897 quat.
355 1813 487 1898 ipsos...
503 1813 703 1878 tabelliones
722 1823 811 1879 auct.
831 1822 938 1899 apost.
958 1814 1059 1879 creari
1087 1814 1246 1880 mandare
1269 1814 1451 1899 dignemini
1468 1835 1527 1901 per

161 1919 253 1984 dom.
270 1917 593 2010 vicecancellarium.
603 1968 624 1982 ..

208 2020 382 2098 Jobannes
398 2021 591 2088 vavassoris
602 2032 620 2103 ¹,
637 2024 715 2088 cler.
733 2021 902 2088 Morinen.
918 2024 1005 2089 dioc.
1022 2065 1064 2073 —-
1088 2023 1164 2089 Fiat
1181 2024 1220 2090 R.

207 2126 285 2192 Dat.
300 2127 403 2192 Avin.
424 2147 461 2210 14
477 2126 542 2192 kal.
555 2127 640 2213 junii
656 2135 689 2192 a⁰
705 2135 747 2192 2⁰.
765 2129 780 2211 (
782 2134 814 2208 5,
833 2129 878 2211 3).

214 2283 458 2368 380-381.
1234 2315 1329 2380 1343,
1346 2317 1386 2379 ιφ
1405 2297 1482 2380 irrui.

208 2401 415 2488 Supplicatio
430 2421 613 2487 pauperum
629 2400 857 2466 clericorum...

209 2506 261 2570 De
283 2506 508 2571 Allemania...
1403 2569 1406 2575 .

208 2609 392 2690 Jobannes,
416 2609 502 2674 filius
526 2608 690 2686 Johannis
715 2608 853 2675 Pistoris
876 2609 918 2674 de
944 2607 1069 2674 Gravia
1086 2615 1105 2689 ²,
1134 2607 1294 2672 Leodien.
1323 2608 1419 2688 dioc,
1448 2608 1525 2693 [pro

164 2716 243 2778 ben.
258 2714 356 2800 eceb]
377 2714 420 2779 ad
436 2715 533 2780 coll...
550 2714 687 2798 capituli
704 2712 894 2798 Trajecten.

210 2817 370 2885 Nicolaus
401 2818 516 2904 Royer
545 2819 587 2885 de
617 2818 757 2905 Baquel,
785 2821 862 2885 cler.
893 2817 1053 2885 Leodien.
1085 2816 1182 2898 dioc,
1213 2819 1256 2885 ad
1286 2818 1361 2883 coll.
1387 2816 1525 2903 capituli

162 2923 323 2989 Leodien.
346 2960 377 2971 -
400 2921 476 2988 Fiat
493 2923 533 2988 R.
557 2964 584 2973 -
608 2925 743 3008 (5,11).

207 3088 285 3147 381.
310 3081 537 3147 Theodericus
559 3080 601 3149 de
629 3083 660 3145 le
686 3081 843 3147 Werdam
868 3080 910 3145 de
934 3080 1134 3165 Aquisgrani
1151 3089 1171 3160 ³,
1188 3081 1265 3145 cler.
1289 3079 1375 3144 dioc.
1392 3077 1526 3161 Trajec·

161 3197 242 3265 ten,
258 3186 343 3271 petit
358 3206 433 3251 can.
446 3194 481 3250 et
496 3188 588 3271 preb.
604 3186 687 3251 eccl.
703 3182 741 3249 Β.
759 3183 809 3249 Μ.
825 3183 1025 3269 Trajecten,
1042 3184 1134 3269 cujus
1149 3186 1243 3251 valor
1263 3204 1298 3268 15
1316 3184 1441 3249 march.
1457 3203 1526 3249 non

163 3289 305 3369 excedit,
331 3291 434 3373 [vac]
458 3310 517 3375 per
544 3292 597 3354 ob.
626 3288 787 3354 Florentii
812 3288 854 3354 de
880 3287 1020 3369 Jutfaes,
1047 3288 1140 3372 cujus
1165 3291 1242 3354 ben.
1259 3309 1317 3375 per
1332 3286 1525 3365 Johannem

163 3415 219 3479 pp.
242 3392 345 3458 XXII
369 3402 450 3459 ante
468 3395 539 3480 ejus
554 3397 608 3458 ob.
624 3403 795 3458 reservata
810 3392 954 3459 fuerunt.
971 3432 1013 3445 -
1032 3390 1108 3457 Fiat
1126 3391 1165 3459 R.

207 3498 286 3564 Dat.
302 3498 401 3563 Avin.
418 3518 456 3582 14
471 3496 538 3563 kal.
551 3498 635 3583 junii
652 3506 685 3563 a⁰
702 3506 744 3563 2⁰.
761 3499 810 3583 (5,
827 3499 892 3581 13).

214 3650 327 3738 382·
564 3718 567 3723 .
1234 3684 1251 3727 r
1254 3683 1295 3745 3,(
1295 3683 1328 3745 3,
1346 3684 1385 3745 24
1404 3662 1481 3726 mai.

208 3770 295 3855 Sign.
310 3771 488 3857 Adolphus
497 3781 517 3851 ⁴,
542 3770 644 3857 episc.
661 3768 831 3849 Leodien.,
853 3768 944 3853 quod
959 3768 1048 3834 dom.
1074 3767 1286 3845 Benedictus,
1311 3766 1525 3850 predecessor

162 3883 283 3956 vester,
300 3874 449 3960 providit
470 3895 544 3959 cap.
561 3895 622 3939 suo
637 3882 673 3938 et
688 3874 851 3939 continuo
866 3894 1050 3941 commens.
1069 3870 1258 3937 Renrboldo
1284 3870 1326 3934 de
1343 3868 1491 3954 Vlodorp
1503 3876 1522 3949 ⁵,

163 4000 237 4045 cau.
256 3979 427 4059 Leodien.,
443 3979 486 4045 de
500 3980 709 4067 prepositura
735 3980 817 4044 eccl.
844 3979 898 4044 SS.
912 3980 1154 4064 Apostolorum
1176 3974 1350 4041 Colonien.
1367 3982 1402 4038 et
1417 3973 1524 4039 voluit

163 4084 253 4168 quod
267 4092 446 4169 postquam
462 4084 641 4169 pacificam
656 4082 901 4168 possessionem
919 4081 1066 4167 ejusdem
1090 4078 1176 4144 foret
1199 4084 1380 4155 assecutus,
1397 4098 1472 4142 can.
1489 4085 1523 4141 et

162 4190 254 4273 preb.
271 4190 353 4253 eccl.
375 4186 413 4251 B.
440 4184 490 4253 M.
516 4187 692 4272 Aquensis,
715 4185 875 4252 Leodien.
901 4186 999 4263 dioc,
1021 4184 1190 4249 dimittere
1213 4189 1394 4246 teneretur.
1421 4180 1522 4264 Supp.

163 4291 439 4377 idemepiscopus
453 4292 544 4376 quod
568 4291 699 4376 prefato
726 4313 799 4379 cap.
820 4311 881 4356 suo
904 4289 947 4355 de
963 4288 1061 4353 dictis
1078 4306 1151 4352 can.
1167 4293 1201 4349 et
1216 4287 1309 4370 preb.
1325 4285 1406 4349 eccl.
1424 4282 1455 4349 S.
1473 4282 1521 4348 M.

162 4416 252 4462 nunc
271 4416 345 4462 vac.
360 4395 544 4481 dignemini
554 4396 739 4481 providere,
749 4417 818 4462 non
833 4397 918 4460 obst.
932 4390 1022 4477 quod
1031 4391 1121 4457 idem
1132 4388 1337 4454 Remboldus
1350 4386 1522 4453 abbatiam

163 4502 347 4566 secularem
371 4500 401 4564 S.
419 4499 576 4566 Rumoldi
599 4498 863 4580 Mechlinieusis,
888 4496 975 4563 dioc.
1003 4495 1229 4575 Cameracen,
1252 4493 1416 4559 canonico
1437 4490 1522 4558 Leo-

197 4740 218 4787 1.
240 4738 345 4796 Denitie,
362 4738 485 4797 (bunut,
507 4740 541 4797 II,
563 4742 617 4788 654.
631 4769 635 4773 -
656 4742 696 4788 -2.
709 4740 793 4798 Brom,
811 4754 836 4787 n.
849 4740 920 4787 1082.
933 4765 964 4771 —
977 4738 998 4786 3.
1018 4737 1045 4785 Τ.
1057 4736 1089 4784 rlc
1102 4735 1285 4784 Lcdordummc
1298 4735 1455 4797 (Leerdam),
1469 4736 1524 4783 roir

163 4812 248 4872 brom,
259 4826 286 4859 n.
300 4812 378 4871 18823
391 4813 492 4873 Kirscb,
504 4812 580 4873 Koa,
594 4816 650 4862 285.
661 4842 694 4848 -
705 4816 727 4861 4.
739 4812 859 4875 Ariolphe
869 4812 901 4861 dc
912 4812 938 4861 lu
951 4810 1046 4870 Mueck,
1060 4810 1156 4871 oreque
1168 4810 1191 4858 le
1204 4812 1234 4857 lo
1245 4810 1312 4857 avril
1326 4811 1393 4869 1313,
1404 4809 1428 4859 ·i·
1439 4812 1454 4857 3
1466 4823 1524 4857 nor.

164 4886 226 5007 ¹31?
239 4886 350 5007 (ξιιῖζοιξ
360 4886 380 4947 1,
394 4887 463 4950 311).
475 4916 506 4923 -
519 4890 541 4936 5.
553 4887 585 4937 dc
597 4888 692 4948 Tbeux,
706 4888 741 4947 11,
755 4888 843 4945 7374;
856 4885 956 4946 Kirsch,
970 4884 1044 4943 Isura,
1057 4886 1110 4945 351,
1124 4885 1178 4944 363,
1192 4886 1237 4932 36ῖ
1250 4899 1256 4943 ;
1270 4883 1417 4943 Sauerlnud,
1436 4882 1524 4932 iiheiu.

212 5068 276 5110 mar.
290 5068 339 5109 va
355 5068 416 5121 aug.
1464 5067 1477 5106 ε
