3650 5675
480 389 502 454 1.
525 423 564 438 -
587 389 678 458 Index
698 394 849 462 nominum
871 414 1064 478 personarum
1085 403 1116 466 ot
1136 400 1276 468 locorum.
1506 409 1562 476 801

203 547 357 624 Johannes
374 549 412 609 de
426 549 603 629 Valkeborg.
909 557 1064 634 Johannes
1079 562 1265 639 Espoussart

203 646 357 722 Johannes
371 649 410 707 de
424 648 599 726 Valomay0.
929 659 1063 719 ohannes
1079 661 1256 722 Evelbaren.

202 745 220 822 J

222 745 356 806 ohannes
370 747 409 806 de
423 746 577 808 Varennis.
908 658 1063 842 Jobannes
1078 769 1210 844 Evrardi,
1227 771 1267 832 de
1281 768 1527 850 Corretomagno.

221 843 356 904 ohannes
370 846 408 905 de
423 846 594 906 Varstusen.
907 863 1062 939 johannes
1076 866 1173 928 Fabri

907 961 925 1035 J

221 950 355 1011 ohannes
369 952 408 1011 de
423 953 516 1024 Vene,
531 953 647 1014 Venne.
927 961 1062 1023 ohannes
1077 964 1233 1042 Fauqueti.
1271 1040 1274 1045 y

222 1048 357 1110 ohannes
372 1051 410 1109 de
424 1051 544 1111 Vernia.
906 1059 1060 1134 Jobannes
1074 1064 1215 1125 Fauvelli.

220 1147 354 1208 ohannes
369 1147 407 1208 de
422 1148 564 1210 Verreria„
904 1157 1060 1232 Johannes
1075 1163 1100 1220 F
1100 1160 1233 1222 ierlokin.

199 1245 353 1321 Jobannes
367 1247 406 1306 de
420 1245 570 1306 Vesseria,
904 1256 1060 1331 Johannes
1074 1258 1138 1319 Fili.

199 1343 353 1419 Johannes
368 1345 406 1404 de
422 1344 595 1406 Villamuro.
875 1369 876 1372 ’
904 1354 1059 1430 Jobannes
1075 1357 1193 1418 Floreti.

199 1441 353 1516 Johannes
365 1443 406 1502 de
418 1442 587 1504 Villaribus.
903 1453 1059 1529 Johannes
1074 1455 1182 1517 Flouri.

201 843 219 919 J

201 950 219 1027 J

201 1048 219 1124 J

200 1147 218 1224 J

201 1539 358 1614 Johannes
371 1541 411 1602 de
425 1539 529 1602 vinea„
904 1559 1059 1635 Jobannes
1075 1561 1188 1636 Folieti,
1206 1566 1245 1625 de
1257 1564 1403 1628 Waseriis.

201 1638 217 1714 J
220 1638 354 1698 Ohffines
369 1639 407 1699 de
421 1639 600 1716 Vi¹0¹¹V⁸J0·
701 1739 703 1742 Ι
904 1667 1059 1742 Johannes
1073 1669 1223 1750 Franqois‚
1238 1673 1279 1734 de
1292 1673 1517 1754 Ghislenghien.

200 1735 217 1811 J
220 1736 355 1796 Ohansses
370 1739 408 1798 de
423 1739 589 1816 erchgess·
903 1766 1061 1841 Johannes
1076 1770 1242 1831 Franconis
1257 1771 1405 1836 Mercerii.

200 1843 354 1920 Johannes
369 1845 407 1904 de
421 1846 528 1923 Vulpe,
544 1846 581 1906 al.
597 1844 756 1924 Tinguery.
903 1865 1058 1942 Johannes
1073 1869 1232 1947 Frongffi

199 1950 354 2026 Johannes
368 1954 407 2013 de
422 1952 595 2014 Wambeloe.
902 1966 1060 2043 Johannes
1074 1969 1235 2032 Galebrun.

198 2050 353 2126 Johannes
368 2051 407 2110 de
421 2053 615 2112 Warmerrua.
903 2065 1059 2140 Iohannes
1073 2067 1205 2130 Galterii.

198 2149 352 2226 Johannes
368 2150 407 2209 de
422 2151 554 2227 Wasege.
925 2165 1061 2224 ohannes
1077 2165 1212 2226 Galvani.

202 2256 356 2332 Johannes
372 2257 409 2316 de
424 2257 574 2329 Wavrans,
590 2257 624 2317 aL
643 2257 771 2335 Aragon.
875 2287 876 2297 ¹
925 2265 1060 2323 ohannes
1075 2264 1188 2326 Garini.

905 2164 923 2239 J

905 2264 923 2338 J

199 2355 353 2431 Johannes
368 2355 406 2414 de
422 2354 548 2414 Wavrin.
906 2360 1061 2436 Johannes
1077 2361 1217 2434 Caudini,
1233 2361 1273 2422 de
1289 2364 1435 2424 Bruxella.

906 2466 924 2543 J

906 2567 924 2641 J

199 2460 353 2535 Johannes
367 2462 407 2521 de
422 2459 529 2520 Wellis.
926 2467 1061 2527 ohannes
1076 2469 1151 2548 Gay,
1165 2469 1202 2528 al.
1218 2468 1258 2532 de
1280 2470 1477 2531 Malomonte.

200 2559 354 2634 Johannes
369 2560 407 2619 de
422 2558 589 2619 Werdreka.
926 2565 1061 2626 ohannes
1076 2566 1210 2639 Gerardi‚
1225 2569 1354 2630 Geraldi.

201 2657 354 2733 Johannes
369 2659 407 2717 de
422 2659 513 2717 West.
906 2664 1060 2740 Jobannes
1075 2665 1218 2727 GervasiL
1300 2682 1303 2688 ·

202 2757 355 2832 Jobannes
371 2757 410 2817 de
424 2757 559 2818 Wichen.
906 2762 1060 2838 Johannes
1074 2763 1207 2839 Gherais‚
1222 2766 1263 2830 de
1278 2765 1423 2828 Bruxella„

201 2864 355 2940 Johannes
370 2866 409 2925 de
424 2865 637 2937 Wickenvorst‚
660 2863 852 2925 Wiekevorst.
905 2861 1060 2939 Johannes
1074 2862 1209 2924 Gilberti.

202 2962 356 3037 Johannes
371 2964 409 3024 de
423 2964 460 3021 W
461 2983 488 3023 o.
905 2961 1061 3037 Iohannes
1075 2961 1235 3024 Girardini.

200 3060 354 3137 Johannes
368 3062 407 3123 de
421 3063 555 3122 Wulven.
906 3060 1060 3135 Iohannes
1074 3061 1201 3123 Greelle.

200 3158 355 3234 Johannes
370 3161 409 3220 de
424 3160 626 3239 Ydderghem.
905 3159 1060 3235 Johannes
1075 3160 1219 3237 Gregorii.

201 3257 355 3335 Johannes
370 3258 408 3318 de
422 3258 638 3320 Yliartzhoven.
904 3256 1059 3331 Johannes
1073 3257 1228 3318 Guibrant

201 3356 355 3431 Johannes
369 3356 407 3417 de
421 3358 507 3417 Ysca.
904 3354 1060 3430 Jobannes
1074 3354 1265 3431 Guidouche,
1278 3356 1450 3419 Guiduchii.

200 3454 355 3530 Johannes
369 3457 408 3516 de
419 3454 590 3542 ZantvlieJe.
906 3453 1060 3528 Johannes
1076 3453 1251 3515 GuilabertL

200 3553 354 3629 Johannes
370 3553 562 3614 Doinvrelier.
906 3550 1061 3625 Johannes
1076 3550 1238 3612 Guillelmi.

201 3652 355 3728 Johannes
373 3653 566 3731 Dolbesteyn.
907 3656 1063 3731 Johannes
1077 3656 1238 3731 Guillelmi‚
1256 3658 1295 3719 de
1310 3658 1406 3719 Bioul.
1488 3728 1494 3735 ,

200 3759 354 3834 Johannes
372 3762 494 3833 Doroer,
510 3764 547 3821 al.
563 3762 602 3823 de
623 3759 770 3823 Oratorio.
906 3765 1061 3840 Jobannes
1075 3764 1222 3839 Guitardi,
1239 3765 1399 3827 Guittardi.

200 3858 353 3935 Johannes
370 3860 506 3919 Doubus.
907 3863 1061 3939 Jobannes
1076 3863 1253 3924 Guldeneir.

201 3956 355 4033 Johannes
369 3958 430 4017 dou
446 3957 537 4019 Carti.
906 3961 1062 4038 Johannes
1074 3962 1143 4022 Hac
1158 3960 1282 4042 (Haec).

201 4055 356 4129 Johannes
366 4056 407 4115 du
423 4056 447 4119 C
450 4056 581 4117 hastelle.
906 4060 1061 4136 Johannes
1076 4060 1250 4121 Haenzanc.

201 4153 355 4228 Johannes
369 4155 411 4214 du
426 4154 514 4216 Crok.
905 4157 1059 4232 Johannes
1076 4159 1174 4218 Halle.

201 4252 355 4329 Johannes
372 4252 519 4312 Dulhuus.
906 4255 1060 4330 Johannes
1077 4252 1244 4317 Halouseti.

201 4350 355 4426 Johannes
371 4350 494 4410 Dullart.
906 4354 1060 4429 Johannes
1076 4354 1240 4414 Hamelart

201 4448 354 4525 Johannes
369 4449 410 4508 du
426 4448 543 4509 Portail.
905 4452 1061 4527 Johannes
1077 4453 1233 4513 Hanacon

200 4546 355 4622 Johannes
369 4547 411 4606 du
427 4546 491 4606 Val.
904 4550 1060 4626 Johannes
1076 4549 1227 4610 Hanikiel.

221 4645 356 4705 ohannes
372 4643 470 4722 Egidii
484 4646 590 4705 Surles.
905 4650 1059 4725 Johannes
1074 4650 1194 4709 Hanke.

202 4646 356 4829 Johannes
371 4752 527 4814 Ellebode.
593 4766 597 4773 '
906 4747 1061 4825 Johannes
1077 4746 1255 4809 Hardunch.

202 4852 220 4929 J

223 4852 359 4913 ohannes
375 4853 456 4930 Elye.
907 4856 1064 4931 Johannes
1080 4856 1237 4934 Hayeken.

256 4960 318 5003 And.
334 4960 382 5003 vat.
399 4959 460 5011 3213.
