3650 5675
728 445 965 520 1341131111.
1074 497 1076 502 .
1487 451 1565 551 ro..
1600 504 1604 512 .

159 619 249 679 can,
265 601 358 684 preb.
374 607 410 662 et
426 596 670 683 preposituram
687 596 884 663 Guillelmus
899 598 942 663 de
966 596 1144 681 Callerin0,
1172 600 1259 681 cler,
1288 603 1413 685 absque
1436 601 1546 686 justo.

158 702 263 766 titulo
278 710 313 767 et
329 701 495 766 canonica
513 700 734 782 institutione,
751 701 785 765 in
802 701 893 767 dicta
909 704 991 767 eccl.
1008 702 1050 768 de
1067 703 1158 769 facto
1180 704 1310 770 detinet
1333 714 1544 791 occupatos,

157 805 272 870 eidem
290 804 392 870 Petro
410 804 603 889 Raymundi
628 804 813 888 dignemini
840 805 1040 890 providere;
1068 826 1136 871 non
1164 810 1250 872 obst.
1278 808 1368 891 quod
1395 828 1468 873 can.
1493 815 1528 874 et

157 911 254 993 preb.
278 907 311 970 in
329 909 411 972 eccl.
441 905 620 989 Morinen.,
647 929 686 974 ac
706 917 924 994 personatum
951 909 993 974 de
1019 909 1125 990 Enoc,
1155 907 1324 976 Morinen.
1351 910 1448 992 dioc,
1474 912 1526 977 cui

159 1011 357 1098 personatui
374 1032 454 1077 cura
470 1032 539 1077 non
564 1008 932 1092 imminet'animarum,
959 1033 1022 1078 nec
1050 1013 1198 1099 ejusdem
1219 1014 1344 1080 buctus
1347 1065 1397 1080 .....
1415 1036 1455 1080 20
1471 1017 1526 1082 lib.

161 1115 265 1180 Paris.
280 1116 396 1180 valent
414 1117 639 1181 communiter
654 1116 840 1197 annuatim,
857 1117 1008 1182 obtinere
1033 1126 1201 1199 noscatur,
1229 1125 1263 1183 et
1279 1117 1370 1202 quod
1394 1119 1428 1182 in
1444 1121 1526 1185 eccl.

161 1220 344 1285 Camoten.
373 1227 409 1285 et
424 1220 562 1286 Oloren.
577 1228 667 1286 auct.
683 1229 794 1286 vestra
810 1221 932 1286 existat
948 1241 1022 1286 can.
1040 1223 1101 1285 sub
1116 1241 1191 1306 exp.
1207 1223 1310 1306 preb,
1334 1230 1369 1286 et
1386 1223 1421 1286 in
1437 1223 1527 1288 dicta

160 1323 344 1389 Camoten.
361 1326 423 1389 sub
439 1345 515 1410 exp.
530 1326 608 1389 ben.
624 1345 682 1389 seu
697 1324 753 1390 off.
770 1345 795 1389 s
814 1344 843 1389 c.
861 1361 893 1372 -
912 1322 989 1388 Fiat
1007 1323 1046 1388 R.

206 1426 286 1492 Dat.
302 1427 402 1492 Avin.
419 1450 438 1510 4
455 1425 499 1494 id.
514 1427 593 1493 maii
609 1435 643 1493 a⁰
663 1436 702 1493 1⁰.
720 1431 769 1512 (2,
790 1431 876 1513 184).

211 1564 322 1648 373·
1234 1600 1253 1644 1
1255 1601 1295 1664 34
1296 1602 1329 1665 3,
1348 1602 1387 1664 13
1406 1604 1482 1648 anae.

206 1680 261 1745 δ”*
273 1681 383 1746 Pater.
398 1681 536 1746 Dudum
553 1681 584 1746 S.
601 1681 641 1748 V.
658 1683 737 1749 lecit
755 1704 802 1768 gr.
821 1681 959 1768 Hugoni
976 1684 1018 1749 de
1035 1683 1163 1764 Boisso,
1181 1684 1271 1764 cler,
1287 1683 1329 1750 de
1345 1694 1527 1770 personatu

161 1785 205 1850 de
233 1785 361 1867 Henes,
385 1785 575 1851 Tomacen.
590 1797 602 1822 ⁸
619 1787 716 1867 dioc,
740 1788 829 1873 apud
854 1788 969 1854 sedem
996 1798 1111 1874 apost.
1133 1798 1214 1854 tunc
1241 1809 1335 1868 vac.;
1362 1789 1420 1854 sed
1435 1789 1525 1873 quod

163 1911 242 1956 cura
257 1884 446 1955 animarum
461 1891 554 1956 dicto
569 1893 762 1976 personatui
779 1893 970 1957 immineret
994 1894 1086 1958 nulla
1110 1893 1238 1957 mentio
1254 1892 1345 1957 facta
1360 1891 1423 1958 fuit
1439 1899 1448 1925 ¹
1465 1915 1473 1972 ;
1491 1900 1525 1956 et

163 2015 254 2059 nunc
269 1995 314 2060 ad
338 1995 497 2066 notitiam
514 1995 616 2080 ipsius
639 1996 804 2081 pervenit,
831 1995 922 2080 quod
948 1996 1041 2062 dicto
1057 1996 1250 2083 personatui
1278 2016 1356 2061 cura
1371 1995 1526 2060 imminet

163 2098 360 2164 animarum.
378 2097 515 2163 Etcum
533 2098 573 2164 V.
589 2100 621 2165 S.
636 2100 730 2165 dicto
758 2099 895 2184 Hugoni
921 2101 1049 2166 dictum
1073 2108 1291 2186 personatum
1318 2100 1524 2181 contulisset,

162 2202 266 2266 etiam
282 2203 308 2266 si
326 2196 541 2287 expressisset
567 2204 657 2288 quod
672 2224 751 2268 cura
767 2204 954 2270 animarum
970 2204 1078 2270 eidem
1096 2205 1287 2290 personatui
1310 2203 1499 2268 immineret
1515 2226 1524 2284 ;

161 2327 258 2392 supp.
287 2315 378 2390 quat.
394 2306 504 2372 eidem
520 2307 559 2373 V.
575 2309 711 2392 placeat
737 2307 769 2373 S.
785 2308 965 2389 declarare,
982 2309 1072 2392 quod
1098 2309 1190 2375 dicta
1217 2308 1355 2374 collatio
1380 2308 1523 2373 eundem

160 2411 313 2494 vigorem
328 2411 483 2475 obtineat
499 2419 534 2475 et
549 2411 688 2497 perinde
704 2413 817 2476 valeat
827 2419 862 2476 et
871 2420 988 2477 teneat
1005 2413 1107 2477 etiam
1123 2421 1258 2492 extunc,
1274 2432 1314 2477 ac
1330 2412 1356 2476 si
1372 2419 1525 2496 tempore

161 2513 354 2578 collationis
370 2514 586 2601 expressisset
612 2515 703 2604 quod
727 2535 806 2581 cura
833 2516 1021 2580 animarum
1045 2515 1137 2580 dicto
1152 2511 1344 2600 personatui
1372 2515 1526 2580 immine·

161 2619 245 2696 bat;
270 2637 346 2682 cum
371 2637 440 2683 non
464 2618 676 2684 obstantibus
692 2627 726 2683 et
748 2619 820 2684 aliis
836 2619 990 2684 clausulis
1006 2618 1180 2703 oportunis
1195 2641 1203 2697 ;
1221 2625 1255 2681 et
1280 2617 1369 2700 quod
1393 2636 1526 2681 exnunc

160 2729 196 2784 et
212 2740 282 2785 non
289 2729 389 2785 antea
405 2729 514 2786 cunat
525 2721 586 2786 sibi
603 2730 736 2807 tempus
745 2722 789 2787 ad
804 2741 917 2787 sacros
933 2721 1065 2787 ordines
1080 2719 1318 2807 suscipiendos
1333 2759 1377 2768 -—
1393 2717 1470 2784 Fiat
1484 2719 1525 2785 R.

207 2824 285 2890 Dat
300 2825 399 2891 Avin.
417 2847 434 2909 3
452 2825 496 2893 id.
511 2825 591 2891 maii
608 2834 642 2891 a⁰
661 2833 700 2890 1⁰.
719 2826 768 2911 (2,
789 2826 864 2909 182)

215 2964 329 3049 374.
1232 2993 1250 3037 1
1253 2992 1294 3055 34
1294 2992 1327 3055 3,
1344 2992 1384 3055 13
1402 2972 1479 3036 mai.

205 3081 307 3166 Supp.
322 3082 433 3147 Adam
459 3080 624 3157 Johannis
650 3080 692 3145 de
717 3078 853 3145 Urcbiis
868 3092 889 3159 ²,
913 3086 1110 3164 procurator
1125 3077 1219 3143 ducis
1246 3074 1461 3159 Lotharingie
1485 3094 1524 3139 ac

161 3205 254 3270 perp.
271 3205 345 3270 cap.
361 3184 538 3270 hospitalis
562 3183 604 3249 de
629 3181 778 3264 Wavrin,
794 3182 984 3247 'l'ornacen
1011 3181 1108 3260 dioc,
1125 3188 1217 3265 quat.
1234 3179 1295 3244 sibi
1322 3179 1364 3244 de
1391 3198 1465 3242 can.
1490 3185 1536 3249 et,

160 3291 254 3373 preb.
270 3289 352 3354 eccl.
369 3288 400 3354 S.
417 3286 466 3353 M.
484 3285 688 3371 Magdalene
704 3284 885 3351 Virdunen.
896 3306 976 3351 ivae.
1002 3286 1054 3349 vel
1083 3291 1193 3349 vacat.
1208 3281 1391 3366 dignemini
1414 3280 1526 3366 provi-

161 3392 252 3473 dere,
267 3412 337 3457 non
353 3394 439 3457 obst.
456 3391 546 3475 quod
562 3391 643 3455 eccl.
658 3388 701 3454 de
728 3389 888 3474 Dompno
904 3386 1059 3473 Remigio
1076 3408 1116 3451 ac
1132 3406 1207 3453 can.
1223 3395 1258 3452 et
1270 3388 1361 3471 preb.
1385 3386 1466 3450 eccl.
1482 3384 1526 3449 de

162 3494 318 3581 Briceyo,
334 3495 466 3560 Tullen.
482 3494 580 3574 dioc,
596 3492 745 3557 noscitur
760 3492 923 3557 obtinere.
940 3525 983 3534 -
1000 3489 1076 3555 Fiat
1093 3489 1133 3555 R.

209 3600 286 3666 Dat.
302 3601 399 3666 Avin.
417 3622 434 3684 3
451 3599 495 3665 id.
510 3597 591 3663 maii
607 3604 641 3663 a⁰
661 3604 700 3663 1⁰.
717 3598 767 3681 (2,
788 3596 887 3679 189l'.)

215 3740 324 3825 375
1227 3761 1245 3805 1
1247 3760 1288 3823 34
1289 3760 1321 3822 3,
1340 3758 1378 3820 13
1405 3739 1481 3801 urai.

209 3858 309 3944 Supp.
325 3856 472 3934 Jacobus
487 3854 530 3919 de
546 3852 675 3932 Vicino,
692 3851 735 3917 de
752 3849 935 3929 Placentia,
952 3868 1026 3931 cap.
1045 3845 1083 3909 V.
1100 3845 1131 3909 S.
1148 3861 1340 3920 commens,
1358 3846 1448 3923 quat.
1464 3838 1526 3905 sibi

162 3962 296 4028 decan.
312 3962 455 4046 etpreb.
471 3957 554 4023 eccl.
571 3956 602 4020 S.
621 3954 759 4020 Martini
786 3952 965 4031 Turonen,
982 3971 1054 4015 vac.
1079 3968 1138 4033 per
1162 3946 1300 4010 liberam
1322 3943 1442 4027 resign.
1459 3942 1526 4008 fac-

162 4076 235 4131 tam
252 4066 285 4129 in
300 4065 455 4130 manibus
471 4061 512 4127 R.
530 4060 566 4126 P.
582 4060 673 4125 dom.
688 4056 854 4136 Johannis
869 4056 911 4121 de
928 4054 1128 4138 Columpna,
1146 4050 1177 4115 S.
1187 4048 1306 4132 Angcli
1324 4046 1409 4112 diac.
1426 4045 1525 4125 card„

162 4178 200 4235 et
214 4168 419 4235 auctoritate
435 4166 466 4231 S.
486 4164 523 4229 V.
540 4172 711 4249 receptam
727 4161 864 4227 oraculo
879 4160 957 4223 vive
981 4156 1074 4222 vocis
1099 4174 1159 4240 per
1180 4153 1210 4217 S.
1237 4151 1276 4216 V.
1304 4150 1413 4215 eidem
1434 4148 1525 4213 dom.

163 4274 254 4340 oerd.
266 4273 368 4354 facto,
380 4292 441 4357 per
452 4268 692 4355 Raymundum
705 4265 894 4331 Cremazuti
907 4263 949 4329 de
961 4262 1087 4326 Sancto
1099 4256 1263 4337 Andeolo,
1274 4262 1526 4341 procuratorem

165 4377 258 4444 dom.
273 4375 403 4441 Alberti
420 4373 511 4439 Scoti
528 4372 571 4437 de
587 4370 768 4450 Placentia,
785 4377 867 4435 tunc
882 4388 958 4433 can.
975 4366 1066 4451 preb.
1082 4362 1116 4427 in
1141 4360 1271 4447 prelata
1287 4359 1368 4423 eccl.
1385 4356 1416 4422 S.
1435 4356 1526 4423 Mar-

164 4479 239 4560 tini,
255 4478 443 4566 specialiter
458 4476 501 4543 ad
515 4474 781 4541 renunciandum
798 4481 833 4537 et
855 4468 1089 4556 resignandum
1117 4466 1227 4535 dictos
1243 4484 1316 4530 can.
1332 4470 1367 4527 et
1382 4464 1474 4547 preb.
1492 4461 1524 4527 in

200 4678 229 4737 a)
245 4676 303 4727 (lid.
315 4678 470 4725 Toumacen.

204 4897 225 4945 1.
237 4896 300 4945 Voir
311 4910 336 4946 n.
349 4897 379 4945 7⁴
392 4912 399 4954 ;
418 4894 479 4958 Rep.
492 4893 575 4954 Ari-n,
588 4895 626 4955 136,
639 4891 814 4940 11311119.
827 4916 858 4923 —
870 4890 892 4937 2.
905 4887 966 4949 Voir
978 4900 1002 4933 1.
1015 4885 1070 4933 276.
