3650 5675
719 530 806 602 1349,
830 529 869 592 22
891 529 960 594 mai.
1459 535 1520 598 445

208 687 309 748 1698.
334 677 424 764 Mag.
440 678 571 757 Jacobo
587 679 685 746 Fabri
709 681 751 746 de
777 679 1005 762 Minon'curia,
1028 683 1245 750 Attrebaten.
1258 684 1356 766 dioc,
1380 685 1422 750 de
1444 689 1521 751 ben.

162 785 244 851 eccl.
260 803 289 849 c.
306 803 335 849 c.
350 791 427 863 etc,
444 783 488 849 ad
503 784 579 849 coll.
595 793 660 850 etc.
673 784 791 850 decani
805 792 840 849 et
855 785 994 870 capituli
1007 785 1045 852 B.
1059 786 1150 852 Petri
1166 787 1209 853 de
1227 786 1385 870 Luthosa,
1403 787 1522 854 Carne-

162 908 273 954 racen.
289 886 375 952 dioc.
390 909 400 967 3
416 906 485 951 non
513 889 599 953 obst.
625 887 716 973 quod
742 888 896 973 parroch.
920 891 1002 955 eccl.
1027 889 1070 955 de
1096 891 1281 972 Auchiaco,
1307 893 1520 960 Attrebaten.

162 991 259 1071 dioc,
272 990 413 1070 obtinet,
437 991 530 1076 cujus
551 990 677 1057 fructus
698 992 882 1057 secundum
904 993 1116 1059 taxationem
1139 995 1270 1061 decime
1294 1015 1333 1080 35
1357 996 1429 1062 libr.
1452 1018 1520 1062 non

162 1095 329 1161 excedunt
342 1117 352 1176 ;
369 1115 470 1178 quam
484 1106 674 1180 permutare
688 1096 812 1175 valeat,
828 1095 854 1160 si
871 1096 995 1162 virtute
1017 1099 1182 1184 presentis
1196 1099 1302 1184 gratie
1318 1100 1519 1166 beneficium

162 1207 313 1265 curatum
339 1197 448 1285 ipsum
467 1199 645 1284 contigerit
667 1208 854 1285 acceptare.
875 1240 920 1250 —
948 1199 1087 1268 Habeat
1113 1205 1157 1268 ad
1179 1204 1255 1268 coll.
1279 1203 1522 1290 archiepiscopi

163 1301 421 1386 Rotnomagen.
437 1301 479 1367 de
495 1301 576 1367 data
592 1323 609 1383 9
625 1301 693 1368 kal.
706 1302 790 1387 Junii
807 1310 841 1368 a⁰
857 1305 899 1369 8⁰.

207 1447 309 1508 1699.
326 1437 417 1524 Mag.
435 1438 573 1524 Hugoni
590 1439 743 1522 Gochon,
761 1440 978 1508 Cameracen.
995 1443 1092 1525 dioc,
1109 1444 1151 1509 de
1163 1446 1240 1510 ben.
1256 1446 1339 1511 0001.
1355 1465 1384 1510 0.
1400 1466 1430 1512 c.
1445 1453 1522 1528 etc,

163 1544 207 1611 ad
222 1544 299 1609 coll.
315 1550 380 1608 etc.
395 1543 526 1608 abbatis
553 1551 588 1608 et
603 1553 791 1610 conventus
806 1546 1000 1611 monasterii
1016 1547 1048 1612 S.
1063 1547 1211 1613 Amandi
1228 1548 1262 1613 in
1279 1548 1415 1631 Pabula,
1432 1549 1474 1617 Ο.
1490 1551 1521 1616 S.

164 1647 213 1730 Β,
229 1647 416 1712 Tomacen.
432 1646 519 1713 dioc.
535 1670 544 1728 ;
560 1668 630 1713 non
647 1651 733 1714 obst.
749 1649 839 1733 quod
862 1652 1028 1736 capellan.
1052 1671 1145 1737 perp.
1161 1651 1196 1715 in
1212 1653 1464 1739 eccl.'parroch.
1480 1654 1522 1718 de

164 1749 322 1836 Raymes,
337 1750 549 1816 Attrebaten.
579 1750 676 1832 dioc,
693 1752 786 1837 cujus
809 1752 935 1818 fructus
961 1753 994 1819 in
1018 1753 1129 1820 studio
1152 1755 1329 1822 residendo
1356 1777 1523 1823 summam

163 1856 281 1921 decem
306 1854 416 1920 librar.
439 1853 563 1920 Turon.
589 1875 658 1920 non
686 1855 865 1937 excedunt,
891 1858 1041 1923 noscitur
1067 1858 1227 1925 obtinere.
1260 1896 1292 1906 -
1322 1859 1460 1927 Habeat
1485 1870 1523 1926 ut

163 1979 271 2044 supra.

211 2105 313 2166 1700.
330 2095 422 2180 Mag.
438 2094 458 2173 J
461 2095 587 2160 ohanni
603 2095 645 2162 de
661 2096 828 2180 Bondues,
851 2096 1066 2166 Cameracen.
1082 2099 1179 2180 dioc,
1192 2099 1235 2165 de
1257 2102 1334 2168 ben.
1349 2104 1432 2168 eccl.
1449 2123 1477 2168 c.
1494 2123 1522 2168 c.

165 2210 230 2266 etc.
247 2201 291 2266 ad
306 2199 523 2266 collationem
539 2207 604 2265 etc.
620 2201 790 2286 prepositi,
807 2201 937 2283 decani,
953 2209 989 2268 et
1012 2203 1148 2290 capituli
1165 2224 1206 2269 ac
1227 2203 1424 2271 thesaurarii
1441 2207 1522 2272 eccl.

164 2305 394 2386 Cameracen.,
410 2305 555 2369 etiamsi
571 2305 605 2369 in
622 2307 704 2371 eccl.
720 2306 907 2372 cathedrali
923 2330 931 2386 ;
948 2327 1018 2372 non
1045 2310 1130 2373 obst.
1156 2307 1247 2392 quod
1272 2311 1423 2394 parroch.
1440 2313 1522 2377 ecel.

162 2411 206 2476 de
222 2410 370 2491 Foresta,
387 2408 477 2474 dicte
492 2409 589 2490 dioc,
605 2411 754 2475 noscitur
769 2410 932 2477 obtinere.
948 2451 991 2460 —
1008 2409 1147 2477 Habeat
1161 2411 1205 2477 ad
1220 2413 1296 2478 coll.
1311 2413 1472 2498 prepositi
1488 2423 1522 2480 et

162 2512 358 2578 thesaurarii
373 2511 601 2598 predictorum
616 2533 693 2578 curn
709 2513 767 2578 illa
783 2515 931 2580 clausula
954 2515 1176 2580 communiter
1198 2517 1253 2581 vel
1276 2515 1418 2598 divisim,
1435 2525 1472 2582 ut
1488 2519 1522 2582 in

163 2617 280 2682 sonna.

208 2760 306 2821 1701.
324 2750 417 2836 Mag.
435 2751 582 2818 Ratoldo
598 2752 738 2819 Henrici
754 2752 797 2818 de
812 2754 1084 2840 Zevenberghen,
1101 2755 1262 2822 Leodien.
1278 2756 1376 2840 dioc,
1388 2756 1431 2822 de
1447 2777 1521 2823 can.

163 2867 198 2923 et
213 2860 305 2944 preb.
324 2856 413 2943 [vac.
429 2857 484 2921 vel
499 2857 640 2945 vacat.],
656 2859 754 2923 simul
777 2861 833 2924 vel
859 2858 1001 2937 divisim,
1026 2858 1060 2922 in
1087 2857 1240 2925 districtu
1265 2858 1444 2925 Zeelandie
1467 2861 1522 2925 vel

164 2960 359 3042 Hollandie‚
382 2960 469 3027 dioc.
491 2960 690 3047 Trajecten,
718 2985 794 3030 cum
820 2961 985 3028 beneficio
1013 2961 1222 3047 acceptando
1248 2962 1358 3029 dictos
1384 2964 1521 3030 canoni-

163 3077 277 3132 catum
292 3074 306 3099 ·
320 3074 355 3132 et
369 3067 577 3152 prebendam
599 3068 807 3154 conjunctim
827 3067 883 3131 vel
898 3065 1041 3146 divisim,
1058 3085 1136 3131 eum
1158 3065 1230 3131 aliis
1253 3067 1408 3133 clausulis
1423 3087 1520 3154 opor-

162 3169 253 3235 tunis
267 3192 276 3251 ;
292 3190 362 3235 non
378 3173 464 3236 obst.
491 3171 687 3257 capellania,
703 3192 804 3256 quam
827 3170 975 3235 noscitur
999 3169 1033 3232 in
1059 3170 1150 3235 curia
1173 3169 1300 3235 domini
1327 3169 1369 3236 de
1393 3170 1521 3237 Zeven·

162 3274 309 3357 berghen
325 3273 499 3354 obtinere;
517 3274 609 3359 cujus
631 3274 756 3340 fructus
786 3279 824 3339 16
851 3293 1030 3360 parvorum
1053 3272 1207 3339 florenor.
1235 3295 1402 3339 summam
1425 3276 1521 3341 annis

161 3378 298 3463 singulis
312 3398 381 3443 non
397 3366 575 3444 excedu'nt.
586 3416 618 3426 -
640 3378 778 3444 Habeat
794 3399 868 3444 can.
884 3379 945 3443 sub
962 3398 1037 3463 exp.
1054 3379 1147 3462 preb.
1164 3376 1197 3441 in
1215 3376 1366 3444 districtu
1381 3378 1521 3445 Zeelan-

160 3482 215 3548 die
232 3483 286 3546 vel
303 3480 496 3563 Hollandie‚
513 3482 600 3548 dioc.
616 3481 814 3567 Trajecten,
830 3483 884 3546 vel
901 3481 945 3547 ad
961 3481 1036 3546 coll.
1056 3501 1173 3546 eorum
1200 3482 1242 3547 de
1264 3484 1430 3549 beneficio
1447 3505 1476 3550 0.
1492 3504 1521 3549 c.

159 3587 215 3650 vel
231 3606 256 3650 s
275 3605 303 3651 0.
320 3586 528 3671 conjunctim
543 3587 598 3650 vel
613 3586 745 3652 divisim
761 3593 799 3650 ut
815 3586 848 3650 in
865 3584 972 3651 forma
989 3584 1058 3669 (19,
1078 3586 1182 3670 2091).

208 3748 309 3809 1702.
327 3739 420 3826 Mag.
443 3740 591 3818 Johanni
614 3743 657 3808 de
673 3742 810 3823 Palude,
836 3742 1020 3827 presbitero
1044 3740 1232 3808 Tomacen.
1256 3743 1354 3823 dioc,
1379 3742 1421 3809 de
1445 3744 1522 3808 ben.

162 3846 291 3911 00010.
308 3866 337 3911 c.
353 3854 429 3926 etc,
445 3845 488 3911 ad
504 3846 579 3911 coll.
596 3855 661 3911 etc.
678 3846 826 3932 episcopi
850 3844 1010 3911 Leodien.
1026 3867 1035 3925 ;
1062 3866 1132 3911 non
1148 3847 1234 3911 obst.
1251 3845 1342 3930 quod
1358 3845 1522 3931 capellan.

163 3948 197 4013 in
213 3950 296 4014 0001.
311 3949 463 4034 parroch.
487 3947 525 4013 B.
543 3946 592 4014 M.
609 3949 806 4031 (laudensis,
821 3948 1010 4015 Tomacen.
1026 3948 1123 4029 dioc,
1139 3947 1288 4013 noscitur
1304 3947 1464 4014 obtinere.
1486 3984 1518 3994 -

164 4051 301 4119 Habeat
315 4060 353 4119 ut
368 4052 402 4118 in
419 4052 536 4134 forma,
552 4054 594 4118 de
611 4073 629 4133 9
645 4051 713 4117 kal.
732 4051 847 4139 [junii]
865 4058 898 4116 a⁰
914 4054 958 4117 8⁰.

303 4259 311 4273 .
328 4207 419 4295 Mag.
435 4208 455 4286 J
458 4208 583 4275 ohanni
599 4208 745 4289 Bruuue,
768 4210 954 4295 presbitero
969 4208 1160 4275 Tomacen.
1176 4206 1273 4286 dioc,
1290 4206 1424 4272 deberi.
1441 4207 1523 4273 eccl.

161 4332 186 4376 s.
203 4332 243 4393 c.,
259 4311 302 4377 ad
317 4313 393 4378 coll.
420 4312 580 4398 prepositi
607 4322 643 4377 et
669 4311 807 4397 capituli
833 4314 915 4377 eccl.
941 4311 973 4377 S.
995 4309 1178 4377 Pharaildis
1205 4308 1404 4391 GandensiS,
1433 4309 1522 4375 dicte

161 4414 259 4496 dioc,
275 4415 501 4482 communiter
515 4423 605 4497 etc.;
631 4436 701 4480 non
729 4418 815 4480 obst.
840 4414 931 4498 quod
956 4415 1108 4500 parroch.
1134 4415 1215 4479 eccl.
1237 4412 1280 4477 dc
1295 4411 1522 4498 Zewerghem,

162 4518 311 4602 ejusdem
327 4518 425 4600 dioc,
441 4520 605 4585 obtineat.
620 4560 664 4569 —
681 4516 820 4583 Habeat
836 4518 1059 4583 communiter
1081 4518 1135 4582 vel
1155 4516 1287 4582 divisim
1302 4516 1389 4581 utin
1406 4515 1522 4583 forma.

209 4678 313 4740 1704.
331 4671 423 4759 Mag.
439 4672 460 4750 J
462 4673 586 4739 ohanni
610 4672 761 4739 Fauvelli
777 4672 800 4755 ¹³,
824 4674 1037 4739 Attrebaten.
1061 4671 1159 4753 dioc,
1175 4670 1217 4736 de
1240 4672 1317 4735 ben.
1346 4691 1375 4736 0.
1392 4690 1428 4745 0.Ι
1445 4678 1521 4752 etc,

163 4784 339 4862 spectante
354 4785 419 4843 etc.
435 4775 479 4844 ad
495 4779 571 4844 coll.
586 4784 651 4844 etc.
675 4778 820 4844 cantoris
841 4785 877 4842 et
899 4776 1037 4863 capituli
1060 4778 1143 4843 eccl.
1166 4774 1206 4842 B.
1229 4772 1279 4841 M.
1295 4774 1336 4840 de
1364 4774 1520 4861 StampiS,

194 4962 223 5025 a)
244 4962 302 5013 (bd.
313 4964 477 5014 decanatum.
489 4990 521 4999 -
532 4964 563 5026 b)
574 4964 614 5014 On
626 4968 743 5029 pourrait
759 4966 806 5015 lire
820 4964 964 5025 :Faunelli
977 4963 1103 5015 Fanuelli.
