3650 5675
683 507 772 582 1349,
794 507 844 571 7-9
865 504 1042 587 septembre.
1479 509 1542 573 467

236 654 537 740 1794-1795.
793 658 797 665 ’
1162 691 1257 755 1349,
1274 688 1294 755 7
1309 674 1497 759 septembre.

226 774 327 860 Supp.
358 772 479 855 Guido,
506 772 650 839 Vabren.
677 774 862 860 episcopus,
889 764 982 857 quat.
1013 795 1074 839 suo
1104 776 1279 861 capellano
1316 784 1351 841 et
1388 775 1540 841 familiari

182 877 330 957 Johanni
346 877 388 942 de
405 874 527 961 Leugis
541 877 717 963 providere
743 877 928 963 dignemini
951 877 994 944 de
1009 870 1191 965 personatu
1205 880 1247 944 de
1258 871 1404 960 Sanctis,
1421 868 1540 944 Came-

182 1002 294 1048 racen.
310 980 407 1061 dioc,
423 1000 529 1066 prope
556 978 728 1066 Malbuga,
744 1001 805 1066 pro
830 1002 871 1047 eo
887 980 978 1065 quod
1006 980 1124 1048 Helias
1149 983 1192 1047 de
1219 974 1396 1067 Vigia,'qui
1411 981 1540 1048 dictum

182 1094 399 1173 personatum
416 1083 563 1151 obtinuit
588 1093 622 1149 et
637 1084 747 1151 adhuc
773 1085 935 1171 presumit
957 1085 1118 1167 obtinere,
1134 1086 1315 1153 immiscuit
1341 1108 1377 1153 se
1392 1087 1490 1168 sevis,
1506 1093 1541 1151 et

181 1192 263 1257 alias
278 1190 322 1255 ad
335 1189 521 1256 tenendum
535 1189 737 1255 beneficium
753 1190 835 1255 eccl.
847 1189 992 1257 reddidit
1006 1211 1042 1256 se
1056 1190 1252 1256 inhabilem
1277 1198 1314 1256 et
1340 1190 1512 1275 indignum
1531 1212 1539 1269 ;

182 1291 456 1385 nonobstquod
482 1292 661 1358 ecclesiam
688 1300 839 1359 curatam
863 1292 906 1357 de
930 1292 1129 1375 Tivervalle,
1147 1292 1329 1361 Carnoten.
1351 1292 1449 1374 dioc,
1464 1314 1543 1358 nos-

183 1399 268 1465 citur
284 1398 444 1477 obtinere,
472 1417 574 1483 quam
590 1404 727 1483 paratus
742 1404 792 1462 est
807 1382 1083 1477 dimitterecum
1104 1398 1350 1485 possessionem
1365 1396 1541 1483 pacificam

182 1501 265 1567 dicti
280 1509 479 1595 personatus
501 1500 600 1567 fuerit
615 1484 795 1566 assecutus.
812 1539 853 1550 -
870 1499 1109 1567 Committatur
1123 1501 1157 1566 in
1173 1500 1291 1581 sonna,
1307 1500 1347 1565 R.

230 1645 331 1706 1795.
348 1637 437 1702 Item
448 1658 544 1725 supp.
559 1646 651 1722 quat.
667 1636 848 1704 Guillelrno
864 1636 962 1724 Lupi,
987 1637 1148 1704 Parisien.
1164 1639 1261 1719 dioc,
1278 1637 1400 1704 clerico
1415 1637 1544 1723 capelle

185 1762 254 1821 sue,
269 1741 312 1807 de
327 1741 453 1806 vicaria
475 1748 637 1827 perpetua
650 1741 693 1807 de
710 1740 859 1821 Ferreto,
884 1740 1028 1809 Vabren.
1043 1740 1141 1821 dioc,
1157 1762 1232 1807 vac.
1252 1742 1286 1807 in
1307 1742 1399 1807 curia
1408 1762 1468 1826 per
1488 1744 1543 1806 ob.

185 1845 294 1911 ultimi
324 1844 437 1910 vicarii
467 1844 593 1911 vicarie
622 1844 781 1932 predicte,
796 1845 980 1930 dignemini
1009 1845 1213 1931 providere;
1252 1867 1321 1912 non
1337 1849 1425 1912 obst.
1454 1843 1545 1931 quod

185 1949 350 2035 capellan.
364 1948 396 2013 S.
412 1946 432 2025 J
435 1948 532 2014 acobi
548 1948 582 2013 in
597 1949 802 2016 monasterio
818 1949 850 2015 S.
872 1950 1007 2015 Andree
1030 1949 1073 2015 de
1100 1948 1259 2031 Castello,
1285 1949 1373 2016 dioc.
1389 1948 1545 2015 Camera-

186 2072 270 2131 cen,
285 2051 434 2117 noscitur
449 2051 611 2135 obtinere,
627 2060 662 2117 et
683 2055 775 2139 preb.
791 2054 933 2119 ecclesie
947 2052 990 2119 de
1003 2051 1178 2119 Montibus
1193 2053 1228 2117 in
1247 2052 1410 2119 Hanonia
1425 2072 1545 2138 expec-

185 2164 267 2234 tare,
282 2175 417 2220 necnon
433 2162 467 2219 et
482 2175 560 2220 curn
575 2176 617 2221 eo
632 2177 730 2243 super
745 2157 879 2224 defectu
894 2157 995 2223 etatis
1018 2178 1119 2241 quern
1141 2157 1279 2243 patitur,
1303 2156 1422 2243 viginti
1445 2156 1546 2222 trium

187 2278 354 2325 annorum
368 2258 422 2322 vel
438 2257 527 2325 circa
542 2267 670 2324 etatem
694 2259 860 2326 duntaxat
872 2260 1067 2345 ·attingens,
1082 2259 1264 2345 dignemini
1287 2261 1488 2347 dispensare.
1510 2296 1543 2307 -

191 2360 267 2427 Fiat
287 2361 339 2443 R.,
362 2370 397 2426 et
411 2361 652 2447 dispensamus,
670 2362 709 2429 R.
810 2416 813 2425 .
1005 2417 1009 2424 .

235 2465 313 2531 Dat.
328 2465 429 2530 Avin.
448 2484 466 2549 7
482 2464 527 2531 id.
542 2474 627 2553 sept.
643 2474 676 2532 a⁰
692 2469 734 2533 8⁰.
751 2468 821 2551 (19,
842 2471 942 2551 163⁰).

245 2604 385 2689 1796.
1169 2638 1264 2703 1349,
1281 2618 1302 2680 8
1316 2618 1506 2703 septembre.

235 2722 336 2809 Supp.
353 2722 481 2803 Petrus,
497 2722 530 2787 S.
546 2720 596 2788 M.
611 2742 701 2789 nove
712 2722 799 2787 diac.
816 2721 916 2801 card,
932 2729 1025 2805 quat.
1044 2720 1237 2807 [capellano
1253 2741 1313 2786 suo
1328 2717 1491 2804 Johanni]
1506 2718 1548 2782 de

194 2825 368 2908 Wavrans,
392 2824 474 2892 alias
500 2826 691 2913 Arragon1,
714 2826 917 2892 Ambianen.
941 2825 1039 2907 dioc„
1069 2824 1113 2891 de
1143 2846 1216 2891 can.
1240 2832 1276 2890 et
1301 2827 1394 2910 preb.
1409 2822 1550 2889 ecclesie

192 2929 376 3016 S.‚Nicolai
393 2931 426 2995 in
443 2933 587 2997 claustro
612 2931 813 2996 Ambianen.
837 2929 1018 3016 dignemini
1043 2928 1218 3015 providere
1230 2952 1240 3008 3
1263 2949 1332 2994 non
1359 2931 1446 2994 obst.
1461 2926 1551 3011 quod

192 3033 327 3120 paroch.
354 3035 531 3100 ecclesiam
556 3034 599 3099 de
625 3033 794 3119 Brimey0,
823 3031 991 3099 Morinen.
1015 3033 1113 3114 dioc,
1143 3032 1292 3098 noscitur
1320 3031 1481 3097 obtinere.
1508 3070 1551 3079 -

195 3136 272 3202 Fiat
289 3137 328 3203 R.
813 3191 816 3200 ,
1021 3193 1026 3202 .

238 3239 317 3306 Dat.
338 3241 437 3307 Avin.
456 3246 473 3307 6
490 3241 534 3307 id.
550 3250 634 3328 sept.
650 3249 663 3276 ⁰
678 3249 712 3306 a⁰
728 3244 771 3308 8⁰.
787 3243 857 3326 (18,
874 3247 941 3326 43).

234 3377 385 3461 .l797.
1170 3411 1265 3474 1349,
1281 3412 1303 3475 9
1318 3391 1507 3477 septembre.

237 3495 338 3581 Supp.
355 3495 517 3581 P(etrus),
533 3493 586 3560 tit.
603 3495 635 3560 S.
651 3494 801 3560 Susanne
824 3497 932 3580 presb.
949 3493 1050 3574 card,
1066 3502 1160 3579 quat.
1178 3493 1307 3580 [Odoni
1323 3493 1366 3560 de
1381 3493 1548 3573 Turnone,

192 3595 264 3682 lie]
285 3598 319 3662 in
333 3598 398 3682 leg.
413 3608 435 3677 ²,
450 3597 493 3662 de
516 3597 789 3663 archidiaconatu
808 3606 843 3664 et
869 3617 944 3663 can.
967 3597 1110 3663 ecclesie
1131 3596 1344 3663 Valentinen.
1367 3596 1548 3681 dignemini

191 3701 367 3786 providere
383 3724 392 3781 ;
407 3721 477 3766 non
493 3703 580 3767 obst.
595 3700 686 3787 quod
701 3721 776 3767 can.
792 3708 827 3766 et
841 3704 936 3787 preb.
951 3700 986 3766 in
1011 3699 1201 3768 Tornacen.
1227 3721 1267 3766 ac
1290 3720 1363 3766 can.
1388 3703 1448 3764 sub
1473 3719 1549 3784 exp.

191 3808 284 3890 preb.
294 3813 329 3870 et
343 3804 515 3889 dignitatis
531 3805 565 3869 in
581 3803 797 3871 Cameracen.
812 3804 962 3870 ecclesiis
976 3803 1125 3870 noscitur
1140 3803 1301 3868 obtinere.
1313 3841 1357 3852 -
1372 3800 1449 3867 Fiat
1465 3799 1506 3866 R.

238 3907 316 3974 Dat.
332 3907 432 3973 Avin.
451 3927 466 3992 5
484 3907 528 3974 id.
544 3916 629 3993 sept.
645 3915 678 3973 a⁰
694 3910 737 3974 8⁰.
753 3908 823 3992 (19,
845 3907 932 3992 161).
980 3936 985 3950 τ

248 4044 432 4128 1798.’
548 4053 550 4058 ’
647 4066 650 4074 “
1110 4065 1116 4075 ’
1173 4057 1505 4143 1349,9septembre.

239 4162 340 4248 Supp.
357 4161 478 4242 Guido,
494 4161 651 4227 dominus
665 4163 707 4227 de
725 4161 900 4248 Ronyaco,
928 4169 1020 4246 quat.
1045 4159 1229 4242 Godeifroy
1245 4159 1287 4223 de
1303 4156 1464 4238 Sombref,
1480 4158 1551 4243 ejus

195 4267 300 4346 uxori,
317 4285 357 4331 ac
375 4264 512 4351 Hugoni
528 4265 570 4332 de
596 4264 776 4346 Morchies,
803 4264 1004 4330 Helizabeth
1032 4264 1064 4329 la
1091 4261 1281 4343 Porclriere,
1304 4259 1436 4326 Thorne
1465 4260 1551 4326 Fou-

196 4369 299 4435 cherii
322 4389 363 4434 ac
380 4367 537 4454 Philippo
552 4368 728 4435 Foucherii
744 4377 779 4433 et
794 4368 864 4453 ejus
887 4367 991 4447 uxori,
1008 4365 1155 4444 Johanni
1176 4364 1219 4430 de
1242 4364 1398 4450 Sillyaco,
1423 4366 1552 4450 Agnete

198 4472 408 4539 Bechemont
435 4481 470 4537 et
495 4493 611 4538 eorum
636 4473 772 4540 cuilibet
798 4471 1043 4538 absolutionem
1075 4469 1261 4536 concedere
1290 4469 1485 4553 dignemini.
1510 4509 1554 4518 -

200 4574 276 4642 Fiat
293 4575 332 4642 R.

233 4767 261 4829 a)
274 4767 347 4816 (lette
359 4765 430 4830 piboe
441 4771 481 4815 est
491 4763 578 4830 plecte
589 4770 662 4814 entre
669 4765 783 4814 d’eutres
793 4763 828 4811 du
841 4765 905 4812 mois
916 4763 1053 4811 d'octobre.

236 4951 259 4999 1.
271 4949 333 4998 Voir
344 4966 369 4999 u.
384 4951 452 5010 1021,
467 4949 537 4999 1⁵43.
548 4977 580 4986 -
592 4951 615 5000 2.
626 4949 688 4998 Voir
704 4963 730 4999 u.
749 4951 801 5008 130,
816 4949 894 4998 11711.Ι
