3650 5675
251 503 303 568 110
805 500 892 574 1343,
916 499 956 564 25
978 501 1059 565 00111.

251 657 294 723 de
309 656 498 741 hujusmodi
515 657 658 736 delectu,
674 654 756 720 alias
771 654 834 718 rite
850 656 1002 734 obtenta,
1030 652 1078 717 uti
1103 660 1138 717 et
1154 652 1198 718 ad
1220 674 1336 719 omnes
1352 653 1494 737 ordines,
1511 657 1612 723 etiam

251 759 498 846 presbiteratus,
515 759 704 846 promoveri
732 779 771 823 ac
786 760 863 823 ben.
880 757 973 836 eccl,
997 756 1099 821 etiam
1120 765 1283 839 curatum,
1311 759 1461 824 obtinere
1487 761 1612 843 valeat,

251 884 365 929 secum
380 863 564 946 dignemini
580 863 782 948 dispensare.
798 902 842 910 —
858 859 936 926 Fiat
953 859 993 926 R.

294 1010 378 1070 493.
395 1001 483 1066 Item
501 1000 669 1066 Henricus
692 1001 735 1066 de
762 999 907 1080 Wenne,
935 1003 1043 1086 presb.
1070 999 1228 1066 Leodien.
1253 999 1351 1081 dioc,
1372 999 1416 1065 de
1443 1002 1552 1067 soluto
1578 1011 1613 1067 et

252 1108 360 1172 soluta
376 1106 518 1190 genitus,
534 1105 764 1184 beneficiatus,
781 1125 876 1190 supp.
893 1112 931 1169 ut
947 1104 1029 1170 illud
1044 1108 1120 1170 ben.
1137 1105 1227 1189 quod
1243 1105 1345 1170 habet
1366 1105 1458 1171 licite
1482 1127 1613 1192 permu-

252 1219 324 1275 tare
343 1208 488 1296 [valeat]
507 1229 621 1274 secum
636 1208 830 1293 dignemini,
847 1216 884 1272 ut
899 1229 1010 1294 supra,
1026 1208 1227 1294 dispensare.
1249 1247 1279 1257 -
1303 1208 1378 1274 Fiat
1396 1209 1435 1275 R.

296 1314 376 1380 Dat.
393 1335 447 1399 ap.
464 1313 715 1378 Villanmovam
733 1334 750 1394 9
768 1313 836 1378 kal.
852 1320 937 1399 sept.
954 1319 987 1378 a⁰
1004 1321 1045 1377 2⁰.
1063 1316 1112 1396 (5,
1135 1317 1236 1397 r7ol).

303 1467 557 1551 494-495.
1314 1505 1409 1569 1343,
1426 1505 1467 1566 25
1484 1490 1570 1552 aortl.

297 1587 398 1673 Supp.
415 1585 533 1651 Petrus
548 1586 590 1652 de
602 1585 733 1650 Waben
747 1602 767 1667 ¹,
780 1584 799 1662 J
803 1585 955 1667 ohannis
969 1585 1107 1652 Boemie
1119 1585 1214 1671 regis,
1226 1587 1303 1652 cler.
1317 1589 1628 1673 secretarius,quat.·

253 1690 314 1756 sibi
331 1689 372 1756 de
388 1692 464 1754 ben.
481 1690 563 1755 eccl.
580 1710 609 1754 0.
626 1710 654 1755 0.
671 1691 725 1754 vel
741 1711 766 1755 s.
783 1711 822 1771 c.,
839 1690 865 1755 si
878 1711 907 1756 0.
925 1711 953 1756 0.
970 1711 1074 1774 usque
1099 1691 1142 1756 ad
1158 1712 1323 1756 summam
1343 1712 1401 1757 100
1417 1694 1484 1773 lib,
1500 1692 1526 1758 si
1543 1714 1568 1757 s.
1585 1714 1613 1758 c.

158 1821 162 1827 ·
256 1814 295 1877 50
310 1794 366 1858 lib.
382 1792 461 1858 Tur.
476 1815 580 1879 parv,
592 1814 658 1859 sec.
670 1802 740 1858 tax.
752 1793 892 1874 decime,
906 1802 1080 1880 spectante
1090 1793 1134 1859 ad
1146 1795 1222 1860 coll.
1242 1797 1317 1860 abb.
1334 1803 1368 1860 et
1380 1816 1477 1861 conv.
1498 1817 1614 1861 mona-

253 1897 342 1962 sterii
359 1897 390 1960 S.
408 1896 497 1962 Petri
511 1898 607 1983 juxta
622 1897 835 1979 Gandavum,
852 1897 894 1962 O.
911 1897 943 1963 S.
956 1896 1005 1978 B,
1022 1896 1210 1964 Tomacen.
1226 1897 1323 1980 dioc,
1341 1900 1443 1964 etiam
1460 1900 1485 1964 si
1502 1921 1613 1985 perso-

252 2009 361 2082 natus,
378 2010 583 2086 patronatus
597 2001 938 2088 archipresbiteratus,
951 2010 1009 2067 aut
1021 2003 1076 2068 off.
1087 2003 1220 2084 existat,
1233 2003 1416 2088 dignemini
1428 2004 1612 2090 providere,

252 2125 321 2168 uon
339 2106 424 2169 obst.
441 2105 531 2188 quod
548 2124 620 2171 000.
637 2113 671 2169 et
686 2107 778 2191 preb.
795 2104 833 2168 B.
851 2103 901 2170 M.
918 2103 1223 2194 Tenemondensis,
1235 2105 1450 2174 Cameracen.
1466 2108 1562 2188 dioc,
1579 2117 1613 2173 et

254 2228 327 2273 can.
343 2210 402 2272 sub
419 2228 495 2293 exp.
512 2211 603 2294 preb.
614 2208 696 2274 eccl.
709 2208 740 2272 S.
755 2208 935 2274 Donatiani
952 2208 1140 2294 Brugensis,
1153 2209 1340 2276 Tomacen.
1354 2211 1451 2292 dioc,
1468 2211 1614 2277 noscitur

254 2312 415 2378 obtinere.
432 2352 475 2360 —
492 2310 567 2376 Fiat
583 2332 687 2395 usque
704 2311 747 2376 ad
762 2332 927 2377 summam
945 2331 985 2397 70
1001 2334 1030 2379 c.
1047 2333 1086 2394 c.,
1105 2332 1145 2398 50
1166 2335 1191 2378 s.
1208 2335 1247 2396 0.,
1264 2315 1367 2380 etiam
1383 2315 1409 2380 si
1433 2315 1614 2402 archipres-

253 2417 425 2500 biteratus,
442 2424 507 2482 etc.
524 2416 565 2482 R.

296 2569 382 2632 495.
400 2561 487 2627 Item
503 2583 609 2649 supp,
625 2572 717 2646 quat.
734 2564 812 2628 cler.
828 2583 889 2628 suo
903 2561 923 2640 J
927 2562 1064 2644 olranni,
1081 2563 1150 2628 lilio
1173 2564 1320 2629 defuncti
1338 2563 1446 2649 Egidii
1463 2566 1615 2631 Arbales-

253 2667 345 2733 trarii
362 2667 404 2732 de
420 2666 661 2752 Luccemburg,
677 2664 855 2732 Treveren.
872 2665 969 2748 dioc,
986 2667 1113 2732 nullum
1123 2672 1199 2734 ben.
1213 2670 1294 2736 eccl.
1308 2679 1471 2750 assecut0,
1484 2669 1525 2735 de
1537 2672 1613 2735 ben.

254 2771 336 2836 eccl.
352 2791 381 2836 0.
398 2791 426 2836 0.
443 2771 497 2834 vel
513 2791 537 2835 s.
555 2791 594 2851 c.,
611 2779 787 2857 spectante
811 2771 854 2836 ad
876 2770 975 2836 coll...
999 2771 1118 2836 decani
1135 2780 1170 2838 et
1192 2793 1265 2859 cap.
1283 2773 1364 2840 eccl.
1381 2773 1411 2839 S.
1428 2773 1612 2839 Donatiani

254 2874 441 2959 Brugeusis,
458 2872 644 2941 Tomacen.
657 2875 754 2956 dioc,
771 2876 874 2941 etiam
889 2876 916 2941 si
941 2876 996 2942 011.
1022 2877 1155 2959 existat,
1171 2878 1354 2962 dignemini
1370 2878 1555 2964 providere.
1572 2919 1614 2927 -

257 2978 333 3043 Fiat
349 2999 451 3061 usque
468 2979 511 3042 ad
523 3000 688 3043 summam
707 2984 746 3043 60
762 2979 818 3044 lib.
832 3000 860 3044 c.
877 3000 917 3060 c.,
934 3001 975 3063 40
991 3001 1016 3045 s.
1030 3002 1058 3046 0.
1077 2980 1116 3047 R.

300 3082 380 3145 Dat.
396 3102 448 3167 ap.
465 3080 715 3155 villamnovam
733 3085 751 3148 8
767 3082 833 3148 kal.
850 3091 935 3169 sept.
952 3090 986 3148 a⁰
1003 3090 1042 3149 2⁰.
1061 3085 1110 3169 (5,
1132 3084 1233 3168 172*').

308 3237 561 3321 496-499.
1316 3270 1410 3335 1343,
1426 3268 1467 3331 25
1484 3252 1572 3315 oodl.

268 3360 273 3368 '
302 3356 558 3443 Supplicationes
581 3358 777 3443 scriptorum
801 3359 863 3421 sub
878 3356 1036 3437 Johanue
1058 3354 1174 3421 XXII
1192 3364 1223 3421 et
1244 3354 1420 3421 Benedicta
1443 3352 1529 3419 XII.
1584 3356 1588 3363 '

303 3460 405 3546 Supp.
421 3458 440 3537 J
444 3461 594 3526 ohannes
608 3460 651 3525 de
668 3459 830 3541 Fumone,
843 3462 985 3546 scriptor
997 3468 1032 3525 et
1048 3461 1237 3526 abreviator
1253 3461 1401 3544 [vester],
1423 3458 1478 3543 qui
1494 3458 1537 3523 ad
1553 3457 1616 3521 Dei

258 3562 393 3629 laudem
419 3572 454 3629 et
470 3563 572 3628 divini
590 3564 698 3629 cultus
714 3574 933 3649 augmentum
948 3565 1087 3649 capell.²
1102 3585 1179 3630 cum
1192 3563 1369 3650 campanili
1386 3570 1421 3627 et
1436 3560 1618 3647 campanis,

258 3672 318 3735 sub
335 3669 504 3735 vocabulo
520 3667 558 3733 B.
576 3667 625 3734 M.
642 3668 681 3733 V.
709 3676 744 3733 et
756 3669 787 3733 S.
804 3668 980 3753 Gangetici
997 3670 1098 3755 episc.
1115 3676 1150 3733 et
1166 3667 1253 3733 conf.
1271 3668 1304 3731 in
1322 3674 1432 3732 castro
1447 3663 1622 3743 Fumonis,

258 3773 399 3838 Alatrin.
412 3772 510 3853 dioc,
528 3772 561 3836 in
577 3772 681 3837 fundo
693 3793 754 3838 suo
763 3774 909 3859 proprio,
922 3773 964 3838 de
976 3781 1083 3859 apost.
1096 3770 1182 3837 sedis
1193 3771 1340 3851 licentia,
1354 3770 1420 3835 suis
1432 3768 1619 3855 sumptibus

160 3926 170 3939 .
259 3886 293 3941 et
305 3877 469 3963 expensis,
486 3876 609 3941 devote
625 3876 778 3942 fundarit
793 3885 828 3941 et
853 3877 999 3942 construi
1016 3876 1105 3957 lecit,
1122 3876 1296 3962 ipsamque
1312 3873 1402 3939 libris
1422 3870 1621 3938 ecclesiasti-

259 3982 316 4063 cis,
333 3981 501 4061 calicibus,
517 3981 722 4066 paramentis
734 3988 769 4043 et
784 3980 999 4059 ornamentis
1016 3987 1050 4044 et
1063 3979 1226 4064 jocalibus
1241 3978 1284 4043 ad
1300 3976 1404 4043 divini
1426 3976 1535 4041 cultus
1550 3973 1621 4040 offi-

260 4084 348 4150 cium
364 4084 559 4149 necessariis
570 4093 605 4148 et
620 4083 723 4147 etiam
739 4085 912 4168 oportunis
936 4082 1120 4148 honorifice
1148 4081 1334 4160 adonravit,
1351 4088 1385 4143 et
1401 4078 1492 4161 quod
1508 4077 1618 4163 capel-

259 4189 344 4254 lanis
361 4189 484 4255 ibidem
500 4188 614 4254 divina
631 4186 742 4253 officia
759 4186 1005 4252 celebrantibus
1024 4186 1194 4266 continue,
1209 4184 1251 4251 de
1275 4183 1372 4248 bonis
1388 4182 1455 4247 suis
1470 4179 1620 4267 propriis,

259 4293 417 4359 videlicet
443 4295 477 4357 in
497 4293 662 4372 domibus,
687 4291 792 4371 terris,
819 4291 936 4369 vineis,
972 4290 1247 4375 possessionibus,
1272 4286 1384 4373 pratis,
1407 4286 1497 4365 ortis,
1515 4283 1620 4362 furno,

260 4397 469 4485 molendino,
481 4405 516 4461 et
532 4396 724 4476 redditibus
744 4394 788 4461 ad
803 4395 971 4461 diocesani
991 4394 1055 4461 loci
1072 4394 1253 4472 arbitrium,
1266 4388 1620 4466 sufficienterdotavit;

259 4508 359 4587 prout
386 4501 428 4564 in.
446 4501 670 4565 instrumento
696 4500 842 4584 publico,
868 4499 1035 4564 dictorum
1057 4497 1227 4563 diocesani
1246 4504 1281 4561 et
1308 4493 1494 4559 fundatoris
1509 4491 1623 4576 sigillis

260 4604 403 4683 munito,
420 4604 550 4688 plenius
565 4604 757 4668 continetur
772 4626 780 4684 ;
798 4610 890 4686 quat.
906 4602 1149 4681 frmdationem,
1171 4599 1466 4678 constructionem,
1482 4604 1517 4661 et
1529 4596 1622 4661 dota·

262 4708 391 4773 tionem
408 4706 597 4791 hujusmodi
613 4715 705 4773 ratas
720 4715 755 4771 et
769 4714 881 4791 gratas
896 4708 1070 4787 habentes,
1094 4707 1178 4787 illas,
1194 4705 1375 4790 dignemini
1401 4702 1598 4768 continuare
1614 4722 1621 4779 ;

298 4949 319 4995 l.
333 4948 399 4997 Moru.
418 4948 472 4997 1111.
485 4948 555 5009 Bul,
571 4950 590 5009 I,
603 4964 629 4998 n.
640 4950 695 4998 233.
707 4978 737 4985 -
751 4954 774 4999 2.
787 4951 848 4999 Vuir
858 4965 883 4999 n.
896 4953 951 4999 210.
