3650 5675
285 515 348 580 356
843 510 929 581 1848,
955 509 994 573 28
1017 507 1084 573 mai.

288 677 408 734 natum
431 667 565 732 sincere
590 666 810 751 contingeret,
826 663 960 730 insimul
986 663 1078 729 licite
1102 661 1254 743 retin'ere,
1272 663 1430 748 illumque
1460 665 1515 730 vel
1541 665 1644 748 illam,

288 772 389 838 etiam
405 771 548 852 divisim,
570 792 647 836 cum
671 769 744 835 aliis
771 767 999 854 dignitatibus,
1024 766 1196 832 beneficiis
1222 767 1276 832 vel
1304 766 1422 832 officiis
1444 777 1645 853 permutare,

287 884 322 940 et
337 881 563 960 permutatum
590 874 692 940 etiam
718 873 867 958 recipere
891 879 926 936 et
954 870 1086 936 insimul
1113 870 1255 935 retinere
1282 871 1405 952 valeat,
1422 880 1518 938 motu
1548 873 1645 938 simili

287 987 376 1045 auct.
387 985 494 1064 apost.
511 977 693 1063 dignemini
709 978 881 1062 indulgere
896 999 904 1057 ;
922 995 998 1040 curn
1015 975 1087 1040 aliis
1103 994 1171 1039 uon
1189 975 1319 1040 obst-
1336 973 1411 1041 Fiat
1421 985 1460 1043 ut
1471 976 1596 1062 petitur
1611 985 1646 1042 et

286 1082 526 1174 dispensamus.
543 1080 584 1148 R.

331 1186 409 1252 Dat.
424 1187 524 1252 Avin.
543 1207 559 1269 5
582 1185 649 1252 kal.
662 1186 745 1270 junii
762 1192 794 1250 a⁰
811 1191 853 1269 7⁰.
871 1185 946 1268 (30,
963 1182 1000 1248 P.
1018 1181 1063 1263 II,
1082 1189 1165 1266 34').

342 1342 478 1426 1337.
1356 1352 1450 1434 1348,
1469 1353 1511 1414 28
1527 1353 1601 1416 mai.

331 1460 440 1544 Sign...
456 1459 629 1538 Johannes
645 1456 938 1542 dellureocapite,
952 1456 1030 1520 cler.
1057 1453 1277 1534 Coloniensis,
1294 1454 1385 1538 quod
1399 1454 1525 1520 dudum
1543 1455 1583 1521 ie.
1599 1475 1645 1522 re.

288 1584 374 1649 papa
392 1562 595 1628 Benedictus
609 1561 690 1644 XII,
707 1563 824 1627 volens
840 1559 990 1625 Roberto
1005 1558 1047 1625 de
1063 1557 1181 1623 Tuicio
1198 1567 1205 1592 ¹
1222 1561 1367 1644 graciam
1396 1557 1503 1624 iacere
1519 1559 1646 1644 specia-

288 1670 364 1748 lem,
381 1687 453 1732 can.
470 1669 530 1732 sub
546 1685 621 1752 exp.
638 1663 934 1752 preb.,dignitatiS,
951 1669 1148 1749 personatus
1164 1663 1217 1726 vel
1230 1661 1342 1742 officii,
1359 1683 1387 1728 c.
1405 1683 1432 1728 c.
1449 1663 1504 1727 rel
1520 1684 1545 1729 s.
1555 1683 1594 1746 c.,
1612 1663 1645 1728 in

287 1769 604 1836 ecclLeodiensibi
621 1769 765 1835 contulit
781 1777 816 1834 et
830 1766 939 1833 voluit
951 1765 1051 1851 quod,
1068 1765 1239 1851 quamcito
1251 1765 1342 1832 dicta
1358 1766 1463 1850 gratia
1476 1766 1648 1832 sortiretur

286 1874 456 1956 effectum,
487 1877 579 1960 preb.
611 1873 842 1940 canonicalem
867 1872 900 1936 in
929 1871 1010 1937 eccl.
1037 1869 1295 1936 Monasteriensi
1326 1891 1431 1957 prope
1463 1870 1645 1950 Sambram,

287 1976 448 2044 Leodien.
472 1978 569 2059 dioc,
595 1999 698 2063 quam
724 1978 795 2064 ipse
821 1977 987 2042 Robertus
1017 1983 1098 2041 tunc
1128 1975 1246 2057 tenuit,
1268 1974 1438 2040 dimittere
1467 1983 1646 2043 teneretur.

286 2080 410 2147 Verum
426 2103 503 2148 cum
527 2081 675 2169 prefatus
702 2081 879 2162 RobertuS,
896 2088 1077 2164 antequam
1092 2079 1183 2145 dicta
1211 2100 1268 2144 sua
1284 2080 1392 2165 gratia
1417 2081 1535 2146 sortita
1558 2089 1646 2147 esset

287 2185 456 2266 effectum,
470 2207 547 2251 cum
562 2186 692 2272 prefato
708 2184 727 2263 J
731 2186 865 2252 ohanne
881 2183 936 2248 via
962 2182 1128 2248 ordinaria
1145 2185 1270 2268 absque
1285 2183 1421 2249 licentia
1436 2183 1523 2250 sedis
1538 2192 1645 2270 apost.

287 2308 347 2373 pro
362 2289 510 2374 quodam
526 2289 593 2355 alio
607 2288 773 2356 beneficio
789 2288 823 2353 in
834 2288 984 2375 partibus
995 2287 1208 2373 permutavit,
1221 2296 1358 2374 propter
1373 2288 1463 2374 quod
1478 2288 1558 2355 dicti
1570 2309 1646 2358 can.

287 2399 322 2456 et
344 2395 435 2478 preb.
460 2392 550 2479 apud
575 2392 690 2458 sedem
716 2391 860 2458 eandem
885 2411 1007 2456 vacare
1032 2389 1281 2457 dinoscuntur...
1306 2391 1407 2478 Supp.
1435 2391 1533 2477 igitur
1557 2393 1646 2459 idem

287 2494 460 2573 Johannes
475 2505 588 2580 quat...
604 2497 647 2564 de
663 2517 736 2564 can.
762 2504 797 2561 et
823 2497 916 2582 preb.
943 2494 1132 2579 predictis...
1160 2494 1301 2561 eidem...
1329 2495 1509 2580 dignemini
1535 2498 1645 2583 prori-

286 2597 397 2666 dere...
413 2640 456 2650 —-
474 2599 549 2666 Fiat
566 2601 606 2667 R.

330 2705 409 2770 Dat.
425 2705 524 2770 Avin.
543 2725 559 2790 5
576 2704 645 2771 lral.
658 2705 741 2791 junii
760 2711 794 2770 a⁰
811 2711 853 2788 7⁰.
870 2703 940 2787 (15,
958 2724 976 2786 4
981 2707 1041 2786 3').

341 2861 476 2947 1338Ι
1348 2874 1441 2957 1548,
1460 2876 1503 2938 28
1524 2876 1600 2939 mai.

330 2980 453 3065 Supp...
471 2977 692 3062 Raymundus
707 2975 750 3041 de
773 2978 918 3056 Aruaco,
936 2980 1013 3041 cler.
1041 2974 1256 3042 Lemovicen.
1272 2974 1369 3057 dioc,
1386 2984 1476 3061 quat.
1493 2977 1585 3045 sibi...
1601 2977 1644 3044 de

287 3104 362 3150 can.
378 3091 413 3147 et
427 3085 519 3168 preb.
536 3089 571 3146 et
586 3080 757 3147 scolastrie
785 3078 897 3146 officio
924 3082 1005 3146 eccl.
1035 3079 1298 3161 Machliniensis,
1315 3079 1531 3148 Cameracen.
1547 3081 1643 3162 dioo,

289 3208 313 3253 S.
331 3208 359 3253 c.
376 3207 448 3252 vac.
464 3206 524 3272 per
539 3189 592 3251 ob.
608 3186 698 3252 dom.
716 3184 886 3250 Guillelmi
911 3184 954 3251 de
975 3184 1219 3265 Brunschorne,
1236 3183 1345 3250 ultimi
1361 3186 1528 3253 scolastici
1544 3198 1564 3268 ²,
1588 3187 1642 3273 qui

289 3300 384 3357 extra
401 3291 499 3357 Rom.
510 3311 578 3358 cur.
594 3291 683 3357 diem
700 3310 796 3356 snum
812 3290 931 3356 clausit
947 3299 1144 3371 extremum,
1162 3290 1254 3375 cujus
1269 3289 1432 3356 beneficia
1446 3298 1526 3356 ante
1542 3289 1644 3377 ipsius

288 3398 342 3462 ob.
359 3396 544 3461 extiterunt
559 3404 774 3475 reservata,...
790 3394 973 3479 dignemini
990 3394 1174 3480 providere.
1189 3432 1232 3443 -—
1250 3392 1325 3459 Fiat
1341 3393 1381 3460 R.

331 3498 406 3566 Dat.
419 3499 519 3564 Avin.
538 3519 554 3583 5
572 3498 637 3564 kal.
650 3498 733 3583 junii
758 3506 791 3564 a⁰
808 3506 850 3583 7⁰.
868 3499 939 3583 (15,
958 3503 1024 3583 53).

343 3654 479 3740 1339·
765 3689 768 3697 ’
1343 3670 1438 3753 1348,
1462 3671 1505 3735 28
1526 3670 1602 3734 mai.

290 3809 292 3812 ·
332 3773 433 3859 Supp.
449 3770 622 3851 Alnoldus,
638 3769 728 3837 dom.
744 3770 786 3836 de
805 3768 988 3851 Iselsteine,
1004 3772 1096 3851 baro,
1109 3768 1296 3855 Trajecten.
1308 3770 1395 3838 dioc.
1412 3790 1432 3854 ³,
1446 3781 1536 3858 quat.
1559 3792 1645 3858 mag.

290 3876 434 3941 Rectoni
449 3875 542 3941 dicto
558 3873 660 3956 Bliee,
678 3895 752 3940 ean.
780 3875 861 3939 eccl.
890 3873 922 3940 S.
950 3873 1130 3940 Salvatoris
1146 3873 1345 3959 Trajecten,
1362 3895 1449 3963 mag.
1467 3877 1500 3942 in
1522 3876 1647 3942 artibus

289 3989 324 4047 et
338 3981 392 4047 lic.
409 3981 443 4046 in
459 3977 635 4059 medicina,
651 3979 694 4045 de
709 3979 945 4065 supplemento
961 3986 1123 4045 consueto
1139 3978 1293 4063 assignari
1304 3980 1474 4047 canonicis
1483 3980 1517 4047 in
1527 3978 1646 4046 eadem

289 4084 462 4151 ecclesia...
477 4082 661 4169 dignemini
683 4081 912 4169 providere...;
938 4102 1007 4147 non
1031 4085 1117 4149 obst.
1134 4081 1224 4167 quod
1246 4082 1280 4147 in
1304 4084 1395 4150 dieta
1412 4084 1443 4149 S.
1467 4084 1648 4151 Salvatoris

290 4187 477 4273 Trajecten.
495 4196 529 4252 et
545 4188 577 4251 in
595 4185 794 4253 Condicensi
820 4186 969 4253 eeclesiis
995 4208 1067 4253 can.
1089 4195 1123 4253 et
1141 4184 1327 4273 prebendas
1342 4210 1382 4255 ac
1397 4188 1548 4277 parroch.
1565 4188 1647 4255 eccl.

290 4291 333 4358 de
359 4292 508 4378 Capella,
533 4290 751 4357 Cameracen.
779 4288 860 4376 [et']
889 4289 1077 4376 Trajecten.
1104 4290 1201 4371 dioc,
1225 4289 1375 4357 noscitur
1399 4289 1580 4354 obtinere...
1603 4328 1648 4339 -

291 4395 368 4462 Fiat
384 4396 424 4461 R.
1278 4380 1280 4386 ¹

291 4516 295 4523 ’
335 4500 413 4565 Dat.
429 4499 529 4564 Avin.
548 4518 564 4583 5
581 4497 647 4565 kal.
660 4499 744 4584 junii
761 4507 794 4564 a⁰
810 4508 852 4582 7⁰.
870 4502 941 4584 (15,
960 4500 1027 4585 56).

322 4688 352 4748 a)
373 4687 429 4736 (lul.
448 4688 486 4735 lu.

325 4882 347 4931 l,
359 4880 421 4927 von·
429 4894 454 4928 u.
463 4881 533 4927 1336.
546 4906 577 4915 —
589 4883 611 4927 2.
624 4878 647 4927 ll
659 4885 697 4927 est
709 4878 759 4928 cite
770 4894 802 4930 eu
815 4886 883 4928 cette
893 4878 992 4940 quulitd
1005 4894 1036 4928 eu
1050 4882 1111 4928 1332
1124 4878 1200 4940 (Piot,
1218 4880 1323 4929 (lumbe
1334 4878 1377 4929 des
1393 4880 1484 4929 (luules
1494 4878 1525 4927 de
1536 4880 1647 4939 alinum,

290 4968 315 5002 11.
327 4954 396 5013 543).
408 4981 438 4990 -
452 4955 473 5001 3.
487 4953 525 5000 cf.
539 4952 622 5011 Brom,
635 4950 710 5000 Bull.
724 4952 837 5015 Trujr’ci,
856 4968 881 5000 n.
901 4955 1045 5001 insolam.
