3650 5675
307 496 342 561 16
843 495 930 569 1842,
953 495 1005 561 la
1023 494 1134 576 juillet.

306 664 377 724 sun,
394 644 482 724 cler„
499 644 617 709 scolari
633 644 667 709 in
683 652 753 725 art,
777 644 953 731 providere
973 645 1155 731 dignemini
1170 644 1213 710 de
1228 664 1301 709 can.
1322 652 1359 710 et
1378 647 1468 730 preb.
1492 644 1573 710 eccl.
1595 642 1674 709 Bel-

306 767 423 813 vacen.
438 788 481 798 -
499 746 576 813 Fiat
591 746 633 813 de
649 768 721 815 can.
738 753 798 815 sub
815 770 888 836 exp.
904 753 994 835 preb.
1011 750 1044 815 in
1060 750 1141 816 eccl.
1157 749 1342 815 Tomacen.
1361 748 1399 812 R.

351 850 430 917 Dat.
445 850 545 917 Avin.
562 874 581 936 4
597 872 673 918 non.
687 852 759 937 julii
776 860 810 918 a⁰
830 862 867 919 1⁰.
883 852 927 935 (l,
944 861 1025 939 42¹).

359 1010 435 1095 72.
1354 1046 1449 1111 1342,
1472 1048 1491 1108 ,r
1501 1023 1627 1106 juillet.

351 1129 450 1217 Supp.
466 1129 642 1215 Aycardus
657 1128 699 1197 de
715 1129 805 1217 Saya
818 1138 910 1215 quat.
927 1130 1057 1217 [nepoti
1073 1150 1134 1195 suo
1149 1129 1262 1195 Bruno
1277 1129 1319 1194 de
1329 1129 1428 1215 Saya,
1441 1129 1531 1213 clen]
1546 1127 1672 1193 Burde-

306 1233 416 1317 galen.
431 1232 526 1314 dioc,
542 1232 585 1298 de
601 1254 673 1301 can
698 1240 734 1299 et
760 1236 850 1321 preb.
873 1235 954 1299 eccl.
981 1233 1212 1300 S.Aud0nra1i
1236 1232 1279 1299 de
1300 1233 1331 1299 S.
1358 1232 1563 1315 Audornam,
1584 1232 1672 1299 dioc.

310 1334 487 1417 Menneu„
504 1336 685 1421 dignemini
701 1335 887 1422 providere,
903 1337 959 1403 vel
981 1336 1024 1402 de
1048 1357 1119 1402 can.
1136 1346 1171 1402 et
1193 1340 1283 1422 preb.
1299 1338 1381 1403 eccl.
1398 1336 1426 1401 S.
1455 1335 1603 1423 Caprasii
1629 1336 1672 1401 de

308 1442 458 1523 Agenno.
475 1478 517 1489 -
542 1438 619 1505 Fiat
635 1439 673 1505 R.

353 1542 430 1608 Dat.
447 1543 542 1607 Asin.
561 1566 580 1627 4
596 1564 675 1608 non.
689 1543 762 1628 julii
779 1552 812 1609 a⁰
839 1550 876 1607 1⁰.
891 1543 934 1627 (1,
952 1548 1034 1628 461).

361 1704 439 1789 73.
1358 1736 1453 1799 1542,
1478 1735 1496 1799 7
1505 1714 1628 1796 juillet

355 1821 455 1907 Supp.
480 1820 647 1887 Arnaldus
674 1820 844 1902 Bemardi‚
872 1823 948 1887 cler.
975 1821 1004 1888 S.
1032 1820 1148 1886 Poncii
1174 1820 1430 1886 Thomeriarnm
1454 1819 1550 1901 dioc,
1570 1817 1673 1905 judex

311 1926 417 2011 major
433 1925 626 1991 senescallie
643 1924 885 2011 Petragoricen.
901 1933 937 1990 et
953 1924 1138 2005 Caturcen.‚
1154 1924 1283 1989 nullum
1297 1927 1371 1989 ben.
1396 1923 1477 1990 eccl.
1493 1931 1673 2003 assecutus

312 2035 402 2113 quat.
418 2028 479 2093 sibi
494 2027 537 2093 de
553 2037 676 2094 canet
691 2028 1193 2115 prebeccl.Cameracen.‚vac.
1209 2049 1269 2113 per
1278 2032 1329 2093 ob.
1345 2026 1435 2094 dom.
1452 2025 1674 2113 Neapolionis

312 2132 391 2197 olim
408 2132 439 2197 S.
457 2131 546 2197 RE.
566 2131 652 2197 card.
671 2144 689 2214 ¹,
706 2133 887 2219 dignemini
902 2133 1087 2219 providere.
1100 2172 1140 2183 —-
1154 2132 1231 2197 Fiat
1247 2133 1288 2198 de
1304 2135 1389 2214 ben,
1405 2131 1509 2197 etiam
1524 2131 1550 2197 si
1567 2130 1674 2196 archi·

310 2235 546 2319 presbiteratus
561 2236 694 2318 existat,
711 2244 886 2323 spectante
903 2236 947 2301 ad
974 2236 1047 2302 coll.
1072 2236 1173 2323 episc.
1190 2234 1365 2301 Caturcen.
1389 2255 1493 2319 usque
1515 2233 1559 2299 ad
1586 2254 1674 2298 sum-

310 2360 400 2404 mam
423 2360 481 2405 100
496 2340 566 2406 libr.
583 2362 609 2407 c.
627 2361 664 2421 c,
683 2360 723 2425 50
739 2360 763 2405 s.
780 2361 807 2406 c.
824 2381 866 2389 —
883 2339 921 2404 R.

355 2443 432 2509 Dat.
449 2446 546 2511 Aiin.
562 2466 640 2511 non.
653 2444 725 2529 julii
741 2452 774 2509 a⁰
794 2454 831 2509 1⁰.
849 2443 891 2529 (I,
911 2448 966 2529 56)

363 2606 441 2687 74.
1360 2639 1377 2683 1
1424 2641 1444 2682 2
1476 2616 1630 2683 titillet.

355 2724 456 2810 Supp.
483 2724 682 2810 Aymericus
706 2722 824 2791 Boisso
850 2732 942 2809 quat.
971 2723 1109 2809 Hugoni
1139 2722 1257 2789 Boisso
1287 2639 1469 2789 fratrijssul)
1498 2641 1675 2810 providere

310 2827 491 2914 dignemini
507 2827 550 2893 de
565 2849 650 2914 pers.
671 2828 713 2892 de
741 2826 866 2909 Henes
890 2827 1078 2895 Tomacen.
1100 2827 1199 2909 dioc„
1222 2849 1295 2893 vac.
1311 2849 1370 2914 per
1386 2826 1673 2894 consecrationem

311 2933 400 2998 doni.
424 2930 563 2997 Henrici
587 2931 776 3016 patriarche
801 2931 1166 3017 Constantinopolitani
1184 2943 1203 3011 ²,
1221 2953 1289 2997 non
1304 2935 1390 2997 obst.
1416 2929 1506 3015 qnod
1529 2930 1563 2994 in
1591 2929 1673 2994 eccl.

311 3035 342 3100 S.
364 3033 510 3115 Juniani,
528 3033 743 3100 Lemovicen.
759 3035 856 3114 dioc,
874 3036 1006 3101 obtinet
1022 3056 1095 3101 can.
1111 3044 1146 3100 et
1161 3039 1253 3120 preb.
1268 3077 1312 3084 —
1328 3035 1405 3100 Fiat
1422 3034 1463 3100 R.

355 3138 435 3204 Dat.
451 3139 550 3204 Avin.
568 3139 585 3203 8
602 3137 646 3203 id.
659 3138 731 3224 julii
744 3145 777 3203 a⁰
797 3147 836 3204 1⁰.
853 3138 895 3222 (Ι,
913 3140 970 3225 49)

362 3300 438 3384 75.
1365 3333 1460 3397 1342,
1476 3315 1498 3377 8
1506 3311 1628 3393 juillet.

356 3418 457 3503 Supp.
475 3416 593 3482 Helias
607 3416 650 3483 de
667 3416 859 3498 Mulceone,
870 3417 1086 3484 lemovicen.
1095 3417 1193 3498 dioc,
1204 3425 1295 3503 quat.
1305 3417 1366 3482 sibi
1380 3416 1424 3482 de
1440 3436 1515 3482 can.
1530 3424 1566 3481 et
1581 3419 1673 3500 preb·

311 3522 393 3587 eccl.
411 3521 568 3586 Parisien.
584 3521 767 3606 dignemini
783 3521 968 3607 providere,
985 3542 1054 3588 non
1070 3525 1155 3587 obst.
1171 3521 1262 3606 quod
1273 3541 1348 3588 can.
1364 3528 1400 3585 et
1414 3523 1507 3605 preb.
1524 3517 1674 3584 Melden.

311 3634 346 3689 et
362 3624 397 3689 N
399 3625 566 3690 oriomen.
582 3626 664 3690 eccl.
681 3633 716 3690 et
731 3625 892 3690 nonnulla
908 3625 1125 3711 prestimonia
1141 3625 1174 3690 in
1194 3624 1281 3692 dioc.
1298 3623 1510 3708 Cartaginen.
1526 3621 1674 3688 noscitur

311 3729 471 3794 obtinere.
488 3769 531 3778 -
548 3727 625 3793 Fiat
640 3728 674 3792 in
690 3729 773 3794 eccl.
789 3728 977 3795 Tomacen.
1006 3766 1038 3776 -
1068 3728 1108 3794 R.

355 3832 435 3898 Dat.
453 3833 550 3898 Avin.
569 3833 586 3897 8
604 3830 647 3896 id.
661 3831 733 3917 julii
746 3839 780 3897 a⁰
799 3839 839 3898 1⁰.
857 3831 899 3918 (21,
919 3833 974 3916 55)

359 3992 441 4075 76.
1363 4024 1458 4087 1342,
1475 4024 1495 4087 9
1505 3987 1629 4085 jiu'llet.

353 4111 454 4196 Supp.
481 4110 599 4176 Petnrs
627 4109 676 4175 La
703 4109 844 4196 Vayssa‚
867 4113 975 4196 presb.
1002 4107 1218 4176 Lemovicen.
1245 4110 1342 4187 dioc,
1366 4116 1456 4192 quat.
1480 4108 1598 4193 capell.
1630 4106 1674 4172 de

310 4213 574 4279 Wuartembeka
597 4213 631 4278 in
648 4215 727 4279 eccl.
745 4213 773 4278 S.
791 4213 880 4279 Petn'
903 4213 947 4278 de
971 4212 1120 4279 Cominis
1142 4221 1178 4278 et
1200 4213 1318 4299 capell.
1346 4211 1383 4278 B.
1400 4210 1447 4277 M.
1463 4212 1498 4276 in
1513 4210 1673 4297 hospitali

311 4316 344 4380 in
375 4315 494 4381 eadem
526 4317 615 4396 villa,
646 4316 831 4383 Tomacen.
860 4315 956 4397 dioc,
978 4337 1062 4400 quas
1092 4314 1136 4381 ad
1165 4336 1301 4402 presens
1330 4315 1462 4382 obtinet
1497 4313 1600 4399 Hugo
1629 4311 1673 4379 de

311 4420 340 4483 S.
356 4419 516 4483 Amantio
528 4429 547 4500 ³,
565 4419 617 4484 cui
633 4419 675 4484 de
691 4421 899 4506 prepositatu
914 4421 995 4486 eccl
1008 4419 1198 4486 Vauriensis
1212 4419 1412 4507 providistis,
1428 4418 1539 4484 eidem
1559 4417 1674 4502 digne·

311 4521 391 4585 mini
407 4522 596 4607 specialiter
611 4543 789 4604 reservare,
805 4545 873 4589 non
890 4527 973 4589 obst.
990 4523 1081 4609 quod
1095 4525 1246 4609 parroch.
1263 4524 1343 4590 eccl.
1359 4523 1401 4589 de
1417 4521 1672 4602 Grandisanhia‚

311 4623 523 4690 Lemovieen.
539 4624 635 4706 dioc,
651 4626 799 4691 noscitur
820 4627 980 4695 obtinere.
1000 4665 1032 4675 -
1050 4625 1127 4693 Fiat
1144 4627 1184 4692 R.

312 4721 316 4729 ’
354 4727 433 4793 Dat.
449 4728 546 4793 nnn.
565 4745 583 4812 7
599 4728 641 4795 id.
654 4729 726 4814 julii
742 4739 775 4794 a⁰
794 4737 831 4796 1⁰.
849 4729 892 4816 (1,
912 4751 928 4816 5
934 4739 993 4817 3l).
1046 4800 1050 4809 ,

342 4927 364 4974 l.
376 4925 438 4974 Veii·
450 4935 477 4974 ιιο
489 4927 511 4976 4.
523 4955 554 4961 —
572 4928 595 4976 2.
608 4927 669 4976 l'oir
680 4935 708 4976 n⁰
720 4929 742 4979 7,
754 4957 786 4966 -—
803 4930 825 4980 3.
838 4930 901 4979 Voir
911 4937 940 4979 n·
952 4933 990 4981 1³.
