3650 5675
319 436 375 501 512
874 437 962 511 1366,
985 438 1020 501 21
1044 438 1113 503 mai.

317 585 502 669 dignemini
517 586 693 671 providere
702 610 710 667 ;
723 608 792 652 non
809 590 894 652 obst.
905 586 997 670 quod
1013 587 1102 653 idem
1117 588 1288 667 Jobannes
1304 612 1377 657 can.
1389 601 1424 658 et
1436 596 1528 679 preb.
1538 596 1679 662 ecclesie

318 688 351 753 S.
364 687 538 773 Gaugerici
556 688 771 755 Cameracen.
786 689 936 756 noscitur
951 690 1112 756 obtinere.
1127 732 1171 741 —
1187 692 1265 759 Fiat
1281 693 1321 760 R.

362 791 440 857 Dat.
457 812 511 877 ap.
529 790 777 857 Villamnovam
798 813 833 857 12
851 791 919 857 kal.
932 792 1016 877 junii
1032 801 1065 859 a⁰
1082 801 1125 874 9⁰.
1141 797 1216 877 (20,
1237 798 1281 881 1).

371 970 512 1053 1967.
1386 1011 1425 1074 13
1428 1010 1481 1073 50,
1498 1013 1538 1057 21
1556 996 1633 1060 mai.

361 1086 462 1154 Motu
477 1088 611 1174 proprio
626 1088 841 1174 providemus
856 1109 944 1173 mag.
960 1088 1108 1167 Jobanni
1124 1090 1167 1155 de
1183 1090 1328 1157 Parisius
1340 1104 1359 1174 ¹,
1375 1094 1505 1161 decano
1520 1098 1679 1162 Andelia-

315 1192 416 1273 censi,
444 1191 690 1276 Rothomagen.
713 1192 810 1273 dioc„
834 1192 876 1257 de
901 1194 1019 1278 capell.
1047 1194 1078 1258 S.
1094 1192 1260 1271 Johannis
1282 1197 1316 1261 in
1340 1194 1466 1283 Brugis,
1490 1198 1678 1268 Tornacen.

312 1296 412 1376 dioc„
428 1316 501 1361 vac.
517 1297 605 1381 apud
621 1296 735 1361 sedern
762 1305 871 1382 apost.
897 1317 958 1381 per
980 1299 1034 1362 ob.
1058 1295 1223 1373 johannis
1246 1299 1287 1365 de
1304 1299 1459 1367 Gravelia
1471 1319 1493 1384 ²,
1510 1306 1566 1388 qui
1582 1314 1678 1370 extra

316 1400 413 1467 Rom.
430 1401 556 1466 curiam
571 1399 661 1465 diem
684 1422 781 1466 suum
804 1401 924 1466 clausit
947 1409 1145 1483 extremum,
1161 1423 1221 1488 per
1243 1424 1306 1470 nos
1321 1413 1423 1471 antea
1439 1416 1617 1474 reservata.
1633 1450 1677 1458 -

315 1505 393 1571 Fiat
408 1514 443 1571 et
458 1506 625 1591 exprimat
640 1506 805 1572 beneficia
822 1506 855 1569 in
873 1507 1083 1587 cancellaria,
1103 1506 1142 1572 R.

359 1608 438 1675 Dat.
455 1630 510 1695 ap.
526 1608 776 1676 Villamnovam
798 1632 833 1675 12
852 1609 920 1674 kal.
937 1610 1017 1689 iunii
1033 1617 1066 1675 a⁰
1083 1618 1116 1691 9⁰
1129 1617 1153 1677 ⁸.
1170 1612 1246 1695 (20,
1264 1614 1311 1697 2).

369 1792 512 1874 1968.
1385 1830 1479 1895 1350,
1496 1832 1537 1875 21
1554 1813 1631 1876 mai.

359 1910 461 1997 Supp.
478 1910 631 1993 Karolus,
648 1911 879 1977 Romanomm
900 1933 970 1992 rex,
985 1932 1119 1979 necnon
1142 1915 1309 1980 abbatissa
1324 1924 1359 1980 et
1374 1915 1560 2001 capitulum
1582 1934 1677 1979 secu·

315 2016 392 2081 laris
408 2016 549 2082 ecclesie
564 2016 594 2081 S.
612 2016 784 2081 Gertmdis
808 2014 1023 2097 Nivellensis,
1040 2016 1200 2083 Leodien.
1217 2018 1314 2099 dioc,
1336 2026 1376 2083 ut
1396 2038 1472 2084 cum
1496 2018 1675 2098 abbatissa,

316 2121 510 2206 capitulum,
534 2130 569 2187 et
592 2122 734 2187 ecclesia
758 2120 907 2207 predicte
933 2122 1096 2187 nonnulla
1118 2121 1291 2208 privilegia
1305 2124 1347 2187 ab
1364 2121 1618 2207 imperatoribus
1640 2130 1677 2186 et

315 2224 445 2308 regibus
473 2224 712 2305 Romanorum,
743 2223 779 2289 in'
809 2224 959 2290 favorem
989 2225 1136 2310 ipsorum
1166 2233 1202 2290 et
1231 2224 1322 2290 dicte
1352 2224 1492 2290 ecclesie
1517 2244 1677 2291 concessa

312 2328 484 2408 habeant;
502 2336 593 2413 quat.
610 2329 723 2394 omnia
738 2336 773 2393 et
789 2328 929 2413 singula,
945 2347 1023 2393 cum
1046 2328 1227 2394 insertione
1248 2335 1404 2393 tenorum
1427 2328 1675 2414 privilegionrm

312 2432 539 2517 predictorum
551 2444 571 2513 ³,
596 2432 779 2519 dignemini
810 2454 852 2497 ex
883 2440 974 2499 certa
1002 2432 1151 2514 scientia,
1177 2432 1384 2513 continuare,
1412 2452 1489 2498 cum
1516 2432 1673 2497 omnibus

312 2536 467 2602 clausulis
483 2538 666 2622 oportunis.
682 2578 725 2587 -—
742 2536 818 2603 Fiat
828 2545 863 2602 et
877 2536 1033 2602 videatur
1048 2536 1082 2601 in
1099 2536 1298 2603 cancellaria
1315 2534 1355 2600 R.

354 2639 436 2705 Dat.
452 2660 506 2726 ap.
523 2640 770 2707 villamnovam
790 2660 826 2705 12
843 2640 911 2706 kal.
926 2640 1008 2717 iunii
1024 2648 1058 2705 a⁰
1076 2648 1118 2721 9⁰.
1135 2642 1211 2725 (20,
1232 2642 1276 2721 2).

365 2819 507 2903 1969.
1379 2849 1473 2914 1350,
1490 2851 1530 2895 21
1548 2833 1626 2895 mai.

355 2936 454 3002 Motu
489 2937 623 3023 proprio
660 2937 875 3023 providemus
908 2935 928 3013 J
932 2937 1055 3003 obanni
1086 2935 1279 3016 Clementis
1307 2936 1389 3001 alias
1429 2936 1471 3001 de
1501 2933 1627 3000 Brullio
1649 2947 1671 3013 ⁴,

310 3039 462 3104 familiari
479 3049 604 3121 nostro
617 3040 659 3105 de
670 3060 745 3106 can.
755 3048 790 3104 et
805 3042 896 3125 preb.
910 3060 987 3104 cum
1004 3040 1154 3106 cantoria
1169 3039 1309 3131 ecclesie
1325 3038 1357 3103 S.
1372 3038 1461 3103 Petri
1477 3037 1670 3117 insulensis,

309 3141 486 3209 Tomacen
502 3143 588 3209 dioc.
602 3167 611 3224 ;
628 3165 693 3228 que
706 3142 841 3228 quidem
852 3143 1002 3209 cantoria
1017 3143 1162 3227 dignitas
1174 3144 1207 3207 in
1227 3143 1318 3209 dicta
1335 3143 1476 3208 ecclesia
1485 3150 1669 3228 reputatur,

310 3266 383 3311 vac.
396 3266 455 3332 per
470 3249 524 3311 ob.
539 3246 628 3313 Petri
646 3247 819 3328 Kaboche,
832 3247 914 3312 alias
930 3247 1011 3312 dicti
1027 3247 1069 3312 de
1086 3247 1205 3312 Duaco
1214 3255 1234 3328 ⁵,
1247 3248 1302 3331 qui
1319 3255 1412 3312 extra
1428 3245 1527 3311 Rom.
1543 3245 1669 3311 curiam

307 3349 399 3427 diem
415 3349 535 3414 clausit
547 3359 745 3431 extremum,
762 3350 788 3415 si
805 3371 864 3436 per
876 3350 1136 3414 reservationem
1153 3351 1208 3414 vel
1223 3349 1289 3415 alio
1299 3349 1522 3433 quovismodo
1533 3359 1667 3424 vacent,

309 3453 410 3518 etiam
426 3454 451 3517 si
468 3453 541 3537 quis
557 3453 599 3519 ad
623 3453 751 3519 dictam
767 3453 953 3519 cantoriam
979 3452 1190 3519 consueverit
1212 3473 1271 3539 per
1294 3454 1495 3519 electionem
1518 3454 1640 3519 assumi
1657 3477 1666 3531 ;

308 3557 540 3643 dispensantes
556 3579 633 3624 cum
649 3558 769 3624 eodem
792 3557 810 3635 J
815 3559 959 3638 ohanne,
976 3557 1066 3642 quod
1087 3557 1238 3643 parroch.
1255 3557 1337 3622 eccl.
1354 3557 1395 3622 de
1410 3555 1560 3637 Camins,
1576 3556 1667 3622 dicte

306 3661 404 3742 dioc,
421 3683 522 3747 quam
538 3663 679 3744 obtinet,
697 3682 855 3728 unacum
882 3661 974 3726 dicta
1001 3661 1152 3726 cantoria
1166 3661 1258 3726 licite
1274 3661 1390 3726 valeat
1410 3661 1573 3742 obtinere,
1590 3682 1667 3727 cum

306 3767 461 3832 clausulis
478 3767 663 3852 oportunis.
678 3805 722 3816 -
739 3765 816 3831 Fiat
831 3765 874 3831 de
890 3785 965 3830 can.
982 3773 1017 3830 et
1032 3768 1123 3850 preb.
1142 3764 1182 3829 R.

350 3870 430 3935 Dat.
446 3891 499 3956 ap.
516 3869 764 3935 Villamnovam
785 3890 820 3933 12
837 3867 903 3933 kal.
918 3867 1000 3953 junii
1018 3877 1050 3934 a⁰
1067 3875 1109 3949 9⁰.
1127 3870 1204 3952 (20,
1224 3869 1259 3952 2)

336 4099 365 4160 a)
378 4099 453 4147 Getta
463 4097 601 4161 supplique
613 4113 638 4146 se
648 4103 740 4147 trouve
750 4097 895 4160 &galement
906 4098 972 4146 dans
991 4098 1015 4146 le
1025 4102 1045 4145 t.
1060 4099 1099 4156 18,
1113 4097 1140 4146 Ρ.
1154 4097 1187 4155 11,
1201 4096 1220 4145 f.
1232 4097 1263 4144 89
1275 4105 1294 4157 v,
1308 4099 1372 4145 mais
1385 4096 1476 4153 masec,
1488 4111 1551 4146 avec
1567 4096 1594 4145 la
1603 4101 1666 4145 noto

305 4171 445 4234 magnale
455 4187 461 4218 :
473 4171 530 4219 Noa
541 4169 644 4220 debebat
657 4173 792 4234 registrari
807 4173 833 4219 in
847 4173 892 4219 islo
904 4170 976 4221 libro.

337 4435 359 4481 1.
371 4431 433 4478 Voir
444 4445 470 4480 n.
487 4431 555 4488 1236,
570 4433 639 4482 1393.
651 4459 683 4467 -
696 4433 718 4482 2.
729 4431 792 4480 Voir
802 4445 829 4482 n.
846 4431 960 4480 16116.-
971 4433 994 4480 11.
1008 4431 1056 4480 Les
1065 4431 1219 4480 documenta
1230 4430 1324 4479 inserts
1341 4431 1407 4478 dans
1417 4435 1486 4478 oette
1499 4429 1570 4479 bullo
1587 4429 1665 4493 (Ray.

305 4508 380 4554 ..11111
398 4505 451 4563 113,
464 4503 492 4552 ff.
503 4507 564 4552 11661
577 4507 648 4568 -208)
665 4511 724 4554 sont
744 4507 781 4555 les
800 4506 928 4570 dipldmes
937 4506 1046 4554 d'llenri
1058 4506 1108 4561 111,
1119 4505 1156 4553 du
1167 4509 1182 4552 5
1194 4503 1252 4566 juin
1273 4507 1337 4553 1610
1348 4505 1481 4567 (Miraeus
1497 4505 1545 4568 Op.
1556 4504 1629 4567 dipl.
1643 4505 1664 4554 1.

304 4579 371 4640 661),
393 4583 417 4625 et
436 4576 549 4624 d'Othon
571 4579 615 4639 IV,
627 4579 663 4627 du
677 4581 706 4627 16
718 4579 775 4641 juin
793 4582 854 4627 1209
872 4578 926 4641 (16,
940 4579 974 4638 11,
988 4579 1188 4641 7311011111,
1206 4578 1261 4627 l'at.
1273 4577 1345 4635 Bm.
1364 4577 1384 4634 l,
1397 4591 1422 4625 n.
1438 4577 1551 4624 1211-
1567 4581 1590 4626 1.
1603 4577 1666 4625 l'oir

304 4667 330 4703 n.
346 4653 416 4700 1846.
428 4678 460 4685 -
478 4651 500 4698 6.
521 4651 560 4699 Un
575 4653 658 4701 Pierre
677 4653 710 4702 do
729 4653 810 4700 Douar'
831 4651 896 4701 dreit
911 4649 1080 4701 chanoinede
1093 4651 1285 4700 ste-Phara’r'lde
1297 4649 1406 4708 66111111,
1418 4649 1451 4698 de
1463 4649 1665 4698 courtmietde

304 4725 475 4774 sr-Donatien
487 4721 519 4770 de
533 4725 629 4787 Bruges
639 4725 685 4774 des
700 4728 761 4774 1335
774 4725 870 4788 (Videt
884 4739 910 4776 n.
925 4728 971 4774 769
984 4743 990 4784 ;
1012 4725 1142 4788 mairana.
1154 4724 1299 4788 chronolog.
1313 4725 1360 4772 116
1373 4740 1379 4781 ;
1396 4723 1431 4774 cl.
1443 4723 1594 4783 Humorem,
1613 4723 1664 4771 Do-

303 4815 375 4858 num„
387 4813 411 4861 p.
425 4800 488 4862 186).
502 4799 525 4847 11
537 4805 575 4847 est
588 4799 638 4849 cite
650 4814 748 4850 comme
759 4801 867 4849 chantro
879 4801 911 4849 de
924 4801 1051 4848 St·Pierre
1062 4799 1094 4847 de
1107 4799 1173 4848 bille
1184 4799 1207 4847 lo
1224 4801 1255 4846 29
1267 4798 1412 4862 septembre
1424 4799 1486 4846 1316
1499 4797 1663 4858 (Hantcoeur.

307 4871 412 4931 (anu,
430 4875 536 4937 para).
713 4865 716 4872 '
