3650 5675
748 478 834 551 1845,
858 478 878 541 4
900 496 989 543 mars.
1491 479 1550 546 199

188 591 370 715 dignemini
385 650 553 695 reservare
568 642 582 711 3·
594 652 663 697 non
679 634 765 697 obst.
780 630 871 714 quod
896 630 986 695 idem
1000 629 1231 697 Theodoricus
1245 632 1399 717 parroch.
1415 633 1497 698 eccl.
1514 633 1549 697 in

189 735 288 814 Stele,
301 734 391 801 dicte
407 734 581 801 Colonien.
597 736 694 817 dioc,
711 735 859 801 noscitur
874 736 1037 801 obtinere.
1050 776 1094 785 -
1110 733 1187 801 Fiat
1204 733 1244 800 R.

232 839 312 903 Dat.
329 859 383 924 ap.
400 837 651 905 villamnovam
666 863 686 925 4
702 861 781 906 non.
797 847 893 905 mart.
910 846 945 904 a⁰
962 848 1003 925 3⁰.
1020 841 1070 924 (6,
1089 844 1106 904 6
1110 841 1171 924 3').
1223 904 1227 910 .

242 976 474 1058 812-818.
1252 1006 1504 1077 ammas.

233 1095 321 1180 Sign.
338 1094 568 1179 Engelbertus,
585 1094 712 1157 electus
728 1090 898 1172 Leodien.,
915 1092 1015 1176 quod,
1030 1092 1111 1158 licet
1135 1092 1264 1173 civitas,
1281 1092 1392 1178 opida,
1407 1093 1486 1157 ville
1513 1099 1548 1156 et

190 1208 307 1281 castra,
323 1219 456 1263 necnon
473 1196 626 1263 homines
641 1196 763 1261 subditi
785 1196 934 1283 episcopi
950 1204 985 1261 et
1001 1196 1142 1262 ecclesie
1157 1195 1317 1261 Leodien.
1342 1197 1428 1263 inter
1442 1216 1478 1260 se
1494 1196 1548 1261 vel

189 1322 266 1367 cum
282 1302 363 1383 aliis,
375 1302 502 1386 aliquas
513 1300 697 1387 pactiones,
706 1306 817 1384 pacta,
828 1298 1126 1379 confederationes,
1139 1298 1548 1384 alligationes,subrnissio

188 1427 249 1471 nes
277 1408 330 1471 vel
366 1404 625 1490 conjurationes
662 1422 862 1487 quocunque
896 1402 1033 1467 nomine
1071 1410 1278 1482 censeantur,
1304 1403 1374 1467 sine
1401 1402 1549 1487 ipsorum

189 1509 337 1596 episcopi
361 1517 396 1573 et
422 1508 563 1573 ecclesie
588 1526 753 1572 consensu
789 1526 828 1571 ac
855 1506 889 1569 in
914 1506 1061 1592 ipsorum
1088 1506 1318 1592 prejudicium,
1345 1505 1454 1571 facere
1480 1526 1549 1571 non

189 1612 334 1678 debeant
360 1632 470 1697 neque
485 1612 624 1698 possint,
637 1630 700 1677 nec
716 1609 763 1674 eis
776 1610 841 1675 hoc
851 1609 961 1675 facere
974 1610 1103 1675 licuerit
1114 1630 1178 1675 nec
1193 1610 1295 1675 liceat
1310 1632 1318 1690 3
1335 1616 1449 1673 tamen
1460 1610 1550 1675 dicta

191 1716 317 1797 civitas,
334 1724 369 1780 et
385 1716 543 1780 nonnulle
561 1713 819 1779 communitates
834 1722 869 1778 et
885 1713 986 1800 opida
1006 1721 1040 1778 et
1056 1714 1122 1778 alia
1137 1714 1221 1793 loca,
1247 1734 1381 1778 necnon
1397 1712 1550 1778 homines

191 1819 370 1905 supradicti
392 1821 477 1885 tales
492 1819 665 1905 pactiones
681 1826 715 1883 et
736 1826 844 1903 pacta,
861 1818 1158 1898 confederationes,
1175 1818 1392 1903 alligationes,
1412 1818 1550 1885 submis-

191 1924 300 1989 siones
316 1932 350 1989 et
366 1923 614 2008 conjurationes
640 1923 840 2007 quandoque
863 1922 973 1987 facere
984 1929 1262 2008 presumpserunt
1278 1929 1311 1986 et
1327 1929 1552 2006 attemptave-

190 2035 277 2107 runt,
294 2049 335 2092 ex
351 2028 469 2112 quibus
480 2027 621 2113 plurima
635 2028 733 2107 mala,
744 2026 889 2111 dampna
905 2035 940 2090 et
955 2026 1102 2112 pericula
1117 2026 1277 2111 episcopo
1301 2034 1335 2089 et
1351 2025 1492 2089 ecclesie
1512 2046 1552 2091 ac

189 2132 252 2195 toti
269 2132 377 2217 patrie
392 2131 605 2217 episcopatus
621 2128 782 2195 Leodien.
805 2129 1028 2214 contigerunt,
1050 2129 1136 2195 sicut
1153 2128 1360 2215 experientia
1383 2128 1426 2193 de
1451 2129 1551 2214 opido

191 2234 356 2319 Hoyensi,
372 2235 462 2301 dicte
479 2234 631 2313 diocesis,
648 2232 763 2298 docuit
777 2231 841 2296 hiis
856 2231 983 2297 diebus.
997 2230 1099 2297 Unde
1112 2231 1201 2296 idem
1217 2233 1353 2312 electus,
1370 2232 1494 2296 timens
1509 2252 1552 2295 ne

189 2339 222 2403 in
239 2338 388 2404 futurum
404 2338 484 2403 talia
499 2357 558 2423 per
575 2336 758 2415 civitatem,
775 2335 884 2421 opida,
901 2335 997 2401 villas
1012 2342 1048 2401 et
1060 2344 1181 2414 castra,
1198 2355 1331 2401 necnon
1346 2335 1502 2401 homines
1518 2343 1553 2399 et

189 2443 341 2510 subditos
357 2462 433 2507 suos
448 2450 482 2507 et
498 2440 639 2507 ecclesie
666 2448 908 2525 presumantur,
935 2460 1030 2524 supp.
1059 2438 1098 2504 E.
1115 2439 1146 2503 S.
1163 2438 1204 2504 V.
1220 2440 1389 2524 predictus
1416 2442 1552 2521 electus,

189 2548 327 2612 nomine
343 2567 403 2611 suo
419 2553 454 2610 et
469 2544 560 2611 dicte
576 2565 634 2610 sue
651 2544 801 2623 ecclesie,
812 2549 902 2626 quat.
912 2542 1095 2626 dignemini
1113 2543 1174 2607 sibi
1190 2563 1288 2627 super
1300 2543 1366 2608 hoc
1377 2542 1554 2629 providere

189 2650 231 2715 de
243 2650 392 2715 remedio
402 2658 594 2736 opportuno
599 2670 607 2728 ;
621 2646 833 2713 decernendo
843 2665 976 2710 exnunc
985 2666 1201 2729 quascunque
1210 2646 1386 2731 pactiones
1398 2655 1432 2712 et
1443 2654 1554 2732 pacta,

191 2754 410 2839 alligationes,
434 2752 733 2831 confederationes
755 2748 991 2815 submissiones
1014 2758 1048 2814 et
1069 2748 1326 2833 conjurationes,
1354 2771 1555 2835 quocunque

190 2860 328 2923 nomine
344 2865 552 2936 censeantur,
565 2857 670 2922 factas
680 2875 740 2942 per
749 2875 966 2939 quoscunque
981 2856 1023 2919 de
1038 2854 1178 2920 subditis
1190 2855 1338 2941 episcopi
1362 2864 1397 2921 et
1413 2855 1554 2922 ecclesie

192 2961 361 3042 Leodien.,
377 2961 432 3025 vel
447 2959 619 3025 faciendas
635 2959 668 3024 in
685 2959 839 3036 futurum,
855 2959 926 3024 sine
942 2958 1090 3044 ipsorum
1117 2980 1292 3040 consensu,
1309 2959 1379 3024 sive
1395 2981 1452 3026 eas
1468 2959 1554 3025 fece-

190 3067 256 3132 rint
272 3075 328 3132 aut
345 3066 469 3132 faciant
484 3065 547 3151 ipsi
563 3065 685 3130 subditi
702 3065 789 3130 inter
804 3085 840 3130 se
861 3073 919 3129 aut
935 3084 1012 3129 cum
1028 3063 1204 3143 extraneis,
1218 3062 1288 3128 fore
1304 3071 1339 3127 et
1354 3084 1426 3128 esse
1436 3064 1553 3144 nullas,

190 3171 297 3236 irritas
324 3178 358 3235 et
385 3169 512 3249 inanes,
528 3189 568 3234 ac
583 3169 706 3233 nullius
729 3169 862 3254 penitus
882 3189 955 3233 esse
970 3169 1107 3247 roboris,
1125 3166 1292 3231 [inuitatis
1306 3168 1361 3230 vel
1376 3167 1553 3249 momenti,

190 3273 321 3338 etiamsi
352 3272 461 3337 forent
485 3272 677 3357 juramento
703 3273 838 3352 vallata,
877 3291 942 3337 nec
973 3291 1030 3336 eas
1053 3280 1169 3335 tenere
1196 3280 1254 3336 aut
1280 3273 1391 3335 valere
1419 3292 1554 3356 quoquo

191 3377 293 3442 modo
312 3399 319 3456 ;
348 3375 414 3462 [et]
433 3385 629 3441 executores
646 3396 744 3462 super
758 3375 826 3440 hoc
842 3375 1027 3440 concedere
1037 3395 1114 3440 cum
1129 3382 1301 3460 potestate
1317 3377 1552 3461 compescendi

192 3499 331 3545 censura
345 3479 573 3545 ecclesiastica
597 3479 859 3546 contradictores
874 3486 909 3543 et
925 3481 1065 3543 rebelles
1081 3487 1115 3544 et
1132 3479 1188 3542 illa
1204 3479 1306 3543 etiam
1322 3481 1552 3560 observantes;

191 3591 249 3648 aut
264 3583 540 3649 constitutionem
557 3585 715 3668 penalem
737 3583 836 3648 edere
861 3582 895 3647 in
923 3582 1072 3647 favorem
1097 3580 1201 3666 ipsius
1228 3580 1387 3648 Leodien.
1413 3582 1554 3646 ecclesie

192 3695 310 3752 contra
326 3687 396 3771 ejus
411 3687 561 3752 subditos
576 3687 657 3752 talia
672 3689 726 3751 vel
743 3687 863 3752 similia
887 3688 1105 3772 imposterum
1132 3695 1372 3771 presumentes.
1388 3726 1431 3735 -
1455 3685 1554 3751 Fiant

191 3789 225 3853 in
242 3791 439 3855 cancellaria
453 3791 565 3854 littere
581 3790 624 3855 de
647 3791 717 3874 jam
734 3790 830 3856 factis
854 3799 913 3855 aut
941 3789 1058 3855 fiendis
1084 3798 1202 3854 contra
1226 3789 1413 3870 ecclesiam,
1439 3791 1554 3874 quales

188 3892 320 3978 justitia
336 3893 485 3978 patietur
503 3893 541 3958 R.
558 3904 577 3959 ¹.

237 4035 315 4096 813.
339 4027 426 4094 Item
447 4051 541 4116 supp.
564 4030 652 4094 idem
680 4031 816 4109 electus,
840 4038 930 4114 quat.
947 4051 1033 4109 cum,
1051 4031 1135 4095 sicut
1152 4028 1183 4093 S.
1200 4028 1239 4093 V.
1256 4029 1361 4108 norit,
1378 4029 1503 4094 auxilio
1519 4041 1554 4094 et

191 4131 380 4197 assistentia
395 4134 568 4212 baronum,
585 4133 747 4198 nobilium
775 4141 809 4196 et
836 4132 974 4197 aliarum
994 4151 1222 4217 personarum,
1237 4141 1309 4197 tam
1324 4153 1386 4218 pro
1402 4133 1468 4197 suis
1483 4139 1496 4165 ¹¹
1519 4141 1553 4198 et

192 4235 332 4301 ecclesie
348 4256 405 4300 sue
417 4235 553 4319 juribus,
570 4257 672 4320 quam
687 4257 749 4321 pro
765 4236 892 4300 honore
909 4236 940 4300 S.
953 4235 1050 4300 Rom.
1070 4235 1161 4299 Eccl.
1178 4235 1211 4300 in
1228 4235 1376 4320 partibus
1391 4238 1553 4301 Alaman-

192 4340 247 4404 nie
272 4341 507 4406 conservandis
532 4347 566 4404 et
590 4339 817 4420 defendendis,
841 4339 988 4423 indigere
1011 4346 1189 4418 noscatur3
1207 4348 1241 4402 et
1257 4340 1299 4403 ob
1316 4340 1381 4404 hoc
1398 4347 1554 4424 oporteat

191 4442 282 4526 quod
308 4442 389 4528 ipse,
415 4443 494 4529 ipsis
517 4452 552 4508 et
576 4462 692 4507 eorum
719 4441 801 4521 filiis,
823 4442 1002 4526 nepotibus
1025 4451 1059 4505 et
1082 4442 1337 4526 consanguineis
1360 4443 1489 4508 clericis
1515 4463 1551 4507 se

192 4547 350 4612 exhibeat
376 4549 581 4632 gratiosum;
607 4545 667 4610 sibi
695 4545 728 4608 iu
755 4565 813 4609 sua
840 4544 1022 4609 cathedrali
1047 4545 1198 4624 ecclesia,
1222 4555 1257 4609 et
1280 4545 1352 4610 aliis
1368 4546 1555 4630 collegiatis

225 4735 253 4795 a)
269 4733 326 4784 (bd.
339 4749 391 4786 sua.

229 4915 249 4958 l.
262 4911 301 4958 Cf.
315 4910 444 4968 Bormans,
461 4909 567 4968 camut,
589 4909 630 4966 lv,
645 4910 726 4957 30-31.
