3650 5675
323 515 384 579 574
851 511 936 589 1351,
961 510 1015 574 or
1033 510 1144 593 juvo.

321 662 595 731 determinaverit
610 683 651 729 ac
666 661 883 749 assignaverit
892 661 936 728 ad
950 661 1139 747 legendum,
1149 672 1187 729 ut
1199 664 1412 751 premittitur,
1428 666 1485 750 qui
1500 686 1608 732 annus
1618 664 1681 731 fuit

322 770 382 835 sibi
408 768 624 833 confirmatus
654 788 674 832 a
699 766 845 852 generali
875 774 910 833 et
940 764 1174 833 diffinitoribus
1203 767 1285 835 dicti
1316 768 1440 835 ordinis
1469 770 1505 835 in
1531 769 1681 856 capitulo

321 871 466 959 generali
489 870 647 951 Metensi,
667 870 804 956 ipseque
825 872 925 937 frater
939 869 1114 948 Johannes
1129 872 1259 940 dubitet
1274 894 1334 959 per
1350 894 1426 940 suos
1441 875 1571 941 emulos
1582 894 1681 961 super

322 977 490 1065 premissis
512 976 681 1042 molestari
703 999 711 1058 ;
737 975 920 1061 dignemini
950 976 1109 1062 premissa
1133 977 1246 1044 omnia
1272 979 1475 1046 auctoritate
1499 987 1608 1065 apost.
1638 999 1680 1043 ex

323 1089 413 1147 certa
438 1080 577 1146 scientia
600 1079 798 1146 confirmare
814 1089 849 1146 et
864 1082 1049 1166 approbare
1068 1102 1076 1162 ;
1094 1100 1162 1146 non
1178 1083 1265 1148 obst.
1281 1082 1533 1167 quibuscunque
1558 1082 1681 1149 consti-

322 1185 508 1251 tutionibus
530 1204 589 1250 seu
612 1184 876 1251 ordinationibus
901 1184 998 1250 factis
1028 1186 1082 1249 vel
1112 1186 1231 1253 fiendis
1258 1186 1400 1254 Parisius
1416 1188 1450 1252 in
1465 1187 1681 1265 contrarium,

322 1290 425 1354 etiam
451 1288 643 1373 juramento
669 1289 812 1369 vallatis,
840 1309 903 1361 nec
934 1288 1023 1372 quod
1052 1288 1115 1354 fuit
1144 1292 1279 1356 alterius
1308 1290 1476 1375 religionis
1504 1290 1681 1376 professuS,

322 1393 450 1458 scilicet
474 1392 645 1459 Minorum
665 1415 673 1474 ;
691 1400 725 1457 et
742 1393 831 1476 quod
846 1392 1060 1477 magistretur
1075 1392 1218 1460 Parisius
1232 1403 1385 1480 tempore
1401 1403 1436 1459 et
1451 1396 1526 1461 loco
1542 1414 1681 1461 consue·

321 1498 374 1579 tis,
397 1504 432 1562 et
448 1496 538 1582 quod
552 1496 758 1563 reabilitetur
784 1497 827 1562 ad
852 1516 988 1561 omnem
1014 1496 1153 1581 gradum
1180 1506 1214 1563 et
1237 1506 1349 1564 actum
1367 1506 1432 1565 etc.
1455 1506 1493 1563 ut
1509 1499 1542 1562 in
1557 1497 1682 1564 talibus

323 1600 392 1665 fieri
410 1602 452 1667 sit
468 1609 676 1667 consuetum.
693 1640 736 1649 -
753 1598 828 1665 Fiat
845 1598 885 1665 R.

367 1706 446 1772 Dat.
462 1706 561 1771 Avin.
578 1730 597 1790 4
613 1726 693 1772 non.
706 1706 778 1790 julii
796 1714 829 1770 a⁰
850 1712 909 1770 10⁰.
928 1706 999 1789 (21,
1018 1707 1084 1789 57).

374 1861 516 1944 2214.
1366 1894 1460 1958 1351,
1477 1875 1497 1939 ό
1516 1872 1637 1955 juillet.

346 1982 468 2068 ,Supp
493 1980 596 2066 Hugo
611 1980 653 2046 de
671 1978 874 2060 Florentia¹,
899 1972 1116 2045 cancellarius
1140 1978 1338 2059 Tomacen,
1364 1999 1405 2044 ac
1428 1998 1535 2064 nepos
1559 1976 1682 2062 bo(ue)

325 2086 517 2172 me(morie)
556 2085 731 2151 cardinalis
760 2084 959 2161 Tornacen,
999 2091 1091 2167 quat.
1122 2084 1164 2149 de
1194 2085 1299 2149 altera
1336 2082 1490 2169 portione
1527 2081 1681 2168 parroch.

325 2191 466 2258 ecclesie
484 2189 515 2255 S.
532 2188 646 2255 Crucis
657 2190 753 2274 juxta
769 2187 895 2273 BrugiS,
920 2187 1106 2253 Tornacen.
1133 2186 1230 2268 dioc,
1258 2208 1329 2253 vac.
1356 2208 1415 2273 per
1441 2189 1495 2253 ob.
1512 2185 1683 2271 quondam

326 2294 485 2362 Rassonis
500 2294 542 2360 de
560 2292 658 2375 Foru,
684 2294 739 2378 qui
764 2300 859 2358 extra
878 2290 976 2356 Rom.
993 2291 1119 2357 curiam
1135 2291 1288 2372 decessit,
1304 2298 1483 2372 reservata,
1499 2270 1681 2375 dig'nemini

324 2398 499 2486 providere
517 2421 526 2478 ;
553 2418 621 2462 non
638 2400 723 2463 obst.
740 2396 830 2482 quod
845 2416 919 2462 can.
935 2404 970 2460 et
986 2398 1077 2481 preb.
1094 2416 1170 2461 cum
1197 2395 1338 2481 simplici
1355 2394 1468 2461 officio
1483 2394 1683 2460 cancellarie

324 2505 357 2569 in
373 2504 561 2569 Tomacen.
578 2510 613 2567 et
635 2502 665 2567 S.
678 2501 766 2566 Petri
778 2499 992 2581 Casletensis,
1004 2497 1172 2566 Morinen.
1185 2499 1282 2580 dioc,
1294 2488 1452 2580 ec'clesiiS,
1463 2508 1497 2566 et
1513 2498 1682 2583 quandam

324 2610 488 2695 capellan.
504 2609 601 2673 sitam
622 2607 655 2672 in
682 2618 792 2672 castro
816 2625 873 2670 seu
897 2604 1049 2670 manerio
1073 2603 1199 2671 domini
1225 2604 1266 2669 de
1293 2603 1471 2685 MamineS,
1494 2604 1583 2671 dicte
1597 2602 1683 2669 Tor-

322 2734 440 2779 nacen.
457 2713 554 2790 dioc,
571 2712 732 2790 obtineat,
749 2709 906 2794 quodque
929 2708 1130 2775 auctoritate
1146 2717 1257 2773 vestra
1273 2709 1307 2774 in
1324 2708 1465 2775 ecclesia
1480 2709 1684 2774 Ambianen.

323 2815 537 2904 prebendam,
554 2824 588 2883 et
604 2814 648 2882 ad
664 2815 739 2883 coll.
762 2813 910 2901 episcopi
928 2823 963 2880 et
978 2814 1115 2902 capituli
1134 2814 1199 2902 [et]
1215 2814 1419 2900 singulorum
1442 2813 1685 2882 canonicorum

323 2922 463 2988 ecclesie
488 2921 654 2986 Fesulane
679 2919 879 2984 beneficium
907 2919 1170 2985 ecclesiasticum
1198 2940 1226 2984 c.
1254 2940 1283 2985 c.
1310 2921 1364 2985 vel
1391 2941 1416 2986 s.
1444 2941 1472 2986 c.
1503 2927 1685 3004 expectare

322 3033 481 3091 noscatur
497 3048 505 3104 ;
523 3045 599 3091 cum
615 3023 734 3090 ceteris
748 3043 817 3088 non
834 3026 920 3090 obst.
936 3064 980 3072 —
996 3021 1073 3089 Fiat
1089 3022 1130 3088 R.

367 3129 446 3194 Dat.
462 3129 561 3194 Avin.
579 3149 596 3193 2
613 3148 691 3194 non.
705 3127 776 3214 julii
793 3135 825 3192 a⁰
845 3133 906 3192 10⁰.
924 3129 994 3208 (21,
1013 3129 1095 3211 54').

373 3283 510 3366 2215.
1373 3317 1467 3381 1351,
1485 3315 1505 3382 7
1514 3297 1637 3379 juillet.

367 3401 467 3468 Motu
493 3401 627 3488 proprio
652 3399 866 3487 providemus
892 3399 1075 3465 Guillelmo
1103 3398 1289 3480 Rastelerii,
1314 3401 1467 3467 familiari
1491 3410 1616 3482 nostro,
1639 3403 1685 3469 de

323 3527 396 3574 can.
412 3514 446 3571 et
462 3508 554 3591 preb.
571 3505 712 3571 ecclesie
729 3504 943 3585 Casletensis,
961 3502 1129 3570 Morinen.
1144 3503 1242 3597 dioc,
1257 3525 1333 3570 cum
1349 3507 1503 3572 omnibus
1511 3507 1638 3593 juribus
1648 3519 1687 3574 et

323 3609 534 3697 pertinentiis
558 3609 762 3689 eorumdem,
786 3626 859 3673 vac.
883 3628 943 3694 per
964 3615 1108 3673 mortem
1124 3606 1144 3685 J
1147 3608 1290 3674 ohannis
1305 3609 1347 3674 de
1364 3609 1573 3677 Collemedio
1588 3627 1610 3692 ²,
1626 3614 1686 3696 qui

323 3724 417 3781 extra
448 3714 546 3781 Rom.
578 3713 703 3780 curiam
733 3712 823 3779 diem
854 3711 975 3778 clausit
1008 3720 1206 3792 extremum,
1244 3719 1280 3776 et
1316 3733 1376 3798 per
1412 3715 1687 3782 reservationem.

323 3819 485 3885 Volumus
509 3827 632 3897 autem,
650 3817 749 3901 quod,
771 3836 848 3883 curn
866 3815 1110 3902 possessionem
1137 3815 1303 3881 dictorum
1326 3817 1544 3884 canonicatus
1559 3826 1593 3883 et
1608 3839 1686 3904 pre-

322 3923 432 3989 bende
448 3924 545 3988 fuerit
561 3929 741 4003 assecutus,
757 3920 910 4006 parroch.
927 3919 1102 3985 ecclesiam
1119 3918 1161 3984 de
1177 3919 1406 4006 Domaysauo,
1424 3919 1559 3988 Uticen.
1583 3923 1684 4004 dioc,

323 4050 422 4115 quam
450 4027 607 4114 possidet,
635 4026 804 4092 dimittere
831 4032 984 4089 teneatur
1000 4047 1008 4104 ;
1033 4043 1109 4089 cum
1126 4043 1194 4089 non
1210 4026 1296 4090 obst.
1312 4064 1355 4073 —
1372 4023 1448 4091 Fiat
1465 4025 1505 4092 R.
1521 4065 1564 4075 -—
1580 4025 1685 4094 Motu

323 4133 467 4219 propri0,
486 4131 526 4197 R.

368 4238 448 4302 Dat.
465 4237 563 4302 Avin.
579 4256 658 4301 non.
671 4234 743 4320 julii
760 4241 793 4299 a⁰
814 4241 874 4299 10⁰.
890 4239 902 4266 ⁸
919 4235 989 4316 (21,
1011 4252 1044 4296 11
1055 4252 1074 4305 1.

374 4390 514 4474 2216.
1374 4421 1467 4485 1351,
1485 4421 1505 4486 7
1515 4401 1639 4483 juillet.

369 4511 470 4595 Supp.
487 4509 586 4574 frater
601 4506 621 4585 J
624 4508 782 4586 ohannes,
794 4505 971 4592 episcopus
986 4503 1205 4570 Tricastrinus
1217 4524 1238 4582 ³,
1251 4513 1341 4589 quat.
1357 4505 1489 4592 [nepoti
1506 4527 1566 4570 suo
1582 4505 1688 4575 Petro

354 4697 382 4758 a)
397 4697 436 4743 011
449 4711 464 4743 a
476 4693 538 4742 bino
550 4695 573 4744 la
587 4691 710 4756 premiere
721 4693 781 4740 dato
796 4708 800 4740 :
815 4691 911 4738 XIIII
923 4689 1053 4753 leuljmn'i
1066 4698 1092 4736 11⁰
1105 4691 1153 4738 10⁰.

323 4827 568 4838 ——-—-——-

358 4907 379 4952 l.
392 4903 469 4964 Hugo
488 4903 521 4950 do
534 4901 655 4964 llaupilis
670 4917 675 4958 ;
697 4899 855 4951 voltum,
869 4899 990 4953 181505.
1004 4898 1057 4954 661,
1072 4896 1141 4944 1391.
1161 4923 1192 4932 -
1211 4897 1233 4941 2.
1246 4894 1308 4942 l'oir
1324 4909 1349 4942 n.
1367 4896 1438 4942 2174.
1450 4921 1481 4929 -
1498 4894 1521 4941 3.
1538 4893 1605 4942 Jeen
1626 4895 1686 4951 Cot.

323 4978 416 5027 ancien
428 4975 467 5025 ev.
479 4975 510 5024 dc
523 4975 614 5023 (lmese
626 4974 731 5038 (Euboi,
745 4973 764 5032 l,
777 4969 849 5032 525);
864 4972 918 5017 voir
929 4985 954 5018 n.
968 4971 1037 5028 1387,
1051 4970 1121 5017 1437.
