3650 5675
258 491 318 555 508
819 487 911 553 1850.
930 486 970 551 12
988 485 1057 551 mai.

256 642 363 726 gratia
378 641 439 707 sibi
456 641 546 707 lacta
559 638 779 717 mentionem,
795 636 930 703 dubitat
944 658 987 701 ne
1002 657 1062 701 sua
1077 636 1247 723 prebenda
1273 638 1458 705 secundum
1480 640 1617 724 premis·

258 767 331 811 sum
353 754 517 811 statutum
533 764 605 809 esse
627 742 750 809 debeat
773 741 1007 826 presbiteralis,
1031 740 1213 825 dignemini
1240 740 1429 825 hujusmodi
1458 743 1618 827 provisio-

258 871 337 915 nem
359 858 395 914 et
409 868 621 934 quocrnnqne
645 846 724 911 inde
745 852 861 911 secuta
878 846 1123 925 confinnare...;
1139 864 1209 911 non
1236 848 1323 911 obst.
1349 846 1441 929 quod
1462 846 1505 911 de
1521 848 1616 912 altari

260 949 299 1014 B.
316 948 365 1015 M.
381 950 434 1014 siti
451 950 485 1015 in
501 950 583 1015 eccl.
600 950 631 1015 S.
648 949 801 1035 Dyonisii
819 948 980 1014 Leodien.
992 947 1104 1013 eidem
1123 949 1167 1013 sit
1189 949 1393 1034 provisum...
1410 989 1439 1000 -
1460 949 1618 1017 Provide·

259 1061 379 1118 muset
401 1054 633 1139 dispensamus
657 1053 697 1118 R.

303 1156 383 1221 Dat.
399 1178 452 1242 ap.
470 1156 718 1223 villamnovam
734 1181 753 1241 4
771 1156 814 1223 id.
830 1156 910 1223 maii
928 1164 962 1221 a⁰
978 1160 1022 1223 8⁰.
1039 1159 1112 1242 (18,
1128 1156 1165 1223 P.
1182 1155 1229 1236 11,
1247 1158 1315 1240 72).

314 1302 453 1387 1953·
1329 1336 1423 1399 1350,
1441 1338 1482 1381 12
1499 1319 1578 1383 mai.

303 1420 404 1506 Supp'.
422 1420 629 1502 Guillelmus,
653 1422 843 1486 vicecomes
858 1419 1039 1486 Bellifortis
1054 1428 1090 1485 et
1107 1418 1214 1501 Mote,
1230 1429 1321 1503 quat.
1339 1420 1532 1507 [capellano
1560 1442 1621 1487 sno

260 1523 423 1611 Jobanni]
453 1524 495 1590 de
511 1524 678 1591 Wavrans
705 1525 786 1591 alias
810 1526 973 1609 Arragon.
995 1539 1016 1605 ¹,
1032 1524 1232 1590 Ambianen.
1256 1525 1355 1605 dioc.,
1372 1546 1446 1591 can.
1470 1534 1506 1591 et
1528 1529 1620 1611 preb.

260 1628 292 1693 S.
306 1628 395 1693 Petri
410 1628 569 1709 Ariensis,
587 1628 756 1694 Morinen.
772 1627 870 1708 dioc.,
886 1649 962 1693 vac.
977 1648 1037 1713 per
1060 1631 1114 1694 ob.
1138 1627 1246 1711 Egidii
1264 1627 1450 1709 Lrbourde,
1472 1629 1622 1695 conferre

260 1733 467 1817 dignemini;
492 1754 562 1799 non
585 1737 670 1800 obst.
698 1732 789 1817 quod
814 1733 952 1818 paroch.
976 1735 1058 1798 eccl.
1074 1732 1118 1798 de
1141 1731 1312 1817 Brimeyo,
1337 1733 1429 1799 dicte
1454 1732 1622 1798 Morinen.

260 1836 358 1917 dioc.,
372 1838 525 1902 obtineat
539 1846 573 1903 et
589 1837 680 1923 quod
703 1838 764 1903 sibi
788 1837 887 1903 luerit
901 1838 1072 1924 provisum
1093 1837 1137 1903 de
1160 1858 1235 1903 can.
1258 1846 1294 1902 et
1315 1840 1409 1923 preb.
1431 1838 1463 1902 S.
1487 1837 1622 1903 Nicolai

261 1940 295 2005 in
322 1942 466 2007 claustro
488 1942 699 2025 Ambianen,
726 1941 768 2007 de
795 1941 914 2026 quibos
939 1961 1008 2006 non
1033 1950 1086 2006 est
1118 1941 1261 2027 adeptus
1290 1941 1546 2026 possessionem.
1579 1980 1623 1990 -

264 2044 340 2110 Fiat
364 2044 405 2112 R.

306 2149 385 2213 Dat.
401 2169 454 2234 ap.
471 2148 723 2216 l⁷illamnovam
737 2174 757 2235 4
774 2150 818 2216 id.
834 2150 914 2215 maii
930 2157 963 2215 a⁰
980 2152 1023 2215 8⁰.
1040 2152 1054 2234 (
1058 2155 1112 2231 18,
1130 2149 1166 2217 P.
1183 2149 1229 2232 11,
1247 2152 1315 2235 72).

318 2294 459 2377 1954.
1318 2330 1413 2395 1350,
1437 2331 1478 2375 12
1502 2311 1579 2374 moi.

307 2412 409 2498 Supp.
426 2412 457 2478 S.
474 2413 513 2478 V.
529 2412 550 2491 J
552 2415 702 2480 ohannes
718 2414 868 2480 Serclaes
883 2415 926 2480 de
942 2412 1100 2480 Bruxella
1111 2427 1132 2495 ²,
1143 2414 1282 2481 clericus
1298 2413 1512 2479 Cameracen.
1524 2412 1624 2490 dioc.,

262 2515 317 2581 lic.
341 2515 374 2579 in
403 2524 528 2581 artae
554 2518 665 2601 legum
689 2518 809 2584 doctor
836 2518 1035 2599 Aurelianis,
1061 2528 1141 2584 actu
1166 2539 1284 2603 regens
1314 2528 1349 2583 et
1379 2518 1567 2583 bacularius
1590 2516 1625 2580 in

263 2619 416 2699 decretis
430 2620 486 2697 oui
499 2641 655 2706 magnam
672 2630 802 2707 partem
818 2622 1010 2707 patrimonii
1023 2622 1071 2687 sui
1085 2620 1202 2687 studiis
1212 2620 1397 2688 insistendo
1410 2620 1626 2707 consumpsit,

264 2732 356 2807 quat.
373 2725 433 2789 sibi
450 2725 630 2810 specialem
646 2726 787 2811 gratiam
804 2726 965 2792 facientes
987 2727 1030 2791 de
1053 2747 1128 2793 can.
1144 2735 1179 2791 et
1194 2730 1283 2813 preb.
1301 2746 1376 2793 cum
1392 2727 1628 2812 supplemento

266 2826 406 2894 ecclesie
438 2826 467 2892 T
468 2828 627 2913 rajecten.
651 2851 724 2896 vac.
752 2851 811 2917 per
835 2832 890 2896 ob.
914 2828 1085 2895 Wilhelmi
1120 2829 1163 2896 de
1199 2829 1299 2897 Roelt
1314 2842 1326 2876 ³
1344 2832 1515 2899 collationi
1539 2832 1628 2899 sedis

267 2939 374 3016 apost.
398 2939 477 2996 ante
492 2933 562 3016 ejus
578 2936 632 2999 ob.
648 2935 834 3012 reservatis,
859 2935 969 2999 eidem
983 2933 1132 3011 Jobanni
1147 2934 1330 3019 dignemini
1346 2938 1541 3021 providere;
1557 2959 1626 3003 non

268 3036 354 3099 obst.
369 3035 475 3118 gratia
490 3035 551 3100 sibi
568 3036 658 3102 facta
674 3057 733 3122 per
749 3037 780 3102 S.
797 3036 836 3101 V.
854 3037 897 3101 ad
913 3039 990 3102 coll.
1006 3046 1081 3119 etc,
1106 3037 1254 3123 episcopi
1277 3047 1313 3103 et
1328 3040 1463 3125 capituli
1487 3041 1627 3106 ecclesie

269 3136 428 3202 Leodien.
452 3139 514 3202 etsi
538 3139 572 3202 in
596 3141 677 3205 eccl.
702 3139 885 3205 cathedrali
910 3141 1043 3206 existat.
1066 3179 1110 3190 —
1134 3140 1210 3206 Fiat
1234 3141 1274 3208 R.

312 3240 390 3304 Dat.
407 3261 460 3325 ap.
477 3239 723 3309 Villamnovam
740 3267 759 3329 4
776 3244 818 3309 id.
834 3245 914 3310 maii
932 3253 965 3309 a⁰
981 3247 1025 3310 8⁰.
1042 3248 1112 3329 (18,
1130 3243 1166 3310 P.
1183 3243 1230 3326 11,
1247 3247 1315 3330 80).

323 3377 464 3460 1955.
1337 3415 1432 3478 1350,
1450 3416 1491 3460 rs
1508 3397 1585 3460 moi.

314 3494 416 3580 Supp.
428 3494 564 3579 Egidius
575 3495 618 3562 de
631 3495 659 3560 F
661 3516 726 3560 eno
736 3507 756 3576 ⁴,
771 3517 857 3580 mag.
874 3496 908 3560 in
919 3497 1046 3580 slacra)
1059 3497 1174 3576 theol..
1187 3506 1277 3580 quat.
1287 3499 1349 3563 sibi
1359 3499 1401 3564 de
1413 3507 1527 3564 canet
1535 3502 1629 3585 preb.

268 3599 408 3664 ecclesie
424 3602 648 3680 Attrebaten,
664 3620 741 3665 cum
756 3600 885 3664 lectura
901 3600 935 3663 in
951 3599 1058 3664 forma
1080 3600 1152 3664 aliis
1166 3601 1333 3684 magistris
1355 3603 1390 3666 in
1405 3603 1510 3667 theol.
1535 3601 1629 3666 Pari-

268 3703 323 3768 siis
339 3723 499 3769 concessa
511 3726 520 3782 ;
546 3724 615 3769 non
642 3705 730 3768 obst.
756 3702 846 3785 quod
869 3702 1081 3783 decanatum,
1106 3705 1325 3770 canonicatus
1337 3714 1372 3770 et
1387 3705 1574 3790 prebendas
1589 3704 1627 3769 B.

268 3804 317 3870 M.
334 3805 563 3872 Curtracensis
578 3814 613 3870 et
629 3807 661 3870 S.
679 3804 768 3870 Petri
791 3805 971 3870 Insolensis
985 3805 1214 3888 ecclesiarum,
1229 3807 1417 3875 Tomacen.
1432 3809 1532 3888 dioc.,
1548 3829 1628 3874 nec-

267 3930 336 3974 non
362 3930 437 3975 can.
463 3913 522 3974 sub
548 3931 624 3996 exp.
650 3915 742 3996 preb.
767 3911 956 3976 Tomacen.
990 3910 1132 3974 ecclesie
1157 3911 1308 3976 noscitur
1338 3912 1500 3990 obtinere,
1525 3931 1626 3996 quem

268 4012 403 4095 quidem
427 4013 666 4078 canonicatum
687 4015 877 4080 Tomacen.
898 4025 1033 4099 paratus
1054 4021 1106 4077 est
1128 4013 1308 4080 dimittere.
1330 4051 1375 4060 -
1398 4014 1476 4080 Fiat
1499 4014 1540 4080 R.

312 4115 391 4181 Dat.
407 4137 462 4202 ap.
478 4116 726 4183 villamnovam
742 4141 762 4202 4
778 4117 823 4182 id.
839 4117 917 4182 maii
933 4125 966 4181 a⁰
978 4119 1022 4181 8⁰.
1038 4118 1110 4201 (18,
1127 4116 1165 4181 P.
1181 4115 1228 4198 ΙΙ,
1244 4121 1313 4203 81).

321 4253 464 4338 1956
1335 4289 1429 4353 1350,
1447 4291 1486 4335 12
1504 4271 1582 4334 nrar'.

311 4371 411 4458 Supp.
435 4370 633 4437 Guillelmus
660 4371 787 4438 Coinde
800 4379 819 4454 ⁵,
833 4371 1041 4458 jurisperitus
1066 4371 1288 4456 magisterque
1311 4373 1344 4436 in
1370 4381 1431 4437 art.
1455 4393 1494 4438 ac
1514 4373 1626 4457 capel-

266 4477 363 4541 lanus
378 4483 413 4540 et
428 4476 571 4541 vicarius
583 4477 746 4560 generalis
762 4474 969 4560 G(uid0nis),
992 4476 1045 4541 tit.
1059 4475 1091 4540 S.
1108 4473 1232 4540 Cecilie
1252 4476 1424 4561 presbiteri
1441 4474 1626 4554 cardinalis

267 4579 354 4645 sedis
369 4580 553 4665 apostolice
579 4580 691 4665 legati,
718 4581 760 4645 de
787 4600 861 4644 can.
878 4587 912 4644 et
936 4581 1027 4664 preb.
1052 4579 1195 4644 ecclesie
1220 4577 1438 4645 Cameracen.
1453 4587 1491 4644 ut
1506 4576 1628 4643 dicitur

272 4751 520 4758 --—---—-——-

302 4844 322 4888 1.
335 4841 396 4888 Volr
407 4857 432 4889 n.
446 4843 514 4893 1513.
535 4843 648 4890 1798-
665 4845 687 4889 2.
698 4842 759 4891 Voir
779 4857 804 4890 n.
819 4843 899 4898 17303
918 4841 1002 4891 Brom.
1016 4839 1090 4888 Ball.
1109 4841 1133 4888 Τ
1131 4840 1225 4903 rnjrwt,
1242 4853 1269 4888 n.
1281 4840 1397 4888 1311-
1412 4839 1436 4888 3.
1450 4837 1491 4886 Cf.
1503 4836 1587 4894 Brom,
1600 4850 1626 4883 n.

270 4915 338 4972 1313,
354 4915 423 4963 13111.
437 4942 469 4949 -
482 4917 504 4962 l.
516 4915 579 4962 Yoir
590 4929 615 4962 n.
628 4918 682 4962 515.
696 4943 727 4950 —
739 4920 761 4963 ῦ.
774 4915 836 4962 Voir
848 4929 873 4963 n.
893 4917 945 4967 150.
959 4917 1013 4972 982,
1029 4916 1097 4961 1092.
