3650 5675
715 495 812 575 1842.
826 498 918 565 80-31
941 497 1028 565 mal'
1526 500 1545 564 7

180 659 297 743 capell.
306 658 350 723 de
363 638 550 743 Leregueto
561 679 585 724 s.
597 679 636 738 c.,
654 655 895 721 Montisalban.
907 653 1005 734 dioc,
1017 652 1167 719 noscitur
1181 653 1342 719 obtinere.
1352 692 1395 704 -
1408 652 1485 719 Fiat
1502 653 1543 721 R.

221 761 300 826 Dat.
317 761 415 826 Avin.
434 782 450 847 5
468 761 535 828 kal.
550 762 632 848 J'unii
649 768 683 827 a⁰
703 768 742 826 1⁰.
760 759 804 840 (I,
825 759 891 843 12).

228 922 309 1005 26.
1250 956 1345 1019 134²r
1359 955 1404 1020 3⁰
1420 937 1498 1003 rnoi.

220 1038 321 1126 Supp.
344 1039 526 1120 Johannes‚
549 1040 616 1107 dux
638 1039 857 1121 Nonnannie,
879 1047 971 1124 quat.
992 1038 1162 1125 [Henrico
1184 1038 1292 1126 dicto]
1322 1039 1368 1106 du
1389 1038 1479 1106 Lard
1498 1040 1541 1107 de

179 1164 250 1208 can.
270 1144 352 1209 eccl.
376 1144 407 1209 S.
423 1144 540 1210 Amati
563 1144 759 1224 Duacensis,
776 1145 989 1209 Attrebaten.
1005 1142 1102 1224 dioc,
1118 1142 1300 1228 dignemini
1316 1144 1491 1229 providere
1506 1153 1541 1210 et

179 1250 268 1333 preb.
285 1267 461 1329 reservare,
474 1268 542 1314 non
573 1251 658 1314 obst.
686 1246 776 1332 quod
802 1247 955 1334 panoclr.
974 1248 1056 1313 eccl.
1071 1246 1114 1311 de
1142 1245 1262 1311 Heries
1281 1256 1301 1327 ¹,
1325 1245 1540 1317 Cameracen.

178 1351 276 1431 dioc..
302 1371 342 1416 ac
361 1351 543 1435 quamdam
568 1353 686 1439 capell.
705 1352 739 1417 in
759 1353 840 1418 eccl.
857 1350 1072 1417 Cameracen.
1099 1351 1247 1418 noscitur
1262 1352 1413 1417 obtinere
1429 1391 1470 1402 -
1485 1353 1539 1417 vel

178 1456 210 1520 in
239 1456 320 1522 eccl.
344 1456 376 1522 S.
403 1454 517 1523 Crucis
540 1456 757 1522 Cameracen.
773 1496 816 1506 —
832 1455 907 1523 Fiat
923 1456 964 1524 R.

222 1560 299 1625 Dat.
314 1560 413 1626 Asin.
431 1582 448 1645 3
465 1560 531 1627 kal.
544 1560 637 1646 junii.
655 1559 698 1647 (I,
716 1562 784 1645 15⁹)

228 1721 303 1803 27.
1248 1757 1342 1821 1342,
1358 1757 1401 1820 30
1417 1739 1494 1803 urai.

213 1840 321 1926 ,Supp.
346 1838 529 1921 johannes,
555 1840 795 1927 primogenitus
824 1840 910 1925 regis
942 1839 1093 1921 Francie,
1118 1839 1187 1906 dux
1212 1839 1432 1922 Nonnannie,
1447 1848 1539 1925 quat.

182 1942 300 2029 [Petro
314 1943 357 2009 de
383 1946 574 2029 Augerante
589 1953 600 1981 ¹
615 1946 726 2029 legum
742 1942 928 2029 professori,
942 1943 1018 2008 cler.
1035 1952 1069 2008 et
1085 1943 1273 2009 consiliario
1288 1945 1373 2028 regis
1389 1943 1539 2025 Francie,

179 2047 268 2134 can]
288 2048 319 2113 S.
338 2046 475 2113 Martini
491 2048 670 2129 Turonen.,
686 2048 728 2113 de
744 2047 855 2132 dign...
875 2046 953 2113 off...
968 2047 1150 2132 dignemini
1166 2047 1351 2129 providere,
1366 2069 1436 2114 non
1454 2051 1540 2115 obst.

179 2150 269 2236 quod
284 2152 319 2217 in
334 2152 452 2217 eadem
477 2152 514 2218 B.
532 2150 680 2233 Martini,
708 2149 893 2235 Lingonen.
920 2159 956 2215 et
981 2152 1094 2217 Arien.
1115 2152 1263 2219 ecclesiis
1287 2174 1360 2219 can.
1388 2161 1423 2218 et
1449 2156 1541 2239 preb.

179 2254 326 2321 noscitur
341 2254 503 2321 obtinere.
518 2294 561 2305 —
578 2252 654 2319 Fiat
670 2253 710 2319 R.

221 2358 299 2424 Dat.
315 2359 415 2423 Avin.
440 2378 457 2443 3
473 2356 541 2423 kal.
555 2357 648 2443 junii.
665 2360 678 2441 I
681 2356 707 2437 I,
729 2358 782 2443 17')

228 2519 307 2601 28.
1249 2558 1343 2623 1542,
1358 2540 1496 2621 31mai.

220 2637 320 2723 Supp.
337 2636 549 2717 Bertrandus,
564 2637 617 2702 tit.
633 2636 665 2703 S.
684 2634 791 2701 Marci
807 2640 913 2724 presb.
931 2636 1020 2703 card.
1030 2646 1050 2718 ³,
1068 2647 1159 2723 quat.
1182 2638 1278 2725 [sibi]
1304 2640 1348 2705 de
1368 2661 1440 2706 can.
1458 2644 1540 2709 eccl.

178 2739 338 2807 Leodien.
354 2762 395 2807 ac
411 2743 513 2826 preb,
529 2740 629 2825 dign,
645 2760 740 2826 pers,
758 2740 813 2805 off.
830 2739 1011 2825 dignemini
1027 2741 1211 2827 providere.
1228 2783 1270 2793 -
1287 2743 1364 2809 Fiat
1380 2744 1420 2811 R.

222 2847 300 2914 Dat.
315 2847 415 2913 Arin.
433 2867 450 2910 2
467 2845 534 2912 kal.
547 2845 630 2932 junii
646 2854 680 2910 a⁰
700 2853 738 2910 1⁰.
756 2851 767 2916 l
772 2844 798 2927 I,
817 2852 900 2928 22⁹).

229 3007 306 3090 29.
1246 3044 1342 3108 1342,
1355 3045 1400 3110 31
1418 3029 1495 3094 rnai.

222 3125 321 3192 Motu
348 3125 482 3210 proprio
509 3124 723 3210 providemus
750 3122 851 3190 Petro
872 3124 1004 3210 Rogerii
1020 3138 1030 3168 ⁴
1045 3125 1088 3192 de
1104 3147 1178 3193 can.
1196 3137 1231 3194 et
1245 3132 1337 3215 preb.
1354 3150 1438 3214 quos
1460 3133 1540 3200 bon.

175 3251 276 3295 mem.
303 3228 474 3314 Neapolio
500 3226 588 3293 card.
611 3235 622 3271 ⁵
645 3227 679 3292 in
703 3228 784 3293 eccl.
809 3226 977 3311 Parisien,
1004 3228 1263 3316 Rothomagen,
1292 3234 1323 3298 S.
1344 3233 1538 3317 Audomari,

176 3333 343 3401 Morinen.
358 3332 456 3414 dioc,
468 3332 549 3397 dum
565 3332 692 3397 viveret
702 3331 876 3396 obtinebat
891 3354 899 3412 ;
917 3333 999 3396 item
1015 3331 1057 3397 de
1072 3343 1253 3420 personatu
1269 3335 1311 3401 de
1328 3335 1407 3420 Hal,
1418 3337 1538 3403 Came-

173 3457 285 3503 racen.
300 3436 398 3516 dioc,
419 3455 491 3500 vac.
508 3455 567 3520 per
589 3435 836 3520 promotionem
852 3442 886 3499 et
902 3439 1189 3503 consecrationem
1205 3438 1367 3506 Guidonis
1390 3441 1537 3529 archiep.

177 3539 383 3626 Lugdunen⁶
395 3560 403 3618 3
415 3538 496 3604 item
512 3538 554 3603 de
567 3559 639 3604 can.
653 3545 687 3602 et
703 3541 794 3624 preb.
805 3539 836 3604 S.
849 3538 1042 3621 Audomari,
1052 3561 1125 3607 vac.
1138 3562 1197 3628 per
1208 3551 1352 3610 mortem
1368 3543 1404 3632 [J
1407 3547 1536 3633 acubil,

174 3643 205 3708 S.
229 3642 362 3727 Georgii
387 3641 431 3708 ad
454 3641 565 3706 velum
582 3661 718 3706 aureum
733 3640 818 3707 diac.
831 3642 922 3708 card.
937 3652 958 3708 ⁷.
973 3682 1017 3694 -
1033 3643 1109 3710 Fiat
1125 3644 1166 3711 R.

219 3747 296 3814 Dat.
312 3748 410 3813 Asin.
426 3767 443 3811 2
459 3745 525 3811 kal.
538 3746 622 3831 junii
638 3753 672 3811 a⁰
692 3755 730 3811 1⁰.
747 3744 789 3830 (I,
811 3748 864 3830 16)

223 3912 305 3998 30.
1243 3949 1338 4012 1313,
1352 3951 1395 4014 31
1413 3933 1490 3996 tnui.

217 4031 318 4116 Supp.
350 4029 547 4094 Guillelmus
576 4028 717 4108 Balbeti,
745 4029 969 4097 thesaurarius
993 4031 1141 4114 Francie,
1158 4041 1250 4117 quat.
1274 4053 1363 4117 mag.
1387 4032 1535 4111 Johanni

175 4133 306 4200 Balbeti
323 4133 392 4200 lilio
407 4153 478 4214 suo,
493 4135 567 4198 bac.
584 4133 618 4196 in
633 4133 707 4218 leg,
724 4133 779 4216 qui
800 4132 927 4199 dudum
950 4146 1038 4202 auct.
1055 4137 1239 4202 litterarum
1258 4137 1349 4203 dom.
1369 4136 1535 4215 Johannis

173 4235 276 4302 XXII
297 4247 333 4303 et
349 4235 523 4302 Benedicti
539 4233 606 4300 XII
623 4243 777 4322 receptus
792 4237 825 4302 in
842 4259 917 4304 can.
932 4239 1014 4306 eccl.
1030 4239 1290 4323 Claromonten.,
1308 4244 1400 4328 preb.
1424 4243 1534 4310 adhuc

174 4349 343 4425 expectat,
359 4360 406 4424 gr.
424 4339 613 4425 hujusmodi
630 4360 789 4408 renovare
811 4340 1003 4427 dignemini,
1021 4364 1089 4410 non
1106 4347 1192 4411 obst.
1215 4345 1305 4430 quod
1328 4347 1362 4412 in
1387 4348 1418 4413 S.
1443 4347 1534 4414 Gau·

209 4555 230 4602 l.
247 4554 284 4602 Ia
301 4553 371 4602 bulle
393 4554 478 4604 donne
500 4556 567 4604 aluei
586 4555 610 4603 ln
628 4555 699 4616 locon
718 4557 816 4616 llo-rex,
835 4557 962 4620 pout-ltro
981 4559 1076 4606 Herm
1099 4560 1176 4624 (Res).
1196 4561 1272 4611 Arta.
1292 4565 1331 4622 88,
1351 4565 1370 4614 1.
1391 4566 1480 4626 207¹).
1501 4592 1535 4603 -

175 4629 197 4675 2.
216 4626 321 4687 Denitle,
346 4627 470 4688 1111111111,
488 4627 523 4686 II,
545 4629 660 4676 588581.
676 4657 708 4665 -
727 4631 750 4678 3.
771 4629 896 4679 Bortrand
913 4632 946 4680 de
968 4633 1048 4692 Deum
1064 4635 1133 4683 canl.
1152 4635 1174 4684 le
1189 4637 1217 4683 18
1228 4635 1282 4685 (lec.
1301 4638 1369 4697 1338,
1383 4638 1535 4688 transfere&

176 4700 270 4748 Sabine
280 4715 311 4749 en
326 4701 395 4759 1318,
407 4697 433 4752 ·l·
443 4703 472 4749 21
487 4705 536 4750 oct.
551 4702 612 4749 1355
626 4702 728 4762 (IlubeI,
743 4702 761 4762 1,
775 4704 817 4764 12)
829 4719 835 4761 ;
847 4705 879 4752 cf.
891 4705 924 4753 de
935 4705 1030 4767 Tbeux,
1042 4707 1076 4767 Il,
1086 4710 1169 4759 8186.
1177 4737 1209 4744 -
1217 4711 1239 4758 l.
1252 4711 1339 4760 I‘ierre
1350 4712 1440 4773 Roger,
1451 4726 1535 4762 neveu

176 4773 208 4821 de
220 4771 337 4823 clement
348 4773 393 4835 VI,
410 4775 468 4837 plus
479 4773 540 4823 tard
552 4789 618 4838 pape
629 4791 689 4826 sous
701 4775 725 4825 le
737 4791 797 4824 nom
808 4777 840 4826 de
852 4777 974 4840 Gregoire
985 4781 1025 4828 XI
1037 4797 1043 4838 ;
1056 4783 1096 4831 cf.
1114 4784 1182 4833 ,lton
1197 4783 1229 4831 de
1240 4785 1266 4833 8,
1282 4784 1364 4844 houm
1383 4789 1402 4835 t.
1420 4785 1464 4844 Vl,
1477 4787 1536 4834 223·

177 4848 231 4897 124,
249 4875 280 4882 -
300 4851 323 4898 5.
341 4848 403 4896 Voir
419 4863 444 4897 n.
464 4851 488 4898 1.
504 4877 537 4884 —-
554 4849 576 4898 6.
595 4851 654 4912 Guy
671 4851 704 4900 de
722 4851 857 4913 Boulogne,
875 4853 1034 4903 archirliacre
1050 4855 1083 4904 ‹Ie
1101 4856 1213 4906 Flandre
1228 4857 1294 4906 dans
1311 4857 1406 4918 l'egliae
1423 4859 1455 4907 de
1473 4857 1535 4906 Ἠιό-

178 4932 295 4980 rouanne,
313 4920 416 4970 nomme
432 4936 464 4972 en
485 4924 546 4972 1340
557 4923 659 4984 (Ilubel,
671 4924 691 4984 Ι,
709 4925 774 4986 330).
787 4953 819 4961 -
832 4927 854 4974 l.
866 4927 976 4990 Jacques
993 4931 1111 4990 bactani,
1124 4932 1179 4979 voit
1195 4946 1220 4980 n.
1238 4933 1277 4982 21.
