3650 5675
688 506 775 581 1845,
799 504 887 571 18-20
909 507 1034 571 octobre.
1482 508 1545 575 289

236 656 354 741 944.
843 721 846 726 -
1192 688 1287 753 1345,
1305 672 1348 735 18
1362 672 1501 738 octobre.

228 772 378 859 Exponit
403 772 531 855 Petrus,
556 781 656 839 natus
680 772 843 838 Ghiselini
870 772 912 838 de
939 772 1087 839 Rollario
1113 772 1235 852 clerici,
1252 775 1330 839 cler.
1354 772 1544 843 Tomacen.

183 877 281 956 dioc„
297 897 338 941 ex
354 878 466 941 soluto
480 878 613 962 genitus
638 887 672 944 et
688 878 807 958 soluta,
824 877 914 961 quod
938 876 1020 943 licet
1036 898 1208 963 persuum
1227 877 1429 944 ordinarium
1445 879 1544 945 fuerit

183 979 358 1064 insignitus
374 989 544 1046 caractere
560 980 715 1062 clericali,
733 1000 827 1066 supp.
844 987 935 1064 quat.
951 980 994 1046 ad
1009 1001 1126 1046 ornnes
1141 981 1274 1047 ordines
1284 984 1395 1048 valeat
1409 1004 1546 1069 promo·

184 1084 255 1149 veri
271 1091 306 1148 et
322 1086 404 1150 eccl.
419 1086 496 1151 ben.
512 1085 671 1171 recipere.
687 1126 731 1134 —
748 1083 823 1149 Fiat
839 1084 872 1149 in
889 1084 995 1150 forma
1011 1082 1053 1149 de
1068 1088 1144 1151 ben.
1161 1106 1229 1152 uno
1245 1106 1273 1151 c.
1298 1107 1327 1151 c.
1344 1087 1399 1151 vel
1415 1109 1440 1152 e.
1457 1108 1485 1153 c.
1503 1086 1545 1153 R.

230 1188 308 1254 Dat.
324 1188 423 1253 Avin.
445 1207 480 1273 15
497 1189 563 1256 kal.
579 1210 658 1256 nov.
674 1198 707 1255 a⁰
722 1196 765 1275 4⁰.
784 1189 833 1273 (8,
849 1189 932 1273 70l).

238 1334 354 1419 945.
1193 1365 1289 1431 1335,
1306 1366 1348 1411 20
1364 1349 1502 1414 octobre.

230 1450 330 1538 Supp.
347 1451 512 1518 Gerardus
539 1451 580 1517 de
607 1451 772 1537 Englrien,
789 1449 879 1516 dom.
905 1449 947 1516 de
973 1450 1153 1517 Haverech
1171 1462 1189 1532 ¹,
1205 1452 1311 1529 miles,
1329 1450 1545 1518 Cameracen.

185 1556 282 1636 dioc,
310 1564 400 1641 quat.
416 1556 509 1621 sibi...
539 1558 643 1621 altare
659 1554 826 1642 portatile,
852 1576 952 1641 super
967 1576 1034 1639 quo
1057 1576 1117 1641 per
1139 1555 1311 1642 ydoneum
1335 1556 1545 1643 capellanum

185 1660 293 1757 lacere
309 1658 423 1725 divina
439 1658 549 1726 officia
566 1658 736 1741 celebrari,
760 1657 862 1723 etiam
890 1664 969 1723 ante
994 1658 1126 1741 diem...
1143 1658 1328 1725 concedere
1352 1657 1545 1746 dignemini.

231 1762 309 1933 illu.
324 1866 424 1933 Avin.
446 1888 482 1952 13
499 1865 566 1933 kal.
582 1888 660 1933 nov.
676 1871 709 1933 a⁰
725 1876 768 1952 4⁰.
786 1868 835 1953 (8,
854 1867 923 1952 73).

239 2016 489 2101 946-948.
1197 2051 1215 2095 1
1215 2051 1257 2115 34
1257 2050 1291 2114 5,
1308 2052 1350 2096 20
1365 2034 1503 2098 octobre.

232 2136 333 2223 Supp.
360 2134 568 2218 Guillelmus‚
597 2156 710 2203 comes
735 2135 903 2218 Hanonie,
932 2143 1023 2222 quat.
1051 2135 1127 2223 [suo
1157 2155 1230 2221 cap.
1248 2134 1396 2212 Johanni
1427 2135 1546 2215 Balivi,

188 2239 313 2326 presb]
332 2239 547 2307 Cameracen.
563 2240 649 2307 dioc.
665 2250 685 2323 ²,
702 2240 744 2307 de
760 2262 832 2308 can.
849 2243 881 2308 S.
892 2241 1045 2327 Quintini
1062 2241 1095 2305 in
1111 2242 1194 2308 eccl.
1208 2239 1441 2322 Melbodiensi,
1457 2241 1547 2307 dicte

188 2342 402 2410 Cameracen.
428 2345 525 2425 dioc,
556 2344 738 2429 dignemini
768 2346 957 2433 providere,
984 2348 1076 2432 preb.
1099 2365 1180 2411 vero
1215 2344 1303 2431 [vac.
1334 2348 1389 2411 νε]
1418 2344 1544 2431 vacat]

188 2447 298 2513 eidem
314 2447 551 2514 conferendam
566 2456 796 2529 reservantes3
813 2470 883 2516 non
905 2451 997 2537 obst.
1007 2448 1097 2534 quod
1112 2448 1264 2534 parroch.
1280 2450 1361 2515 eccl.
1378 2446 1419 2514 de
1437 2446 1552 2515 Meki-

187 2551 291 2635 gnieS,
307 2550 457 2637 predicte
472 2551 570 2633 dioc„
587 2552 736 2618 noscitur
752 2553 912 2619 obtinere.
929 2594 972 2603 -
985 2551 1063 2617 Fiat
1080 2550 1119 2616 R.

232 2712 317 2773 947.
333 2704 421 2771 Item
447 2726 542 2792 supp.
560 2705 648 2772 idem
674 2727 787 2773 comes
814 2714 905 2792 quat.
934 2706 1123 2794 [Stephano
1151 2704 1314 2787 Maulion,
1340 2705 1474 2793 nepoti]
1498 2706 1546 2772 sui

190 2810 367 2876 consiliarii
384 2830 470 2895 mag.
488 2811 648 2899 Stephani
677 2810 829 2879 Maulion
845 2822 866 2895 ³,
889 2812 932 2878 de
956 2814 1034 2879 ben.
1050 2812 1132 2877 eccl.
1149 2832 1208 2878 seu
1234 2810 1291 2878 off.
1308 2831 1336 2878 c.
1353 2832 1381 2878 c.
1398 2812 1453 2876 νε]
1468 2832 1493 2877 s.
1518 2830 1547 2878 c.

190 2935 263 2981 vac.
280 2916 334 2979 vel
351 2927 471 2996 vacat„
488 2917 581 3002 cujus
604 2917 760 2983 fructus...
777 2918 803 2983 si
820 2938 849 2983 c.
866 2939 895 2984 c.
917 2938 986 2999 100,
1003 2917 1123 2983 sivero
1138 2937 1163 2981 ε.
1180 2938 1210 2982 c.
1227 2916 1325 2982 fuerit
1342 2922 1382 2981 60
1397 2917 1453 2982 lib.
1470 2916 1548 2981 Tur.

189 3040 294 3106 parv„
311 3041 377 3086 sec.
394 3028 463 3086 tax.
488 3021 627 3102 decime,
655 3022 806 3088 valorem
837 3043 985 3088 annuum
1009 3042 1079 3087 non
1104 3021 1279 3102 excedant,
1307 3027 1481 3107 spectante
1506 3020 1547 3086 ad

189 3124 287 3190 coll...
315 3124 426 3210 episc„
451 3124 523 3191 dec.
548 3133 583 3191 et
608 3145 682 3212 cap.
713 3126 984 3212 singularumque
1014 3144 1230 3212 personarum
1255 3124 1547 3206 ecclTornacen,

189 3227 319 3295 etiamsi
336 3229 369 3294 in
385 3231 467 3296 eccl.
485 3230 617 3296 cathed.
633 3230 767 3312 existat,
796 3230 904 3297 eidem
934 3230 1116 3316 dignemini
1142 3229 1338 3316 providere;
1367 3250 1436 3295 non
1462 3231 1547 3294 obst.

188 3332 278 3416 quod
295 3354 367 3399 can.
384 3341 418 3399 et
434 3337 526 3420 preb.
551 3335 633 3399 eccl.
656 3334 686 3400 S.
704 3333 863 3400 Germani
881 3333 1081 3416 Montensis,
1098 3356 1137 3401 ac
1154 3335 1273 3421 capell.
1290 3332 1327 3398 B.
1346 3331 1395 3398 M.
1410 3331 1547 3417 Magda-

188 3439 264 3503 lene
276 3438 373 3522 juxta
390 3437 546 3520 Rodium,
564 3436 890 3520 Cameracendioo,
914 3439 1064 3506 noscitur
1087 3438 1248 3505 obtinere.
1276 3479 1319 3487 -
1344 3436 1420 3504 Fiat
1443 3457 1547 3523 usque

187 3540 231 3622 ad
246 3561 411 3608 summam
430 3545 469 3606 60
486 3563 514 3608 c.
532 3563 571 3623 ε,
588 3563 630 3627 40
646 3562 670 3607 s.
688 3563 716 3608 c.
734 3542 774 3608 R.

232 3703 316 3764 948.
335 3695 423 3763 Item
438 3718 532 3785 supp.
549 3697 658 3764 dictus
676 3719 799 3779 comes,
817 3707 908 3783 quat.
929 3698 1092 3786 [Johanni
1109 3699 1151 3765 de
1168 3698 1243 3780 Ere,
1269 3698 1363 3785 olen]
1394 3698 1548 3765 Camera-

189 3819 262 3865 cen.
278 3801 376 3882 dioc„
387 3800 429 3867 de
445 3822 518 3869 can.
535 3803 616 3868 eccl.
639 3801 677 3867 B.
708 3801 756 3869 M.
782 3803 1058 3889 Antwerpiensis,
1083 3802 1410 3884 Cameracendioo,
1435 3803 1548 3888 digne·

187 3904 270 3970 mini
296 3905 494 3992 providere3
518 3909 610 3992 preb.
636 3926 716 3971 vero
744 3927 817 3973 vac.
845 3908 899 3972 νε]
925 3915 1033 3973 vacat.
1058 3907 1167 3972 eidem
1195 3906 1430 3972 conferendam
1446 3927 1548 3972 reser-

188 4015 317 4077 vantes,
338 4049 371 4059 -
393 4009 468 4077 Fiat
486 4011 525 4077 R.

232 4115 310 4182 Dat.
326 4115 426 4182 Avin.
447 4137 483 4201 13
501 4116 568 4183 kal.
583 4137 662 4185 nov,
679 4124 712 4183 εο
728 4123 771 4206 4⁰.
789 4117 839 4202 (8,
864 4115 934 4204 74).

237 4272 358 4356 949.
1200 4304 1295 4370 1355,
1309 4306 1350 4350 20
1366 4287 1504 4352 octobre.

232 4389 332 4477 Supp.
345 4390 542 4473 WillelmuS,
557 4390 751 4478 Haynonie,
766 4390 951 4458 Hollandie
966 4398 1001 4454 et
1016 4389 1173 4455 Zelandie
1189 4410 1313 4472 comes,
1326 4390 1416 4457 dom.
1433 4390 1547 4471 Frisie,

187 4502 278 4578 quat.
294 4489 500 4582 [consdiario
512 4516 572 4562 suo
585 4497 757 4584 Stephano
768 4497 809 4564 de
824 4494 1029 4576 Maloleone,
1042 4490 1189 4580 decano]
1208 4495 1290 4560 eccl.
1307 4495 1518 4579 Senogiensis
1527 4509 1547 4576 ⁴,

188 4596 402 4666 Carneracen.
420 4601 517 4683 dioc,
535 4621 624 4688 spec.
640 4621 687 4686 gr.
704 4600 876 4680 facienteS,
890 4606 928 4664 ut
940 4597 1028 4664 idem
1042 4598 1192 4664 decanus
1215 4619 1281 4665 una
1304 4619 1381 4663 curn
1397 4599 1548 4685 predicto

222 4810 243 4857 l.
257 4807 391 4858 Chatelain
413 4808 445 4858 de
467 4807 541 4857 Mons
563 4813 589 4857 et
601 4821 760 4870 gourcruenr
771 4809 808 4856 du
819 4806 903 4856 comte
914 4805 947 4855 do
961 4806 1075 4856 Huinaut
1091 4805 1235 4869 (Devillers,
1259 4807 1327 4855 (lert.
1344 4805 1387 4855 dee
1408 4806 1500 4854 (tuideo
1516 4806 1548 4854 de

188 4882 316 5004 gepanta?
335 4883 504 5004 gl,‚ir8plll)p5-
516 4885 538 4932 2.
550 4883 613 4932 Voir
627 4883 756 4945 bevitlere,
773 4884 841 4933 diret.
851 4881 896 4930 dor
909 4881 1001 4930 (latratos
1012 4881 1042 4930 de
1055 4879 1183 4939 licuerat,
1196 4879 1241 4940 Vl,
1255 4881 1308 4928 748.
1318 4906 1350 4921 ν·-
1361 4881 1384 4929 3.
1398 4880 1495 4986 Voirn.
1508 4884 1545 4987 lb,
