3650 5675
668 518 1020 593 ¹1342,.·16-18.octobre.
1465 525 1505 588 55

193 669 307 752 254.
814 730 817 735 «
1022 673 1030 742 J
1154 701 1248 764 1342,
1266 682 1308 746 16
1324 685 1461 748 octobre.

184 788 288 873 Supp.
304 785 473 852 Amoldus
487 787 530 852 de
546 785 623 852 Lira
633 801 653 864 ¹,
670 799 756 869 mag.
773 785 807 850 in
823 793 895 864 art,
911 785 969 850 diu
985 784 1122 849 studens
1132 785 1165 848 in
1184 784 1227 850 U.
1239 784 1277 866 1,
1290 786 1504 854 Cameracen.

140 893 239 970 dioc,
249 891 458 956 ambaxiator
473 899 507 955 et
523 890 759 956 consiliarius...
775 887 795 966 J
798 889 949 969 ohannis,
966 887 1059 954 ducis
1072 886 1261 969 Brabantie,
1278 899 1368 973 quat.
1385 893 1446 957 sibi
1462 892 1504 957 de

141 998 304 1060 mneccl.
312 997 430 1079 colleg.
443 995 474 1059 S.
483 993 640 1059 Rumoldi
652 992 1296 1076 MaclrlinensiS,dictedioc.,dignemini
1306 996 1480 1079 providere
1492 1013 1502 1076 ';

141 1103 234 1185 preb.
265 1119 356 1179 vero,
381 1100 481 1164 etiam
508 1099 535 1163 si
559 1091 660 1182 dign,
684 1099 739 1162 vel
764 1097 820 1163 off.
845 1097 879 1161 in
904 1097 1022 1162 eadem
1047 1098 1129 1161 eccl.
1163 1095 1251 1182 [vac.
1282 1100 1336 1162 vel
1366 1099 1503 1184 vacat]

142 1204 253 1268 eidem
266 1203 512 1282 conferendam,
524 1202 707 1286 dignemini
723 1199 983 1266 reservareNon
995 1202 1080 1267 obst.
1091 1199 1181 1283 quod
1196 1201 1228 1264 in
1242 1201 1332 1268 dicta
1345 1204 1503 1267 civitate·

144 1307 297 1394 parroch.
312 1308 394 1373 eccl.
411 1307 571 1386 obtineat,
588 1306 680 1390 quasi
696 1305 739 1371 ad
753 1305 914 1370 nichilum
926 1304 959 1368 in
975 1305 1041 1368 suis
1052 1303 1233 1369 redditibus
1242 1326 1301 1391 per
1312 1306 1502 1371 incendium

144 1411 303 1476 horribile
318 1411 397 1475 ville
414 1409 653 1475 Macblinensis
663 1409 863 1490 redactam²,
880 1408 965 1474 adeo
981 1407 1071 1492 quod
1086 1407 1234 1474 redditus
1249 1409 1397 1494 ejusdem
1412 1411 1504 1492 valo-

144 1536 216 1581 rem
234 1536 275 1600 30
290 1515 346 1579 lib.
362 1514 440 1580 Tur.
456 1534 586 1599 parvor.
602 1512 775 1578 annuatim
792 1512 848 1576 vix
863 1512 1048 1577 ascendunt
1061 1535 1069 1591 ;
1087 1533 1187 1596 quam
1203 1513 1337 1597 quidem
1353 1499 1504 1600 parroclr.

143 1620 228 1685 eccl.
251 1627 385 1705 paratus
410 1627 460 1683 est
483 1617 662 1700 dimittere,
687 1637 764 1682 cum
788 1615 1033 1700 possessionem
1058 1615 1231 1702 pacificam
1257 1603 1432 1700 dignitatis
1451 1606 1504 1681 vel

144 1720 246 1789 officii
263 1708 361 1788 fuerit
375 1711 554 1788 assecutus.
570 1761 614 1769 —
630 1719 705 1784 Fiat
723 1719 762 1784 R.
835 1793 839 1798 ⁸

190 1826 268 1891 Dat.
283 1825 383 1890 Avin.
404 1830 442 1890 16
458 1825 524 1890 kal.
540 1845 618 1890 nov.
635 1833 667 1889 a⁰
688 1831 726 1887 1⁰.
744 1822 787 1907 (1,
806 1823 910 1906 261l).

198 1960 307 2044 255·
819 1956 823 1962 ¹
1157 1994 1250 2057 1342,
1268 1996 1309 2060 17
1325 1980 1463 2044 octobre.

190 2079 292 2166 Supp.
309 2077 329 2155 J
332 2078 482 2143 ohannes
496 2078 539 2142 de
564 2077 692 2157 Salinis,
708 2076 914 2142 consiliarius
929 2061 1022 2142 ducis
1038 2077 1237 2162 Burgundie,
1255 2080 1346 2162 quod
1364 2101 1440 2146 cum
1462 2080 1508 2160 ad

148 2181 428 2266 supplicationem
445 2179 603 2260 Blanche,
620 2181 790 2264 quondam
805 2179 890 2264 regis
907 2179 1048 2262 Francie
1065 2180 1141 2260 filie,
1158 2181 1303 2266 professe
1319 2184 1352 2248 in
1365 2193 1507 2249 monast.

148 2287 190 2350 de
207 2285 326 2370 Longo
342 2286 482 2371 Camp0,
493 2285 535 2350 O.
546 2285 578 2350 S.
595 2284 702 2365 Clare,
719 2285 876 2349 Parisien.
892 2285 990 2366 dioc,
1008 2307 1080 2350 can.
1097 2288 1156 2350 sub
1176 2308 1251 2372 exp.
1268 2290 1359 2373 preb.
1376 2288 1409 2352 in
1426 2289 1507 2353 eccl.

149 2391 337 2457 Tornacen.
354 2391 385 2454 S.
403 2389 443 2454 V.
459 2390 569 2456 eidem
584 2388 732 2467 Johanni
750 2389 882 2454 duxerit
897 2390 1144 2470 reservandum,
1161 2401 1250 2475 quat.
1267 2411 1353 2477 mag.
1370 2393 1509 2479 Stepha-

148 2516 228 2559 num
245 2493 411 2573 Bonnete,
427 2496 500 2559 bac.
517 2494 550 2557 in
563 2495 636 2578 leg,
653 2493 723 2578 ejus
738 2501 909 2578 nepotem,
925 2494 1002 2558 loco
1023 2493 1124 2578 ipsius
1139 2492 1158 2571 J
1162 2494 1311 2575 ohannis,
1327 2495 1509 2578 dignemini

148 2601 335 2682 subrogare,
351 2617 420 2661 non
437 2600 527 2662 obst..
539 2597 629 2680 quod
644 2596 733 2663 idem
749 2595 938 2682 Stephanus
953 2596 1131 2679 quamdam
1148 2617 1239 2682 perp.
1252 2600 1369 2682 capell.
1380 2599 1413 2662 in
1427 2601 1508 2665 eccl.

148 2703 359 2766 Attrebaten.
376 2702 525 2767 noscitur
540 2702 702 2766 obtinere.
719 2699 854 2765 -Fiat
872 2699 911 2764 R.

194 2805 272 2871 Dat.
287 2806 389 2873 Avin.
410 2810 446 2871 16
463 2805 528 2871 kal.
544 2826 622 2872 nov.
638 2813 671 2871 a⁰
691 2814 730 2871 1¹¹.
748 2803 791 2889 (l,
810 2805 899 2889 266).

201 2943 444 3026 256·270·
1160 2976 1253 3040 1342,
1271 2960 1312 3022 18
1328 2961 1465 3024 octobre.

192 3062 294 3147 Supp.
310 3060 466 3139 Johanna
481 3060 524 3125 de
539 3059 683 3140 Valesi0,
699 3079 792 3124 soror
807 3067 950 3125 monast.
975 3058 1017 3127 de
1047 3058 1262 3141 FontanelliS,
1280 3061 1509 3129 Cisterciensis

151 3164 283 3246 ordinis,
301 3164 516 3230 Cameracen.
532 3164 629 3243 dioc,
660 3171 750 3247 quat.
775 3162 836 3227 sibi
861 3164 1046 3228 concedere
1070 3164 1263 3248 dignemini,
1280 3176 1316 3231 ut
1341 3167 1510 3233 confessor

150 3288 257 3333 suus...
272 3309 317 3317 -
333 3268 408 3333 Fiat
426 3268 467 3334 R.
483 3269 517 3332 in
533 3266 650 3332 mortis
665 3266 806 3332 articulo
822 3266 988 3332 informa.
1006 3268 1045 3334 R.

192 3414 276 3475 257.
296 3406 384 3472 Item
409 3427 504 3493 supp.
530 3406 620 3491 quod
644 3405 798 3471 omuibus
823 3406 990 3471 sororibus
1013 3406 1094 3472 dicti
1120 3410 1311 3473 monasterii
1337 3410 1506 3495 indulgere

149 3512 341 3597 dignemini,
357 3518 394 3576 ut
419 3508 589 3576 confessor
613 3529 715 3593 quem
743 3507 898 3573 duxerint
922 3508 1155 3591 eligendum...
1173 3512 1226 3574 vel
1251 3514 1369 3577 saltem
1398 3535 1433 3578 12
1455 3519 1507 3577 'ex

149 3617 236 3701 ipsis,
253 3637 334 3701 quas
351 3616 421 3702 ipsa
436 3614 567 3680 duxerit
582 3612 793 3698 eligendas...
805 3653 849 3661 -
863 3611 1030 3679 Nominet
1045 3635 1102 3680 eas
1117 3623 1151 3680 et
1168 3616 1225 3682 fiat
1240 3616 1282 3681 cle
1298 3626 1365 3682 sex.
1381 3617 1419 3681 R.

191 3752 276 3811 258.
292 3743 382 3809 Item
396 3763 492 3828 supp.
508 3751 598 3828 quat.
614 3742 674 3807 sibi
691 3742 875 3807 concedere
890 3742 1083 3827 dignemini,
1100 3744 1189 3826 quod
1204 3752 1356 3829 tempore
1371 3764 1508 3827 genera-

148 3850 187 3914 lis
203 3850 235 3913 in
253 3848 317 3913 illis
332 3848 480 3934 partibus
495 3846 661 3912 interdicti
677 3847 783 3932 possit
799 3846 832 3909 in
850 3847 932 3911 eccl.
948 3846 1029 3912 dicti
1057 3849 1247 3912 monasterii
1268 3848 1380 3913 divina
1396 3846 1506 3912 officia

149 3953 256 4017 facere
286 3952 454 4033 celebrari,
470 3950 658 4036 hujusmodi
690 3950 869 4016 interdicto
893 3971 962 4015 non
988 3954 1152 4017 obstante.
1177 3991 1221 4000 —
1247 3950 1321 4015 Fiat
1345 3953 1506 4017 submissa

149 4076 232 4121 voce
247 4065 282 4121 et
293 4057 406 4140 januis
419 4057 548 4135 clausis,
565 4065 599 4120 et
615 4054 800 4120 interdictis
815 4056 966 4121 exclusis.
985 4056 1024 4121 R.

190 4192 274 4253 259.
292 4183 381 4250 Item
397 4206 491 4271 supp.
508 4193 598 4268 quat.
614 4184 676 4249 sibi
693 4184 862 4267 indulgere
877 4185 1070 4269 dignemini,
1088 4194 1123 4250 ut
1142 4185 1288 4268 quinque
1314 4185 1424 4251 clerici
1443 4186 1503 4265 sui,

149 4290 213 4354 suis
228 4290 394 4374 obsequiis
419 4289 618 4366 insistentes,
634 4288 790 4353 fructus...
815 4289 966 4353 omnium
989 4289 1228 4353 beneficiorum
1255 4309 1388 4353 suorum
1413 4291 1505 4369 eccl,

149 4394 249 4459 etiam
264 4394 290 4458 si
307 4414 420 4459 curam
436 4394 582 4458 habeant
605 4392 801 4473 animarum,
821 4413 897 4458 cum
917 4414 956 4457 ea
974 4393 1165 4477 integritate
1184 4394 1355 4479 percipere
1371 4396 1504 4459 valeant

148 4497 227 4561 acsi
244 4497 278 4560 in
294 4496 465 4562 beneficiis
481 4496 558 4583 ipsis
573 4496 792 4580 personaliter
807 4495 999 4561 residerent.
1017 4538 1060 4545 —
1077 4496 1151 4561 Fiat
1167 4498 1200 4561 in
1225 4498 1330 4564 forma
1346 4499 1388 4564 ad
1402 4499 1505 4565 trien-

148 4600 249 4665 nium.
266 4599 306 4665 R.
914 4615 917 4623 '

178 4763 207 4820 a)
223 4761 282 4809 tud.
294 4775 344 4809 ecc.

303 4854 409 4864 ——0

181 4901 201 4946 l.
214 4898 312 4945 Arnoul
325 4899 426 4960 (inoper
437 4897 469 4945 de
481 4895 637 4955 Lienecitc
648 4912 746 4945 comme
757 4895 852 4959 pldban
863 4896 887 4944 le
899 4900 930 4945 26
942 4896 998 4958 jtun
1013 4898 1073 4943 1354
1087 4896 1238 4958 (Armlm'tm.
1261 4900 1292 4950 ll.
1311 4886 1367 4954 121,
1393 4900 1458 4955 lat).
1476 4928 1482 4931 -
1503 4928 1507 4933 -

150 4976 170 5019 2,
182 4976 213 5020 ’211
226 4974 278 5019 mei
292 4972 361 5028 1342,
373 4970 500 5030 zanttliet,
514 4970 611 5033 (Anapi.
628 4969 697 5030 (bil,
710 4970 740 5027 V,
754 4972 821 5030 232).
