3650 5675
695 527 783 600 1347,
806 526 889 590 19-21
908 526 991 607 J'uin.
1467 533 1526 598 319

164 676 274 756 Bruni,
290 677 381 762 prior
395 676 562 762 prioratus
587 674 745 742 secularis
772 673 914 739 ecclesie
930 695 956 740 s.
974 693 1002 740 c.
1019 675 1051 740 S.
1069 674 1195 741 Privati
1212 674 1254 741 de
1270 676 1414 760 Touren,
1439 679 1525 748 Leo-

163 780 251 845 dien.
267 787 301 844 et
317 778 463 845 Vabren.
479 777 663 862 diocesum,
688 777 789 862 quod,
806 796 882 843 cum
906 775 998 842 dicta
1021 777 1196 859 beneficia,
1221 799 1287 862 que
1314 782 1524 866 obtinebant,

163 883 252 950 idem
274 881 294 959 J
297 883 449 948 ohannes
464 892 500 948 et
516 880 715 961 Bernardus,
732 902 774 946 ex
797 900 898 946 causa
913 880 1173 965 permutationis
1195 880 1282 946 inter
1298 903 1356 950 eos
1371 885 1413 950 de
1424 889 1525 953 bene-

164 974 431 1072 ficiis'predictis
456 988 602 1054 invicem
627 983 792 1064 faciende,
808 982 842 1047 in
873 981 1027 1048 manibus
1059 982 1099 1048 R.
1116 983 1154 1049 P.
1186 982 1391 1072 St(ephani),
1423 989 1524 1075 episc.

164 1093 195 1160 S.
223 1094 336 1159 Pontii
362 1093 631 1172 Thomeriarum,
656 1088 830 1156 camerarii
857 1089 969 1170 vestn',
997 1089 1101 1153 libere
1127 1087 1333 1172 resignarint,
1370 1090 1525 1176 idemque

165 1197 366 1263 camerarius
392 1195 651 1281 resignationem
685 1191 875 1279 hujusmodi
911 1213 953 1256 ex
984 1192 1076 1257 dicta
1103 1211 1214 1274 causa,
1241 1201 1354 1258 vestro
1378 1196 1525 1278 nomine,

165 1299 296 1366 duxerit
311 1299 559 1365 admittendam
579 1322 588 1380 ;
604 1299 759 1384 dignetur
774 1297 805 1362 S.
822 1296 862 1362 V.
878 1296 1028 1374 Jolranni
1051 1297 1234 1382 prioratum
1250 1297 1281 1362 S.
1304 1297 1429 1364 Privati
1452 1321 1526 1386 pre·

166 1404 303 1485 dictum,
319 1412 354 1469 et
385 1402 558 1469 Bemardo
588 1410 715 1469 canet
739 1403 832 1488 preb.
856 1401 1050 1487 prelibatos,
1076 1421 1153 1466 cum
1177 1400 1331 1467 omnibus
1343 1403 1469 1487 juribus
1491 1413 1527 1470 et

165 1507 375 1594 pertinentiis
389 1508 455 1572 suis
470 1507 630 1588 conferre,
647 1507 761 1591 eisque
777 1505 880 1571 saciat
895 1507 938 1572 de
959 1507 1129 1587 fructibus
1141 1506 1333 1588 redditibus,
1356 1508 1526 1594 proventi-

164 1615 235 1692 bus,
255 1612 382 1697 juribus
397 1619 431 1676 et
455 1610 712 1676 obventionibus
738 1610 900 1675 universis
927 1611 1108 1676 eorundem
1134 1611 1372 1677 beneficiorum
1399 1599 1551 1698 integre

163 1715 378 1800 responderi;
404 1736 472 1781 non
500 1717 586 1780 obst.
614 1713 706 1798 quod
729 1712 819 1778 idem
835 1712 1010 1791 Johannes
1025 1713 1194 1798 quandam
1220 1715 1452 1802 capellaniam,
1469 1738 1526 1783 seu

164 1818 324 1884 vicariam
350 1839 418 1884 non
444 1826 593 1884 curatam
621 1818 655 1882 in
681 1818 835 1902 parroch.
861 1818 944 1882 eccl.
968 1817 1010 1883 de
1035 1817 1252 1900 Villarisicco,
1279 1818 1437 1886 Parisien.
1453 1827 1475 1901 ⁸,
1492 1829 1527 1886 et

166 1924 317 2008 parroch.
334 1924 416 1989 eccl.
442 1923 486 1988 de
511 1921 685 2002 Vinciano,
713 1921 832 1988 Elnen.
859 1922 957 2002 dioc,
984 1921 1133 1987 noscitur
1159 1923 1331 2005 obtinere;
1355 1945 1424 1990 non
1441 1926 1526 1990 obst.

167 2027 301 2112 insuper
337 2047 535 2111 quacunque
577 2026 804 2092 reservatione
834 2045 894 2112 per
924 2047 985 2093 vos
1023 2027 1077 2092 vel
1107 2027 1359 2114 predecessores
1398 2041 1527 2097 vestros

168 2130 313 2215 generali
330 2131 383 2194 vel
399 2131 537 2215 speciali
553 2131 642 2196 sacta
653 2181 673 2196 ..
687 2165 731 2174 —
747 2128 824 2195 Fiat
839 2150 901 2216 pro
916 2137 1058 2216 utroque
1075 2130 1115 2197 R.

212 2233 289 2298 Dat.
305 2233 406 2299 Avin.
427 2254 463 2319 13
480 2232 546 2298 kal.
559 2233 632 2319 julii
648 2241 682 2298 a⁰
699 2237 739 2298 6⁰.
757 2234 804 2316 (6,
821 2237 900 2318 49‘).

221 2370 352 2450 1217.
1232 2405 1327 2472 1347,
1345 2409 1386 2473 19
1396 2387 1482 2470 juin.

210 2487 312 2573 Supp.
329 2487 526 2572 N(icolaus)
542 2487 574 2553 S.
591 2487 640 2554 M.
657 2489 691 2552 in
707 2489 762 2553 via
786 2490 854 2554 lata
880 2489 968 2554 diac.
996 2488 1097 2570 card,
1113 2498 1239 2574 quat...
1268 2492 1444 2578 capellano
1467 2513 1528 2558 suo

167 2593 327 2657 continuo
343 2592 563 2657 commensali
586 2613 675 2677 mag.
694 2591 900 2678 [Johannib]
920 2592 1082 2674 Guitardi,
1104 2594 1181 2659 cler.
1197 2593 1374 2674 Tutellen.,
1395 2597 1467 2661 bac.
1492 2597 1526 2660 in

166 2694 316 2776 decr.,de
329 2695 480 2781 parroch.
491 2695 573 2761 eccl.
584 2693 802 2762 S.Michaelis
813 2695 856 2760 de
868 2694 981 2780 Burgo
992 2715 1084 2762 novo
1096 2694 1334 2763 Carcassone...
1345 2696 1526 2782 dignemini

167 2797 343 2888 providere
358 2821 366 2879 ;
382 2819 452 2865 non
468 2800 554 2865 obst.
578 2799 668 2884 quod
693 2798 783 2865 idem
806 2819 895 2885 mag.
922 2798 941 2877 J
945 2820 975 2867 o.
998 2819 1073 2866 can.
1088 2808 1124 2866 et
1138 2802 1230 2887 preb.
1245 2801 1280 2867 in
1301 2801 1337 2867 S..
1356 2799 1528 2869 Gertrudis

168 2902 382 2984 Nivellensis,
399 2901 558 2969 Leodien.
574 2903 672 2985 dioc,
688 2913 724 2970 et
738 2905 908 2989 quandam
935 2906 1095 2971 vicariam
1119 2925 1188 2971 non
1213 2912 1362 2971 curatam
1377 2906 1410 2971 in
1427 2906 1527 2973 Villa·

167 3007 297 3089 risicco,
308 3007 466 3073 Parisien.
481 3008 579 3089 dioc,
592 3016 627 3073 et
641 3008 795 3093 parroch.
805 3010 888 3074 eccl.
900 3008 1125 3090 deVinciano,
1140 3008 1262 3075 Elnen.
1274 3008 1405 3091 dioc.,...
1419 3010 1527 3076 nosci·

166 3120 221 3177 tur
237 3111 430 3178 obtinere...
451 3148 483 3159 -
504 3110 581 3177 Fiat
597 3111 637 3177 R.

212 3215 293 3281 Dar„
308 3216 407 3280 Avin.
428 3235 464 3299 13
488 3214 556 3281 kal.
568 3215 641 3299 julii
657 3222 691 3279 a⁰
708 3219 750 3281 6⁰.
767 3216 836 3300 (13,
853 3216 922 3299 44).
984 3266 988 3273 .

220 3350 356 3433 1218.
1231 3384 1327 3451 1347,
1344 3389 1384 3432 21
1395 3366 1482 3449 juin.

211 3469 299 3555 Sign.
315 3469 347 3535 S.
363 3467 425 3535 V...
440 3488 499 3533 rex
511 3467 674 3534 Franciae
689 3467 780 3552 quod
796 3476 933 3555 propter
949 3468 1108 3535 unionem
1119 3477 1280 3535 terrarum
1296 3470 1476 3536 Brabantie
1492 3478 1527 3535 et

166 3573 312 3656 Ghelrie,
328 3593 393 3658 que
408 3571 575 3660 principes
599 3572 731 3637 illarum
758 3580 792 3636 et
819 3571 971 3638 subditos
987 3573 1020 3637 in
1047 3573 1140 3659 pacis
1165 3574 1276 3640 federe
1303 3576 1399 3641 unius
1415 3594 1527 3661 presu-

164 3677 267 3743 mitur
292 3675 425 3742 efficere
441 3676 635 3757 voluntatis,
651 3696 693 3740 ex
709 3696 848 3761 quarum
873 3684 964 3742 statu
978 3678 1159 3762 tranquillo
1175 3678 1263 3744 inter
1279 3679 1429 3763 parcium
1456 3678 1527 3742 illa-

166 3801 241 3845 rum
272 3781 400 3847 incolas
428 3779 681 3864 tranquillitatis
708 3788 743 3843 et
768 3780 861 3866 pacis
886 3780 1066 3847 commoda
1089 3781 1195 3847 multa
1219 3781 1418 3867 provenient
1434 3780 1528 3846 etad

168 3884 374 3950 obviandum
388 3883 514 3970 guerris
528 3892 564 3949 et
578 3883 848 3964 dissensionibus
864 3905 929 3968 que
939 3906 981 3949 ex
996 3884 1223 3970 predictorum
1239 3884 1421 3965 contrariis
1436 3884 1529 3970 pacis

169 3988 282 4054 emulo
295 3994 506 4073 procurante,
522 3986 684 4052 hactenus
700 3987 860 4052 suscitate
875 3986 1052 4067 fuerunt,...
1062 4008 1103 4051 ex
1116 3988 1235 4072 quibus
1249 4007 1319 4051 non
1331 3988 1403 4052 sine
1414 3986 1528 4051 multis

168 4091 324 4177 periculis
339 4091 528 4157 animarum
550 4098 677 4155 mortes
691 4098 727 4155 et
749 4097 877 4173 strages
904 4090 1079 4155 bominum
1107 4098 1142 4155 et
1157 4090 1326 4176 popularis
1340 4090 1527 4177 perniciosa

169 4194 355 4260 commotio
369 4202 508 4281 possent
516 4195 552 4261 in
567 4194 1007 4281 posterum⁰evenire,inter
1018 4195 1166 4260 nobilem
1179 4196 1286 4260 virum
1300 4194 1526 4280 Raynaldum,

169 4298 329 4365 comitem
345 4298 491 4381 Ghelrie,
507 4320 549 4365 ex
572 4320 640 4365 una
660 4308 757 4386 parte
774 4307 808 4363 et
825 4297 982 4379 Mariam,
1009 4306 1126 4365 natam
1151 4299 1245 4365 ducis
1271 4298 1460 4379 Brabantie,
1484 4319 1527 4363 ex

169 4404 285 4486 altera,
301 4424 361 4490 per
375 4403 457 4470 dicti
474 4404 643 4490 Raynaldi
659 4412 801 4490 patrem,
817 4402 898 4467 dum
923 4402 1035 4469 adhuc
1059 4404 1198 4485 viveret,
1215 4422 1254 4469 ac
1270 4423 1385 4469 eorum
1402 4403 1528 4468 amicos

168 4515 205 4573 et
234 4505 361 4589 affines
388 4508 458 4593 jam
484 4508 542 4575 diu
571 4518 632 4592 est,
662 4506 916 4573 matrimonium
946 4506 1059 4571 extitit
1090 4508 1302 4594 prolocutum
1320 4518 1339 4572 ¹.
1364 4506 1429 4571 Sed
1452 4506 1528 4590 quia

201 4697 231 4759 ι)
252 4695 308 4745 aa.
325 4697 425 4746 Parien.
437 4724 468 4735 -
486 4695 517 4757 b)
538 4694 594 4744 du.
612 4694 695 4743 Petro.
713 4692 830 4741 L'errcur
845 4694 884 4740 est
900 4691 1013 4754 corriges
1025 4707 1071 4756 par
1082 4693 1240 4742 l'indication
1252 4692 1285 4742 de
1296 4708 1360 4756 nraq.
1372 4692 1411 4741 Jo.
1430 4692 1528 4742 donnes

169 4770 228 4834 plur
239 4770 285 4819 bas
295 4775 323 4819 et
338 4784 385 4833 per
396 4770 422 4818 le
432 4768 504 4834 pibce
514 4766 675 4834 precelente.
685 4794 719 4803 -
729 4768 757 4831 c)
773 4766 830 4818 (bd.
841 4766 926 4816 donne
937 4767 1038 4816 ensuite
1050 4766 1074 4817 le
1085 4772 1141 4817 mot
1155 4783 1161 4817 r
1173 4769 1308 4827 coarear're,
1321 4768 1365 4828 qui
1378 4782 1394 4817 n
1406 4766 1446 4817 cte
1459 4767 1528 4817 binc.

203 4974 225 5022 l.
238 4974 288 5021 Sur
299 4974 336 5022 les
344 4972 491 5023 conditione
501 4973 534 5023 de
544 4988 574 5023 ee
583 4974 702 5036 maringe,
715 4972 771 5021 voir
781 4970 904 5029 Butlrens,
921 4966 1041 5034 Troplrier
1051 4966 1085 5017 clu
1094 4966 1220 5026 Brabaal,
1234 4966 1253 5025 l,
1267 4968 1381 5015 415-416.
