3650 5675
275 435 336 500 280
807 435 892 506 1846,
916 436 951 496 14
973 435 1098 499 octobre.

329 588 474 669 1078.
1284 602 1379 684 1346,
1397 623 1437 686 14
1455 606 1592 671 octobre.

320 706 422 791 Supp.
437 713 634 791 procur-ator
649 704 798 791 episcopi
815 702 1028 784 Morinensis,
1045 703 1136 788 quod
1152 704 1316 790 cum-ipse
1343 705 1427 771 duos
1443 708 1520 774 cler.
1536 710 1636 774 servi-

277 816 367 874 tores
382 809 532 890 haberet,
548 808 706 874 videlicet
721 808 891 893 quondam
906 806 926 885 J
930 806 1098 872 ohannem
1121 807 1163 873 de
1179 807 1300 890 Prella,
1317 817 1469 875 curatum
1484 813 1635 899 parroch.

277 914 358 978 eccl.
375 912 417 978 de
445 911 617 993 Membris,
644 920 680 978 et
704 911 872 990 Jacobum
898 910 1052 995 Hugonis
1079 912 1121 977 de
1148 910 1271 996 Hagia,
1297 913 1445 997 ejusdem
1470 913 1637 992 Johanuis

277 1017 561 1102 consanguineum
589 1028 608 1098 ¹,
636 1018 714 1083 cler.
741 1016 920 1081 Treveren.
944 1013 1042 1096 dioc,
1066 1015 1242 1100 dictusque
1269 1017 1440 1100 quondam
1462 1017 1636 1096 Johannes

276 1121 368 1184 viam
383 1121 426 1186 sit
441 1123 595 1186 universe
610 1121 720 1187 camis
734 1120 910 1206 ingressus,
935 1126 1027 1203 quat.
1055 1119 1182 1185 dictam
1209 1121 1291 1185 eccl.
1317 1129 1479 1203 curatam,
1503 1143 1575 1189 vac.
1601 1124 1634 1189 in

276 1244 343 1288 cur.
359 1245 419 1309 per
434 1225 536 1310 ipsius
551 1223 716 1302 Johannis
732 1226 797 1303 ob,
813 1222 944 1308 prefato
959 1220 978 1299 J
982 1225 1100 1303 ac0b0,
1117 1221 1198 1287 dicti
1211 1223 1360 1290 defuncti
1377 1227 1635 1311 consanguineo,

277 1327 427 1394 conferre
443 1328 637 1413 dignemini.
654 1367 693 1376 -
709 1326 738 1392 F
740 1328 788 1392 iat
804 1326 845 1392 R.

303 1429 400 1495 -Dat
416 1431 516 1495 Avin.
535 1451 552 1495 2
570 1430 613 1496 id.
630 1439 697 1496 oct.
713 1438 727 1465 ⁰
741 1437 774 1495 a⁰
793 1435 833 1514 5⁰.
850 1430 922 1514 (12,
941 1448 979 1513 55
999 1429 1024 1513 ).

328 1566 471 1650 1079.
864 1668 866 1671 Ι
1281 1583 1376 1665 1346,
1395 1601 1434 1666 14
1452 1584 1589 1649 octobre.

320 1685 420 1751 Motu
434 1686 572 1772 proprio
593 1684 808 1770 providemus
828 1680 976 1760 Johanni
1004 1680 1164 1765 Gervasii,
1193 1704 1265 1770 cap.
1294 1685 1422 1770 capelle
1446 1694 1569 1768 nostre,
1592 1687 1634 1753 de

275 1812 349 1856 can.
366 1798 400 1855 et
415 1794 507 1876 preb.
523 1791 605 1856 eccl.
622 1789 792 1869 Leodien,
808 1808 883 1854 vac.
898 1807 959 1874 per
981 1789 1036 1853 ob.
1062 1786 1194 1853 Thome
1218 1788 1260 1853 de
1286 1789 1422 1854 Perusio
1438 1798 1458 1870 ²,
1482 1791 1633 1874 grossarii

275 1893 389 1974 nostri,
414 1894 470 1977 qui
497 1901 592 1959 extra
617 1892 715 1959 Rom.
731 1913 799 1958 cur.
821 1891 911 1957 diem
939 1891 1058 1957 clausit
1082 1900 1280 1973 extremum,
1306 1893 1398 1978 cujus
1412 1896 1490 1958 ben.
1506 1895 1634 1960 ratione

274 1997 356 2062 dicti
373 1997 473 2063 officii
489 1997 623 2062 fuerunt
637 2004 816 2062 reservata.
832 2035 875 2043 -
891 1993 967 2059 Fiat
983 2001 1079 2060 motu
1093 1995 1230 2080 proprio
1247 1994 1287 2059 R.

317 2099 398 2165 Dat.
414 2100 514 2166 Avin.
533 2120 549 2164 2
567 2100 611 2166 id.
627 2109 693 2166 oct.
711 2106 743 2165 a⁰
761 2106 802 2184 5⁰.
820 2099 891 2183 (12,
910 2098 978 2183 57).

327 2237 474 2320 1080.
1281 2249 1377 2331 1346,
1395 2268 1435 2332 14
1453 2249 1590 2314 octobre.

318 2356 419 2441 Supp.
435 2353 673 2441 B[emardus],
699 2354 751 2419 tit.
768 2352 799 2418 S.
817 2352 938 2418 Ciriaci
966 2352 999 2416 in
1027 2352 1157 2418 Termis
1178 2355 1288 2438 presb.
1314 2353 1402 2419 card.
1418 2363 1438 2434 ³,
1456 2361 1546 2438 quat.
1563 2354 1633 2435 sibi,

275 2460 310 2524 in
325 2479 503 2546 personam
520 2479 594 2544 cap.
610 2466 645 2524 et
660 2457 831 2542 longinqui
849 2477 889 2523 ac
917 2455 1068 2522 continui
1092 2457 1260 2522 servitoris
1285 2466 1319 2523 et
1345 2458 1570 2543 procuratoris
1585 2459 1633 2525 sui

277 2565 311 2628 in
326 2563 534 2651 prepositura
548 2563 590 2629 de
607 2560 635 2626 F
637 2562 766 2642 averiis,
783 2560 993 2626 Suessionen.
1004 2557 1123 2639 dioc.,J
1127 2559 1270 2625 ohannis
1281 2559 1498 2642 Trotemenu,
1514 2565 1633 2646 presb,

274 2689 349 2733 can.
364 2671 457 2754 preb.
474 2666 555 2733 eccl.
572 2665 690 2751 colleg.
706 2666 738 2731 S.
754 2664 843 2730 Piati
866 2663 1070 2730 sicliniensis
1085 2676 1105 2744 ⁴,
1132 2662 1320 2729 Tomacen.
1347 2664 1444 2745 dioc,
1471 2685 1561 2751 spec.
1588 2687 1634 2750 gr.

273 2772 444 2853 facientes,
461 2771 503 2836 de
518 2770 688 2838 decanatu
703 2791 728 2836 s.
744 2791 773 2836 c.
789 2768 880 2834 dicte
896 2770 978 2835 eccl.
995 2768 1209 2849 Sicliniensis,
1227 2769 1320 2855 cujus
1335 2768 1501 2834 fructus...
1523 2774 1562 2835 60
1578 2771 1633 2836 lib.

273 2877 351 2942 Tur.
367 2898 459 2963 parv.
475 2876 633 2942 residenti
659 2876 809 2941 valorem
835 2894 983 2939 annuum
1009 2894 1078 2940 non
1104 2873 1271 2938 excedunt
1293 2875 1348 2938 vel
1373 2875 1470 2955 circa,
1495 2895 1566 2939 vac.
1591 2874 1633 2940 ad

274 3000 411 3067 presens
425 3000 486 3065 per
500 2987 644 3045 mortem
660 2979 830 3064 quondam
846 2977 1011 3056 Johannis
1025 2977 1107 3043 dicti
1120 2976 1247 3042 Ovette
1258 2977 1301 3042 de
1312 2976 1633 3064 Dompnonredardo

275 3085 309 3148 in
332 3084 487 3165 Pontim,
514 3084 623 3148 ultimi
649 3082 769 3148 decani
796 3081 955 3167 ejusdem,
982 3082 1037 3166 qui
1064 3088 1157 3146 extra
1185 3079 1284 3146 Rom.
1310 3102 1377 3147 cur.
1404 3080 1496 3162 obiit,
1523 3080 1631 3145 eidem

275 3186 424 3265 Johanni
439 3184 686 3252 Trotemenu...
705 3186 887 3271 dignemini
903 3184 1098 3271 providere;
1115 3206 1183 3250 non
1200 3188 1286 3250 obst.
1303 3185 1393 3269 quod
1409 3206 1482 3251 can.
1499 3192 1534 3249 et
1542 3188 1633 3271 preb.

275 3291 308 3355 in
324 3290 415 3356 dicta
430 3291 512 3355 eccl.
529 3290 560 3355 S.
578 3290 675 3370 Piati,
693 3298 728 3355 et
743 3290 930 3356 custodiam
959 3310 1017 3354 seu
1038 3289 1298 3355 matriculariam
1322 3289 1365 3355 de
1393 3289 1509 3371 Essen,
1532 3288 1635 3355 Mori-

274 3415 363 3475 ncn,
380 3414 420 3460 ac
437 3414 511 3459 can.
527 3395 608 3458 eccl.
626 3393 657 3459 S.
673 3392 763 3459 Petri
781 3393 972 3474 Insulensis,
989 3391 1078 3457 dicte
1103 3391 1292 3459 Tomacen.
1315 3393 1412 3474 dioc,
1437 3393 1578 3469 obtinet,
1602 3402 1636 3459 et

275 3500 367 3583 preb.
383 3497 417 3561 in
434 3496 552 3562 eadem
568 3498 650 3561 eccl.
666 3496 697 3561 S.
714 3496 805 3562 Petri
821 3504 991 3583 expectat.
1007 3536 1049 3545 —
1067 3494 1144 3562 Fiat
1161 3494 1201 3561 R.

319 3601 396 3666 Dat.
412 3602 512 3666 Avin.
531 3622 547 3666 2
564 3602 608 3668 id.
625 3610 691 3668 oct.
708 3609 742 3667 a⁰
760 3608 802 3686 5⁰.
820 3603 834 3684 (
841 3602 892 3681 12,
911 3603 992 3685 58⁰).

329 3739 467 3822 1081.
1283 3754 1378 3838 1346,
1397 3776 1435 3839 14
1453 3756 1591 3821 octobre.

319 3855 419 3921 Motu
433 3856 569 3942 proprio
594 3856 809 3941 providemus
835 3855 982 3934 Johanni
1010 3857 1170 3938 Gerrasii,
1196 3859 1324 3944 capelle
1347 3868 1460 3925 nostre
1485 3880 1569 3945 cap,
1593 3859 1635 3924 de

275 3981 348 4026 can.
365 3970 399 4024 et
414 3963 507 4045 preb.
524 3961 605 4024 eccl.
622 3958 793 4041 Leodien,
810 3982 884 4026 vac.
901 3982 961 4047 per
988 3964 1041 4027 ob.
1069 3961 1200 4027 Thome
1216 3961 1371 4028 Gniducii
1395 3962 1438 4029 de
1461 3962 1597 4028 Perusio
1612 3970 1635 4043 ⁵,

274 4064 420 4130 condam
436 4064 607 4149 scriptoris
622 4071 657 4128 et
673 4064 891 4130 abreviatoris
907 4065 1021 4145 nostri,
1039 4065 1094 4149 qui
1111 4074 1206 4130 extra
1230 4064 1329 4131 Rom.
1347 4087 1414 4132 cur.
1439 4066 1527 4131 diem
1544 4066 1634 4131 clau·

273 4168 315 4233 sit
332 4176 529 4247 extremum,
537 4168 629 4251 cujus
644 4169 808 4234 beneficia
818 4169 950 4234 ratione
961 4170 1149 4255 hujusmodi
1162 4170 1273 4235 officii.
1283 4222 1303 4234 ..
1317 4180 1424 4237 erant.
1433 4224 1438 4235 .
1447 4178 1634 4237 reservata.

272 4310 316 4321 -
332 4268 410 4335 Fiat
425 4279 520 4335 motu
535 4270 681 4355 proprio,
698 4272 724 4335 si
740 4270 893 4356 predicto
909 4279 969 4336 aut
984 4272 1103 4356 quovis
1119 4272 1186 4337 alio
1202 4272 1305 4339 modo
1321 4282 1455 4340 vacant.

317 4374 395 4439 Dat.
411 4374 511 4439 Avin.
530 4395 546 4437 2
564 4374 608 4439 id.
630 4383 697 4440 oct.
714 4382 748 4439 a⁰
766 4382 807 4459 5⁰.
825 4376 896 4457 (12,
914 4377 978 4459 87).

303 4578 332 4639 a)
345 4578 384 4626 On
396 4580 468 4626 avait
479 4578 543 4626 ecrit
554 4579 660 4627 d'abord
672 4583 732 4642 cept.
744 4580 821 4640 qu'on
833 4594 849 4628 a
860 4582 960 4628 ensuite
972 4579 1041 4628 bine.

304 4795 525 4917 1411614666141415,
539 4797 558 4855 1,
572 4797 669 4844 196-
680 4796 775 4845 avoir
786 4800 883 4846 111019
895 4804 920 4847 ot
935 4798 1004 4848 1081.
1017 4826 1049 4834 —
1061 4800 1083 4847 3.
1095 4799 1207 4848 Bernarrl
1220 4800 1314 4850 d’Albi.
1325 4828 1356 4834 —
1368 4801 1390 4848 4.
1400 4799 1463 4847 Voir
1473 4813 1498 4849 n.
1511 4801 1565 4858 316,
1578 4799 1634 4849 3811.

269 4896 336 4918 ..,
383 4882 425 4916 ‚st
504 4906 510 4917 ,
