3650 5675
258 445 320 514 776
542 445 562 509 Ι.
586 481 626 492 -
648 443 739 510 Index
760 441 913 510 nominum
934 457 1127 521 personarum
1149 446 1181 508 nt
1201 443 1340 510 louorunn.

257 610 436 673 Guillelmus
450 610 489 669 de
505 611 596 670 Fux0.

259 709 436 770 Guillelmus
451 708 490 769 de
505 710 659 786 Gennepe.

259 806 436 869 Guillelmus
451 806 629 887 deuGoceui.

260 904 437 990 Guillelmus
451 907 490 968 de
507 905 650 989 Hespine.
757 985 760 989 .

260 1003 437 1065 Guillelmus
452 1005 491 1065 de
507 1001 617 1068 Heuru¹
709 1045 713 1053 ·

260 1102 439 1164 Guillelmus
453 1103 497 1162 du
508 1101 694 1180 Heynsberg.
708 1092 712 1097 ’

261 1207 438 1269 Guillelmus
453 1191 492 1269 dn
508 1211 630 1270 Hornes
645 1207 806 1288 (Hoerne).

260 1307 438 1368 Guillelmus
452 1308 490 1367 de
506 1307 631 1368 Hutain.

261 1404 439 1464 Guillelmus
455 1407 493 1465 de
507 1405 665 1484 Jodoigne.
756 1453 758 1458 .
797 1407 803 1416 “

262 1502 441 1563 Guillelmus
456 1503 495 1564 de
512 1503 663 1564 LambneS.

262 1602 442 1661 Guillelmus
456 1603 495 1662 de
512 1603 555 1660 La
570 1603 651 1663 Palu.

262 1698 440 1760 Guillelmus
455 1701 493 1760 de
510 1699 684 1760 Lemovicis.
780 1773 783 1780 Ι

262 1796 439 1858 Guillelmus
453 1799 492 1858 de
508 1797 702 1876 Lenglentier.

262 1896 440 1956 Guillelmus
455 1896 493 1956 de
509 1898 646 1974 Lescura.

262 1994 441 2056 Guillelmus
455 1997 494 2057 de
509 1997 578 2058 Los.

262 2093 442 2156 Guillelmus
457 2094 495 2154 de
511 2093 594 2172 Loyf.

261 2192 440 2268 Guillelmus
455 2195 494 2254 de
510 2191 657 2273 Lumbris.

261 2290 440 2352 Guillelmus
454 2292 493 2352 de
509 2293 629 2352 Mansa

261 2387 438 2449 Guillelmus
453 2390 492 2450 de
508 2387 696 2468 Mauritania.

262 2486 440 2548 Guillelmus
454 2489 494 2548 de
509 2489 651 2548 Marhant
667 2485 872 2568 (Marchiant).

265 2593 444 2655 Guillelmus
458 2595 497 2657 de
513 2594 706 2658 Mediacuriu.

261 2692 440 2754 Guillelmus
455 2695 493 2754 de
509 2695 656 2759 Meduno.

261 2791 441 2853 Guillelmus
455 2793 495 2854 de
510 2793 621 2855 Melini
633 2793 790 2875 (Mellins).

260 2897 438 2961 Guillelmus
452 2901 491 2963 de
507 2900 656 2962 Mesnilio.

260 2996 439 3059 Guillelmus
453 2999 493 3061 de
509 2998 620 3061 Mirlar.

258 3095 437 3157 Guillelmus
451 3098 490 3157 de
506 3097 621 3159 Monte.

260 3193 438 3255 Guillelmus
452 3195 491 3254 de
506 3197 599 3267 Mota.

259 3291 437 3353 Guillelmus
452 3294 492 3358 de
507 3294 536 3355 N
539 3293 654 3355 ivenne.

259 3389 438 3452 Guillelmus
452 3391 491 3453 de
507 3390 632 3453 Nivella.

260 3486 437 3549 Guillelmus
451 3490 490 3549 de
505 3488 637 3550 Oborne.

259 3586 437 3647 Guillelmus
451 3588 490 3647 de
505 3588 566 3647 Ora
580 3586 624 3666 (H
629 3586 720 3669 eure).

259 3692 437 3754 Guillelmus
453 3695 491 3754 de
506 3696 628 3759 Palude.

259 3791 439 3853 Guillelmus
453 3794 491 3853 de
507 3795 687 3857 Plendeven.

260 3891 438 3952 Guillelmus
454 3893 493 3953 de
509 3894 709 3957 Ponteleonis.

259 3989 439 4049 Guillelmus
456 3992 494 4051 de
508 3992 596 4068 Reys.

262 4087 441 4149 Guillelmus
456 4090 495 4149 de
516 4090 615 4149 Roelt.

257 4185 435 4247 Guillelmus
448 4188 486 4247 de
502 4188 681 4249 Rosendale.

257 4283 436 4345 Guillelmus
451 4286 490 4345 de
506 4284 635 4345 Rosetis.

257 4382 435 4442 Guillelmus
450 4385 489 4443 de
504 4385 621 4461 Ruppe.

257 4479 437 4541 Guillelmus
452 4483 490 4541 de
505 4483 534 4541 S.
550 4480 700 4543 AmantiO.

259 4578 439 4640 Guillelmus
454 4581 493 4639 de
507 4581 536 4641 S.
554 4578 671 4657 Egidio.

259 4685 438 4747 Guillelmus
453 4688 492 4747 de
507 4689 534 4749 S.
551 4690 648 4766 Just0.

256 4792 434 4853 Guillelmus
449 4794 487 4853 de
502 4794 530 4853 S.
547 4792 695 4854 'serverin

256 4890 434 4953 Guillelmus
450 4890 633 4953 Descanbot.

943 616 946 622 '
965 604 1142 668 Guillelmus
1157 607 1197 667 de
1211 607 1353 685 Stangno.

965 712 1144 775 Guillelmus
1158 715 1197 774 de
1212 715 1364 776 Stochem.

966 812 1144 891 ,Gnil'elnnus
1158 816 1198 877 de
1212 813 1372 892 Sleidinge.

966 910 1143 972 Guillelmus
1157 915 1197 974 de
1211 912 1338 973 Tiveria.

966 1009 1145 1072 Guillelmus
1159 1014 1198 1089 de
1212 1014 1338 1074 Ussaco.

967 1107 1146 1170 Guillelmus
1161 1111 1200 1170 de
1214 1112 1398 1171 Ventadour.

966 1207 1147 1298 Guiilelmus
1162 1211 1201 1270 de
1215 1212 1361 1288 Vergey0.
1377 1247 1382 1253 -

896 1337 899 1343 ·
966 1315 1144 1377 Guillelmus
1160 1318 1198 1379 de
1212 1315 1367 1377 Vieniaco.

876 1453 877 1458 κ
967 1413 1143 1475 Guillelmus
1158 1416 1197 1475 de
1211 1413 1417 1507 Vicolapiden.

966 1512 1145 1573 Guillelmus
1160 1515 1199 1574 de
1212 1513 1380 1572 Villanova.

895 1681 898 1686 Ι
966 1611 1143 1671 Guillelmus
1157 1610 1196 1671 de
1209 1609 1378 1670 villaribus.

966 1708 1144 1788 Guillelmus
1158 1711 1197 1770 de
1211 1709 1383 1772 Vilrebeke.

966 1808 1145 1868 Guillelmus
1159 1810 1198 1870 de
1213 1807 1475 1884 Wadringhehem.

967 1915 1145 1976 Guillelmus
1161 1918 1199 1977 de
1213 1915 1444 1992 Walkenborgh.

967 2023 1146 2085 Guillelmus
1161 2025 1199 2084 de
1214 2027 1251 2082 W
1252 2023 1396 2102 asinberg.

967 2122 1145 2183 Guillelmus
1160 2123 1198 2182 de
1213 2125 1277 2182 Wo.
1411 2209 1414 2214 .

968 2220 1147 2281 Guillelmus
1161 2221 1201 2280 de
1216 2219 1356 2297 Yuregni.

968 2327 1147 2388 Guillelmus
1162 2328 1201 2388 de
1216 2326 1396 2388 Zidewinde.

968 2424 1146 2486 Guillelmus
1161 2424 1223 2483 dou
1240 2426 1365 2504 Franoy.

968 2523 1146 2584 Guillelmus
1162 2523 1308 2584 Durandi.

968 2622 1146 2684 Guillelmus
1162 2621 1298 2682 Duranti.

968 2719 1145 2781 Guillelmus
1161 2720 1300 2780 Everdin.

968 2820 1146 2882 Guillelmus
1162 2817 1257 2880 Fabri.

968 2919 1146 2980 Guillelmus
1161 2920 1266 2979 Flotte.

969 3017 1147 3078 Guillelmus
1163 3014 1301 3091 Gamelli,
1316 3016 1356 3079 al.
1371 3016 1413 3076 du
1429 3012 1494 3075 Hil.

969 3116 1147 3178 Guillelmus
1161 3113 1289 3177 Girardi.

968 3216 1147 3276 Guillelmus
1162 3215 1265 3274 Gorre.

967 3312 1145 3373 Guillelmus
1161 3312 1276 3371 Isnard.
1308 3343 1310 3347 ·

968 3411 1145 3470 Guillelmus
1158 3408 1256 3487 Judei.

967 3508 1146 3571 Guillelmus
1161 3507 1287 3585 Judicis.

967 3606 1147 3667 Guillelmus
1164 3608 1205 3664 La
1220 3603 1377 3685 Chapolie.

968 3714 1146 3773 Guillelmus
1161 3714 1205 3773 Le
1220 3712 1322 3788 Cirier,
1338 3713 1376 3773 ul.
1392 3712 1431 3775 de
1445 3707 1572 3773 Celario.

966 3810 1143 3873 Guillelmus
1159 3812 1201 3870 Le
1217 3810 1357 3872 Masuier.

966 3910 1145 3970 Guillelmus
1160 3908 1281 3983 Lentin.

967 4008 1148 4070 Guiuelmus
1163 4011 1206 4069 Le
1221 4010 1326 4080 Polum,
1340 4009 1379 4069 de
1393 4007 1527 4068 Oborne.

966 4109 1145 4170 Guillelmus
1161 4108 1319 4184 Lezinghe.
1396 4130 1399 4133 ’

965 4208 1145 4270 Guille'mus
1160 4205 1275 4289 Ligerii.

966 4306 1143 4368 Guillelmus
1158 4304 1316 4381 Limpiaes.

965 4403 1142 4465 Guillelmus
1159 4403 1281 4462 Loncle.

965 4502 1142 4563 Guillelmus
1157 4503 1244 4561 Lose.

966 4599 1145 4662 Guillelmus
1162 4597 1337 4661 Luctatoris.

965 4696 1143 4758 Guillelmus
1160 4694 1246 4773 Lupi.

966 4794 1145 4854 Guillelmus
1161 4796 1282 4855 Maech.

966 4892 1144 4954 Guillelmus
1160 4893 1274 4952 Maian.
