3650 5675
282 504 363 570 804·
846 501 934 575 1347,
958 501 976 564 2
998 518 1086 565 mars.

281 658 351 744 pho
366 677 407 724 ac
421 657 538 743 gratie,
554 654 779 742 acceptationi
795 661 831 719 et
845 653 1029 740 provisioni
1044 654 1146 741 ipsius
1162 653 1331 740 predictis
1348 654 1516 723 Gerardus
1538 656 1648 725 dictus

282 761 390 842 Oude,
415 762 523 847 presb.
539 761 629 827 dicte
652 760 750 841 dioc..
777 780 813 825 se
838 779 1014 844 opponens
1040 767 1198 846 pretextu
1226 759 1397 845 cujusdam
1424 761 1544 828 frivole
1574 784 1648 849 pre·

282 863 480 930 sentationis
503 865 575 947 sibi,
591 872 629 930 ut
654 864 786 945 dicitur,
813 862 910 928 facta
931 862 973 928 de
1000 863 1131 942 eadem,
1146 883 1182 928 se
1205 863 1240 927 in
1263 863 1393 929 dictam
1409 865 1491 930 eccl.
1515 865 1648 932 intrusit

283 977 318 1034 et
332 974 346 1002 ⁸
360 969 605 1054 possessionem
621 967 771 1054 ejusdem
785 966 935 1033 indebite
952 967 1141 1054 occupavit,
1157 975 1258 1054 prout
1274 967 1385 1033 adhuc
1401 967 1533 1034 detinet
1549 990 1647 1036 occu-

281 1082 407 1159 patam,
424 1072 559 1154 fructus,
582 1072 731 1138 redditus
746 1079 781 1137 et
804 1078 989 1157 proventus
1015 1071 1205 1157 percipiens
1231 1091 1274 1136 ex
1301 1071 1432 1153 eadem,
1449 1080 1484 1137 et
1510 1081 1647 1160 propter

281 1177 443 1263 premissa
459 1184 494 1242 et
516 1177 665 1263 ipsorum
680 1176 859 1242 occasione
881 1183 954 1240 tam
969 1173 1137 1241 Gerardus
1162 1196 1264 1260 quam
1290 1175 1490 1262 Rodolphus
1505 1177 1645 1264 predicti

282 1280 325 1346 ad
351 1280 466 1346 sedem
491 1288 600 1366 apost.
620 1281 841 1367 appellarunt,
868 1277 917 1343 ita
940 1276 1030 1361 quod
1056 1277 1202 1342 finaliter
1229 1297 1329 1343 causa
1360 1277 1560 1363 hujusmodi,
1588 1302 1647 1367 per

282 1385 488 1470 presentiam
513 1384 594 1451 dicti
620 1383 791 1469 Rodolphi
815 1390 850 1448 et
874 1381 1137 1469 appellationem
1162 1381 1244 1447 dicti
1269 1380 1411 1448 Gerardi
1434 1383 1479 1449 ad
1504 1385 1647 1450 eandem

283 1486 398 1550 sedem
413 1492 520 1570 apost.
542 1483 656 1550 extitit
666 1483 859 1549 introducta
874 1491 930 1563 ;et
941 1483 1090 1564 tandem,
1104 1505 1181 1550 cum
1195 1494 1392 1573 procurator
1404 1486 1484 1553 dicti
1496 1486 1645 1570 Gerardi,

283 1589 418 1673 singulis
427 1588 637 1673 singulariter
651 1587 804 1653 terminis
816 1607 857 1652 ac
867 1587 989 1653 debitis
1001 1596 1036 1653 et
1048 1590 1300 1671 consuetis,tam
1311 1611 1426 1656 coram
1438 1591 1528 1657 dom.
1542 1591 1645 1657 Fran-

285 1693 375 1758 cisco
391 1691 500 1758 Rome
516 1712 617 1777 quam
633 1690 789 1769 Johanne
815 1691 857 1757 de
883 1689 903 1769 J
906 1710 1035 1772 aurens,
1051 1693 1167 1778 palatii
1188 1702 1295 1779 apost.
1309 1714 1484 1761 causarum
1499 1702 1535 1760 et
1555 1695 1645 1761 dicte

287 1818 385 1863 cause
397 1796 613 1878 auditoribus,
628 1797 817 1863 successive
839 1795 991 1877 servatis,
1009 1796 1092 1862 citra
1111 1805 1228 1863 tamen
1244 1797 1287 1863 ad
1302 1798 1505 1864 audiendum
1527 1800 1644 1865 volun-

284 1909 392 1966 tatem
403 1900 484 1967 dicti
508 1900 598 1967 dom.
615 1899 785 1966 Francisci
801 1920 900 1985 super
916 1899 1119 1965 admissione
1135 1908 1170 1965 et
1181 1901 1370 1987 repulsione
1380 1903 1594 1968 articulorum
1611 1903 1644 1968 in

284 2005 376 2071 dicta
392 2025 491 2071 causa
506 2004 664 2071 datorum
679 2005 798 2087 cidem,
816 2002 1049 2090 Rod[olphus]
1062 2004 1152 2070 diem
1163 2005 1234 2082 vite
1250 2026 1308 2070 sue
1317 2005 1443 2093 clausit
1458 2014 1645 2072 extremum

286 2116 381 2174 extra
394 2108 493 2174 Rom.
506 2109 645 2176 curiam.
657 2109 769 2193 Quare
784 2129 880 2195 supp.
892 2108 981 2173 idem
997 2128 1065 2190 rex,
1079 2117 1169 2193 quat.
1186 2109 1247 2174 sibi
1261 2109 1295 2173 in
1308 2129 1392 2195 pers.
1409 2110 1486 2198 cler.
1502 2130 1542 2175 ac
1557 2131 1645 2195 mag.

284 2212 412 2298 capelle
427 2233 485 2278 sue
501 2212 638 2279 Gerardi
655 2211 767 2278 Brune
783 2223 802 2294 ¹,
820 2211 981 2277 Leodien.
997 2211 1095 2294 dioc,
1111 2233 1201 2298 spec.
1217 2233 1267 2298 gr.
1290 2212 1463 2294 facientes
1479 2214 1588 2300 ipsum
1603 2214 1646 2280 ad

283 2337 384 2382 omne
396 2317 460 2402 jus,
476 2316 561 2382 etin
577 2316 669 2382 omni
681 2316 755 2401 jure
780 2315 870 2401 quod
895 2314 957 2400 ipsi
984 2313 1175 2403 Rodolpho,
1191 2315 1272 2382 dum
1299 2324 1413 2402 ageret
1430 2317 1464 2381 in
1479 2317 1644 2399 humanis,

283 2421 317 2486 in
347 2421 439 2487 dicta
469 2422 621 2508 parroch.
638 2422 721 2488 eccl.
751 2422 969 2508 competebat
999 2426 1035 2484 et
1065 2427 1257 2506 competere
1287 2428 1431 2506 poterat,
1462 2420 1644 2507 dignemini

282 2527 471 2610 subrogare,
488 2535 524 2591 et
545 2525 607 2590 sibi
623 2524 728 2590 etiam
743 2525 786 2591 de
812 2525 885 2611 ipsa
906 2523 1093 2609 providere,
1109 2531 1146 2588 ut
1169 2524 1204 2588 in
1219 2523 1349 2604 fonna;
1366 2545 1435 2589 non
1463 2526 1548 2590 obst.
1565 2546 1645 2610 qua-

282 2649 413 2713 cunque
428 2628 496 2694 litis
510 2626 765 2715 dependentiab
785 2636 882 2694 mota
898 2627 1080 2712 Rodolpho
1103 2627 1257 2714 predicto
1281 2629 1518 2714 premissorum
1545 2649 1643 2695 occa·

282 2731 396 2813 sione;
413 2742 448 2799 et
464 2733 555 2818 quod
570 2733 659 2799 idem
682 2732 849 2799 Gerardus
863 2731 907 2797 ad
932 2731 1127 2817 archiepisc.
1144 2740 1179 2797 et
1202 2752 1275 2818 cap.
1292 2731 1526 2814 Terraconen,
1542 2754 1642 2817 quam

281 2836 396 2903 habita
410 2839 620 2923 possessione
635 2838 778 2925 pacifica
794 2838 884 2904 dicte
899 2839 983 2904 eccl.
1010 2846 1061 2903 est
1085 2834 1254 2903 dimittere
1281 2846 1425 2924 paratus,
1451 2859 1584 2905 necnon
1601 2838 1643 2904 ad

280 2961 384 3026 prep„
414 2941 487 3006 dec.
512 2949 548 3006 et
573 2962 649 3027 cap.
672 2940 877 3022 Leodiensis,
904 2949 941 3007 et
967 2941 1011 3007 ad
1043 2942 1144 3028 episc.
1180 2940 1352 3025 Leodien.,
1381 2942 1513 3008 etiamsi
1543 2942 1642 3027 dign,

281 3064 367 3129 pers.
382 3045 437 3107 vel
453 3043 509 3109 off.
526 3044 657 3126 existat,
674 3045 761 3125 coll,
772 3053 847 3126 etc,
859 3043 1025 3110 beneficia
1040 3044 1133 3126 eccl,
1149 3064 1209 3130 per
1235 3044 1267 3111 S.
1283 3042 1323 3109 V.
1339 3044 1478 3127 litteras,
1495 3044 1643 3110 noscitur

282 3154 471 3232 expectare.
487 3186 531 3196 -
545 3146 779 3232 SubrogamuS,
795 3155 860 3214 etc.
877 3146 919 3214 R.

326 3250 405 3316 Dat.
420 3249 522 3316 Avin.
540 3254 558 3314 6
574 3270 653 3316 non.
665 3260 763 3319 mart.
779 3258 813 3317 a⁰
830 3258 872 3337 5⁰.
889 3252 961 3337 (10,
982 3252 1085 3338 root).

334 3385 625 3472 1162-1163.
1343 3416 1438 3484 1347,
1458 3420 1478 3464 a
1495 3420 1598 3465 marr.

325 3504 427 3591 Supp.
442 3503 463 3582 J
465 3504 615 3571 ohannes
631 3505 673 3571 de
690 3504 879 3591 Columpna
895 3503 985 3572 card.
1001 3515 1023 3586 ²,
1040 3512 1131 3589 quat.
1146 3503 1181 3569 in
1192 3523 1278 3589 pers.
1288 3503 1427 3588 legitimi
1443 3502 1577 3589 nepotis
1592 3502 1640 3568 sui

281 3607 441 3694 Stephani
457 3618 477 3690 ³,
500 3610 571 3674 nati
588 3609 750 3696 Stephani
766 3610 808 3676 de
824 3608 1022 3693 Columpna,
1038 3627 1128 3693 spec.
1148 3606 1210 3692 ipsi
1234 3606 1392 3673 cardinali
1408 3626 1455 3692 gr.
1471 3606 1641 3685 facientes,

280 3711 432 3797 predicto
453 3711 625 3798 Stephano
655 3713 697 3779 de
727 3734 801 3779 can.
826 3720 862 3778 et
887 3713 979 3798 preb.
1003 3711 1085 3777 eccl.
1102 3710 1328 3792 Cameracen,
1343 3731 1418 3777 vac.
1441 3731 1501 3797 per
1523 3710 1641 3795 resign.

280 3815 418 3880 liberam
433 3814 560 3881 factam
575 3815 617 3881 de
641 3816 720 3901 ipsis
734 3816 823 3901 apud
839 3814 954 3881 sedem
967 3822 1075 3900 apost.
1091 3834 1151 3900 per
1162 3813 1300 3880 Petrum
1313 3814 1484 3899 quondam
1505 3813 1641 3899 Agapiti

280 3917 322 3983 de
345 3917 545 4005 Columpna,
572 3941 631 3985 seu
661 3927 912 4007 procuratorem
946 3920 1048 4005 ipsius
1072 3920 1117 3986 ad
1145 3920 1212 3985 hoc
1236 3920 1385 4005 legitime
1409 3918 1640 4000 constitutum,

279 4021 461 4107 dignemini
477 4023 663 4108 providere.
686 4061 718 4072 -
739 4022 815 4089 Fiat
832 4024 872 4089 R.
949 4016 951 4025 ’

323 4165 418 4226 1163.
444 4158 533 4225 Item
555 4181 651 4247 supp.
676 4159 765 4227 card.
788 4162 968 4247 predictus,
995 4172 1086 4249 quat.
1103 4163 1165 4229 sibi
1181 4164 1216 4228 in
1239 4184 1326 4251 pers.
1348 4162 1513 4230 karissimi
1529 4160 1640 4226 fratris

279 4260 328 4326 sui
344 4259 474 4344 Jacobi,
500 4264 573 4329 nati
604 4265 766 4351 Stephani
787 4266 902 4333 militis
920 4267 962 4333 de
990 4267 1192 4353 Columpna,
1209 4288 1299 4355 spec.
1314 4288 1362 4353 gr.
1379 4267 1550 4347 iacientes,
1567 4282 1640 4350 pre·

279 4361 350 4428 fato
364 4361 494 4440 Jacobo
505 4364 548 4431 de
564 4387 637 4432 can.
649 4376 685 4433 et
708 4370 811 4454 preb„
828 4389 911 4453 quos
938 4370 972 4435 in
992 4370 1084 4437 dicta
1109 4369 1326 4437 Cameracen.
1343 4373 1425 4438 eccl.
1443 4391 1520 4437 ven.
1545 4376 1641 4456 pater

278 4465 369 4533 dom.
393 4466 560 4545 Jordanus
589 4469 632 4537 de
662 4470 860 4559 Columpna,
887 4473 1016 4541 electus
1042 4474 1181 4556 Lunen„
1206 4495 1246 4541 ac
1260 4495 1439 4561 germanus
1466 4472 1642 4541 cardinalis

309 4653 339 4715 a)
354 4653 412 4704 (aa.
425 4655 461 4704 Et
472 4656 508 4704 in.
519 4683 552 4692 -
562 4657 593 4719 b)
607 4655 664 4707 eod.
676 4658 735 4708 Lite
745 4658 927 4722 dependentia.

311 4864 334 4911 1.
345 4862 408 4912 Voir
418 4878 444 4912 n.
455 4866 510 4924 217,
522 4866 577 4926 553,
590 4868 646 4915 771.
657 4893 690 4902 -
701 4870 724 4916 2.
737 4868 859 4916 cardinal
869 4869 902 4918 de
911 4870 1025 4934 St·Ange
1037 4888 1043 4931 ς
1055 4872 1111 4920 roir
1121 4887 1146 4921 n.
1159 4875 1198 4921 22.
1210 4900 1243 4909 —
1255 4874 1277 4923 3.
1290 4869 1390 4922 Decede
1401 4886 1433 4920 en
1446 4874 1516 4931 1378,
1526 4868 1600 4936 aprbs
1610 4884 1639 4919 sa

278 4937 424 4997 promotion
434 4952 469 4985 au
480 4938 629 5000 canliualut,
642 4941 707 4988 mais
717 4947 797 4990 avant
807 4942 906 4992 d'aroir
916 4958 978 5007 recu
989 4958 1035 4994 son
1046 4947 1107 4995 titre
1117 4945 1221 5010 (Eubel,
1234 4946 1254 5007 Ι,
1268 4946 1321 5009 23).
