3650 5675
289 478 346 546 128
380 498 384 502 ’
730 534 734 541 .
791 477 879 553 lala,
903 477 954 542 5-6
976 478 1142 544 novembre.

290 642 324 698 01
354 633 419 698 alia
447 630 645 718 multiplicia
675 630 898 712 incommoda,
925 651 989 714 que
1016 651 1077 717 pro
1108 639 1198 698 statu
1229 653 1289 698 suo
1315 633 1464 699 tenendo
1487 634 1649 701 veraciter

290 738 510 802 incubuerunt
525 745 560 802 et
585 735 628 801 de
656 736 710 801 die
734 737 768 800 in
795 735 885 801 diem
912 736 1120 817 incumbunt,
1143 757 1207 822 que
1231 758 1299 804 non
1325 746 1439 824 potest
1465 740 1650 824 aliqualiter

290 842 360 906 sine
377 841 493 906 Vestre
510 841 541 905 S.
557 861 603 924 gr.
614 847 809 926 supportare
824 863 833 919 ;
850 849 941 923 quat.
958 840 1067 905 eidem
1083 841 1269 907 concedere
1284 842 1466 928 dignemini
1483 844 1574 929 quod
1588 845 1648 910 sibi

289 945 389 1010 liceat
405 944 536 1028 exigere
551 953 586 1009 et
610 945 722 1010 levare
746 944 911 1009 decimam
937 944 1103 1028 integram
1129 947 1171 1011 ab
1199 946 1354 1012 omnibus
1379 948 1518 1014 subditis
1534 947 1649 1012 suiset

290 1049 362 1114 aliis
376 1049 526 1134 personis
541 1051 623 1115 eccl.
640 1049 674 1113 in
690 1049 756 1114 suis
772 1049 835 1114 cir.
852 1055 887 1114 et
914 1048 1001 1114 dioc.
1018 1048 1204 1115 Tomacen.
1230 1052 1421 1117 constitutis
1436 1075 1444 1133 ;
1470 1073 1538 1118 non
1563 1054 1648 1118 obst.

242 1193 247 1204 ·
290 1155 541 1238 quibuscunque
556 1154 746 1240 privilegiis,
764 1153 1042 1238 exemptionibus
1060 1155 1193 1220 statutis
1214 1177 1271 1221 seu
1294 1157 1588 1222 consuetudinibus
1615 1157 1649 1220 in

290 1258 491 1324 contrarium
508 1258 637 1324 editis...
652 1295 695 1302 -
713 1258 787 1325 Fiat
799 1258 841 1323 de
857 1259 1004 1324 subsidio
1020 1259 1194 1325 moderato
1211 1258 1251 1325 R.

334 1362 432 1443 Item,
449 1372 538 1446 quat.
566 1364 627 1428 sibi
653 1362 837 1428 concedere
861 1361 1043 1446 dignemini
1060 1363 1150 1448 quod
1173 1364 1301 1430 duabus
1323 1364 1473 1450 personis
1499 1365 1649 1451 ydoneiS,

291 1467 392 1532 etiam
408 1467 434 1532 si
451 1467 566 1532 sintin
583 1468 685 1533 sacris
710 1467 880 1533 ordinibus
907 1467 1100 1548 constitute,
1118 1487 1201 1550 quas
1216 1468 1347 1534 duxerit
1367 1469 1545 1554 eligendas,
1562 1478 1650 1534 auct.

291 1580 411 1652 vestra,
438 1572 675 1637 tabellionatus
705 1570 853 1636 officium
886 1570 1100 1636 committere
1139 1572 1250 1637 valeat
1277 1581 1312 1638 01
1339 1572 1428 1658 ipsos
1453 1573 1650 1639 tabelliones

292 1697 413 1757 creare,
430 1677 516 1741 utin
533 1676 649 1741 forma.
665 1717 709 1724 —
726 1675 800 1740 Fiat
817 1673 858 1740 R.

338 1831 536 1914 sonitem,
560 1840 650 1918 quat.
669 1830 845 1918 [consocio
861 1851 922 1896 suo
940 1829 1077 1915 Hugoni
1095 1830 1137 1896 de
1161 1831 1192 1896 S.
1210 1829 1382 1912 Medardo,
1399 1836 1517 1918 presb,
1534 1833 1599 1900 ind.
1616 1835 1649 1899 in

294 1944 355 2000 art.
371 1943 470 2001 mort.
487 1935 687 2022 concedere]
705 1935 895 2019 dignemini.
917 1976 960 1984 -
977 1933 1052 2000 Fiat
1069 1935 1109 2000 R.

338 2040 416 2106 Dat.
432 2041 532 2107 Avin.
550 2063 567 2106 2
584 2062 663 2106 non.
679 2062 758 2106 nov.
782 2047 815 2105 a⁰
833 2049 874 2104 2⁰.
892 2040 941 2124 (3,
958 2039 995 2104 P.
1013 2039 1058 2121 ΙΙ,
1077 2043 1144 2125 25).

344 2195 459 2280 569.
1280 2233 1340 2297 13,(
1341 2233 1373 2297 3,
1389 2231 1410 2294 5
1427 2217 1608 2280 nouembrc.

336 2313 438 2401 Supp.
468 2313 641 2391 Johannes
666 2313 708 2378 de
733 2312 958 2380 Pradisrassio
973 2315 1015 2380 de
1052 2314 1184 2397 Ucello,
1213 2315 1428 2383 Lemovicen.
1451 2318 1548 2400 dioc,
1572 2319 1650 2384 olim

292 2419 432 2484 servitor
450 2417 489 2484 R.
507 2417 543 2482 P.
567 2416 607 2481 G.
624 2417 666 2482 de
682 2416 886 2498 Ventadom,
910 2421 989 2484 bon.
1010 2439 1111 2484 mem.
1129 2420 1229 2504 episc.
1246 2418 1431 2486 Tomacen.
1449 2431 1456 2454 ¹
1474 2422 1650 2505 quondam,

292 2532 326 2588 et
342 2532 452 2589 vester
467 2531 620 2608 ternpore
636 2543 704 2606 quo
719 2521 826 2587 fuistis
850 2526 953 2588 abbas
974 2523 1166 2588 monasterii
1186 2523 1420 2590 Fiscannensis
1435 2535 1456 2604 ²,
1484 2533 1574 2610 quat.
1591 2525 1650 2592 sibi

292 2625 333 2693 de
349 2625 506 2713 hospitali
531 2625 649 2690 Pontis
671 2625 1036 2711 Artigie,-Condomen.
1052 2626 1149 2706 dioc,
1166 2626 1349 2712 dignemini
1362 2629 1546 2714 providere.
1557 2671 1600 2680 -
1611 2629 1649 2694 R.

336 2731 413 2797 Dat.
429 2731 529 2795 Avin.
545 2749 624 2794 non.
639 2750 718 2795 nov.
734 2738 767 2795 a⁰
784 2739 826 2796 2⁰.
843 2732 892 2814 (3,
910 2730 946 2795 P.
958 2729 1003 2811 II,
1022 2732 1089 2816 22).

342 2885 582 2970 570·57l.
1280 2922 1374 2987 1313,
1388 2903 1409 2967 6
1425 2905 1605 2968 novembre.

335 3004 436 3089 Supp.
454 3002 644 3087 Margarita,
659 3005 827 3088 quondam
843 3004 929 3089 regis
946 3003 1086 3070 Francie
1102 3005 1179 3087 filia,
1196 3008 1363 3081 comitissa
1377 3006 1541 3087 Flandrie,
1558 3014 1646 3090 quat.

295 3108 399 3196 [cler.‚
417 3114 451 3172 01
466 3107 598 3173 medico
614 3128 674 3173 suo
690 3108 791 3173 famil.
809 3108 910 3174 Petro
926 3108 968 3173 de
985 3108 1163 3175 Damousis
1178 3120 1198 3192 ³,
1215 3110 1247 3175 in
1264 3110 1350 3175 med.
1367 3117 1401 3174 et
1416 3110 1450 3173 in
1466 3118 1526 3176 art.
1548 3129 1646 3193 mag,

291 3211 419 3297 dya0.],
432 3210 473 3276 de
483 3213 560 3277 ben.
577 3212 658 3277 eccl.
669 3232 697 3276 0.
715 3234 754 3292 0.,
771 3213 825 3277 vel
837 3233 862 3277 s,
879 3233 919 3293 c.,
936 3233 995 3277 seu
1011 3212 1077 3294 off,
1095 3213 1197 3279 ctiam
1213 3212 1238 3279 si
1254 3221 1451 3299 personatus
1466 3214 1521 3278 uel
1537 3220 1648 3299 patro-

291 3317 424 3401 nagium
452 3316 582 3396 existat,
608 3317 700 3401 cujus
724 3318 800 3381 ben.
828 3337 856 3381 0.
888 3336 916 3380 c.
942 3316 1045 3400 grossi
1073 3316 1197 3383 fructus
1232 3338 1291 3383 roo
1315 3318 1370 3381 lib.
1397 3316 1485 3397 Tur,
1513 3324 1547 3381 et
1572 3319 1649 3381 ben.

292 3444 317 3488 s.
334 3442 373 3502 c.,
390 3420 457 3501 off,
474 3421 527 3485 vel
544 3421 741 3506 patronagii,
760 3427 799 3486 60
815 3421 871 3486 lib.
887 3419 976 3501 Tur.,
993 3441 1059 3486 sec.
1082 3428 1150 3485 tan.
1173 3420 1314 3500 decime,
1330 3422 1477 3486 valorem
1502 3441 1649 3486 annuum

291 3545 359 3590 non
376 3524 550 3605 excedant,
570 3523 660 3611 [vac.
678 3525 731 3588 vel
745 3522 871 3609 vacat]
891 3525 923 3587 in
942 3526 1005 3589 civ.
1024 3524 1163 3589 Rernen.
1180 3526 1233 3588 vel
1250 3524 1347 3605 dioc,
1365 3534 1539 3611 spectante
1559 3545 1649 3590 corn-

290 3630 435 3695 rnuniter
450 3630 505 3693 vel
520 3628 652 3694 divisim
662 3629 703 3694 ad
720 3630 817 3695 coll...
833 3628 1038 3715 archiepisc,
1055 3628 1127 3695 dec.
1151 3638 1185 3693 et
1201 3650 1273 3715 cap.
1292 3628 1442 3709 Remen,
1469 3628 1648 3713 dignemini

290 3732 466 3819 providere
479 3753 493 3812 ;·
515 3752 583 3797 non
609 3734 694 3797 obst.
712 3732 802 3818 quod
818 3732 849 3796 in
869 3731 1008 3797 Remen.
1025 3733 1323 3819 semiprebendam,
1340 3752 1379 3799 ac
1396 3732 1430 3796 in
1457 3732 1510 3797 SS.
1528 3732 1648 3797 Cosme

290 3846 324 3901 et
350 3836 505 3902 Damiani
522 3834 673 3916 Remen,
689 3844 723 3901 et
740 3836 771 3900 S.
795 3835 884 3900 Petri
900 3836 942 3901 de
969 3835 1124 3901 Maceriis
1149 3836 1306 3917 ecclesiis,
1329 3856 1401 3902 can.
1418 3844 1453 3902 et
1467 3838 1557 3922 preb.
1574 3857 1649 3902 nos-

291 3941 376 4006 citur
399 3941 559 4006 obtinere.
576 3981 618 3990 —
635 3938 710 4005 Fiat
726 3959 829 4023 usque
845 3940 887 4005 ad
904 3957 944 4024 70
959 3940 1015 4005 lib.
1033 3961 1061 4005 c.
1079 3961 1117 4020 0.,
1136 3958 1176 4024 50
1192 3961 1217 4005 s.
1234 3960 1262 4005 c.
1280 3939 1320 4005 R.

335 4104 412 4165 571.
431 4096 531 4178 Item,
547 4118 653 4183 supp,
679 4096 779 4182 quod,
805 4118 881 4162 cum
906 4099 1009 4163 abbas
1033 4105 1175 4162 monast.
1202 4096 1491 4181 septemfontium,
1509 4094 1649 4161 Remen.

292 4202 389 4283 dioc,
407 4200 722 4266 Prernonstratensis
738 4199 870 4279 ordinis,
887 4200 930 4264 sit
945 4208 1105 4286 patronus
1119 4198 1270 4286 parrocb.
1281 4200 1363 4263 eccl.
1376 4197 1417 4263 de
1428 4198 1549 4279 Turne,
1559 4198 1649 4264 dicte

292 4306 389 4387 dioc,
401 4306 523 4370 valoris
538 4326 579 4389 40
595 4305 651 4370 lib.
668 4302 768 4368 Paris.
785 4303 828 4368 ad
843 4302 1019 4384 decimam,
1036 4312 1070 4367 et
1094 4301 1285 4388 archiepisc.
1303 4300 1443 4368 Remen.
1472 4302 1647 4384 RobertuS,

292 4412 370 4475 bon.
386 4431 486 4475 mem.
499 4421 519 4490 ⁴,
535 4410 736 4475 tenuitatem
763 4408 953 4474 reddituum
969 4408 1050 4474 dicti
1074 4407 1267 4472 monasterii
1295 4405 1517 4489 considerans,
1539 4406 1649 4493 eidem

292 4515 417 4579 dictam
441 4513 590 4598 parrocb.
615 4514 697 4579 eccl.
722 4514 876 4593 univerit,
902 4513 1170 4598 ordinaveritque
1201 4512 1291 4597 quod
1320 4514 1423 4577 abbas
1452 4511 1495 4577 ad
1524 4511 1649 4577 dictam

325 4723 346 4771 l.
359 4720 717 4781 (1111110110ιο(10201110110111,
730 4728 756 4780 -ιι
768 4724 830 4771 1333
842 4723 947 4785 (Eubul,
961 4723 981 4782 I,
994 4723 1062 4786 nlo).
1075 4752 1107 4761 -
1124 4726 1146 4773 2.
1165 4724 1250 4773 Pion-c
1268 4724 1350 4784 Rogcr
1365 4723 1407 4771 fut
1418 4720 1484 4769 abbo
1495 4722 1528 4770 do
1539 4719 1650 4782 champ

291 4794 323 4844 (10
336 4798 398 4843 1326
410 4798 426 4843 a
439 4796 501 4843 1328
519 4795 605 4858 (Gall.
617 4797 710 4854 ebriat,
724 4798 772 4854 Xl,
785 4798 853 4857 211).
865 4826 898 4832 -
909 4798 932 4846 3.
946 4797 1052 4855 Denitle,
1069 4797 1190 4852 (21111111,
1206 4798 1240 4848 ll.
1254 4800 1309 4848 232.
1322 4799 1376 4855 2311,
1390 4795 1481 4844 32211
1500 4796 1556 4842 doit
1575 4793 1652 4854 s'ngir

292 4870 369 4918 icida
383 4870 514 4931 Damouny
526 4870 685 4931 (Ardeunes)
697 4875 723 4918 et
735 4886 786 4918 non
798 4870 831 4918 (10
844 4871 993 4919 Dnmousies
1004 4870 1110 4933 (Nord).
1124 4874 1162 4921 Cl.
1175 4872 1263 4931 varin,
1276 4872 1356 4919 „lv-en.
1373 4869 1441 4919 odor.
1452 4868 1483 4917 (le
1500 4868 1592 4926 11011111,
1614 4866 1649 4925 11,

294 4946 362 5004 1032,
377 4944 439 4991 1043
451 4959 457 5002 ;
470 4944 520 5003 Ill,
534 4946 565 4992 65
580 4944 677 5002 3Arclt.
690 4942 776 5006 le'pial,
789 4947 813 4992 2⁰
825 4949 899 5008 part,
913 4946 1019 5005 Statuts,
1034 4946 1053 5006 I,
1069 4942 1418 4995 101.-4.·l-3mam1324
1431 4943 1534 5008 (Eubel,
1548 4942 1568 5003 1,
1581 4940 1649 5002 440).
