3650 5675
723 522 810 603 1348,
834 522 874 587 29
895 524 976 589 abitt.
1476 528 1529 595 113

213 675 300 742 Item
316 697 412 763 supp.
422 675 510 743 idem
521 675 688 742 Robertus
699 674 742 741 de
756 672 885 753 Tuicio,
895 672 1076 759 complura
1087 672 1249 739 dimiserit
1262 676 1339 741 ben.
1352 678 1529 743 occasione

167 781 259 847 dicte
272 783 378 867 gratie
392 802 453 867 per
466 782 632 868 prefatum
647 780 737 846 dom.
754 778 1010 866 B[enedictum]
1025 798 1081 865 pp.
1104 778 1138 845 in
1154 778 1244 845 dicta
1270 781 1352 847 eccl.
1368 780 1528 851 Leodien.

168 887 229 952 sibi
240 887 338 968 facte,
348 908 413 973 que
423 887 609 973 recuperari
617 906 688 952 non
699 893 849 972 possunt,
859 892 959 971 prout
969 884 1190 951 vicedecanus
1200 892 1235 951 et
1246 886 1429 971 capitulum
1439 886 1528 953 dicte
1566 914 1567 917 ¹

170 991 331 1057 Leodien.
346 993 429 1057 eccl.
445 992 479 1055 in
495 991 614 1057 litteris
628 990 703 1055 suis.
720 991 752 1055 S.
768 988 808 1055 V.
823 988 866 1055 ad
881 1008 1017 1075 presens
1039 1008 1101 1074 pro
1117 989 1190 1075 ipso
1205 988 1339 1057 directis
1353 997 1528 1072 testantur,

168 1114 233 1161 nec
248 1116 382 1161 securus
396 1095 506 1162 adbuc
521 1097 565 1160 sit
580 1094 623 1160 de
637 1095 697 1160 lite
712 1094 831 1174 futura,
848 1093 1000 1178 quamvis
1026 1093 1140 1159 multis
1160 1094 1256 1161 annis
1279 1114 1377 1181 super
1400 1094 1529 1181 prefata

168 1200 275 1284 gratia
288 1200 322 1264 in
340 1200 431 1265 curia
446 1199 635 1283 litigaverit,
651 1219 720 1264 non
735 1198 806 1265 sine
821 1196 952 1281 magnis
963 1197 1126 1283 expensis,
1139 1206 1176 1263 ut
1185 1198 1356 1283 prefertur,
1366 1206 1457 1283 quat.
1467 1198 1528 1265 sibi

168 1303 211 1369 de
226 1324 301 1369 can.
317 1304 400 1370 eccl.
415 1303 622 1383 Sosatiensis,
638 1302 813 1368 Colonien.
829 1300 927 1381 dioc,
943 1321 983 1366 ac
999 1322 1065 1366 una
1080 1300 1122 1366 de
1136 1304 1229 1388 preb.
1244 1303 1424 1388 majoribus
1439 1302 1529 1369 dicte

168 1409 262 1489 eccl,
279 1408 312 1472 in
328 1428 394 1493 qua
410 1408 553 1492 majores
567 1414 603 1473 et
624 1408 770 1472 minores
784 1404 954 1491 prebende
971 1405 1128 1486 existunt,
1144 1426 1277 1473 necnon
1301 1428 1387 1493 pers.
1402 1409 1456 1473 vel
1473 1408 1529 1475 off.

170 1532 196 1576 c.
213 1533 242 1577 c.
258 1513 313 1576 vel
333 1512 367 1575 in
388 1511 480 1577 dicta
495 1512 578 1577 eccl.
593 1532 667 1577 vac.
683 1510 737 1575 vel
753 1509 939 1576 successive
954 1518 1065 1575 vacat.
1086 1518 1180 1575 motu
1198 1512 1333 1598 proprio
1347 1512 1528 1597 dignemini
1621 1514 1625 1521 '

169 1616 355 1703 providere.
371 1614 452 1681 Non
476 1618 622 1681 obstant.
639 1614 934 1680 consuetudinibus
960 1611 1051 1679 dicte
1067 1615 1148 1680 eccl.
1175 1615 1293 1699 quibus
1317 1616 1398 1682 inibi
1419 1616 1528 1685 caveri

170 1720 291 1787 dicitur
316 1742 360 1785 ne
386 1720 459 1804 quis
485 1719 575 1784 dicte
601 1720 742 1784 ecclesie
765 1718 957 1797 canonicus
984 1716 1046 1783 nisi
1070 1738 1130 1802 per
1146 1740 1262 1785 onmes
1277 1720 1423 1786 minores
1437 1724 1528 1807 preb.

169 1824 334 1910 gradatim
362 1823 532 1905 ascendat,
559 1824 706 1909 aliquam
730 1822 773 1887 de
802 1822 901 1887 dictis
927 1824 1018 1907 preb.
1049 1823 1228 1908 majoribus
1258 1822 1359 1909 ipsius
1389 1824 1528 1890 ecclesie

171 1930 281 1995 valeat
296 1928 457 2015 adhipisci
473 1951 481 2008 ;
498 1949 557 1993 seu
572 1928 663 2013 quod
676 1925 865 2013 hujusmodi
882 1946 968 2012 pers.
984 1926 1039 1990 vel
1051 1926 1108 1993 off.
1123 1926 1213 1993 dicte
1230 1928 1323 2011 eccl,
1339 1949 1416 1997 cum
1433 1950 1529 1995 vaca-

171 2034 266 2114 verit,
283 2034 447 2099 canonico
462 2031 564 2118 ipsius
579 2032 660 2099 eccl.
677 2030 876 2097 Sosatiensis
898 2029 1074 2095 dumtaxat
1096 2032 1304 2119 prebendato
1319 2034 1530 2099 consueverit

170 2137 339 2223 assignari.
354 2177 398 2185 —
414 2135 490 2201 Fiat
506 2135 552 2221 R.
567 2135 679 2222 [motu
693 2135 829 2221 proprio
845 2133 921 2223 R]⁸.
964 2222 967 2227 ,

213 2240 291 2307 Dat.
308 2261 361 2328 ap.
377 2240 627 2305 Villamnovam
644 2263 664 2324 4
680 2236 747 2304 kal.
763 2245 847 2324 sept.
865 2246 898 2305 a⁰
916 2246 957 2305 2⁰.
973 2240 1022 2323 (5,
1042 2240 1128 2325 183).

220 2394 459 2480 503-504.
1229 2430 1323 2495 1343,
1341 2430 1382 2496 29
1398 2416 1486 2478 aaut.

215 2514 303 2598 Sign.
320 2513 468 2580 notarius
483 2519 603 2593 vester,
621 2509 818 2599 Raynaldus
831 2511 875 2579 de
890 2512 965 2577 liliis
982 2512 1060 2579 Ursi
1072 2523 1091 2591 ¹,
1115 2514 1300 2597 quodlicet
1318 2513 1432 2597 Ursus,
1457 2536 1529 2599 ger-

172 2641 290 2685 manus
304 2640 391 2699 suus,
407 2639 482 2685 can.
499 2625 534 2683 et
549 2619 641 2703 preb.
657 2616 699 2682 de
716 2614 916 2681 Nascinton.
929 2617 962 2681 in
974 2618 1056 2683 eccl.
1070 2616 1277 2684 Lincolnien.
1288 2626 1299 2655 ⁸
1311 2616 1425 2684 fuisset
1440 2628 1529 2687 auct.

148 2773 152 2781 .
173 2732 280 2809 apost.
296 2723 459 2789 canonice
475 2729 654 2800 assecutus,
670 2720 811 2804 illosque
827 2740 886 2806 per
900 2721 1025 2785 multos
1041 2740 1148 2787 annos
1164 2720 1364 2807 possedisset
1375 2731 1410 2789 et
1425 2725 1529 2808 possi-

171 2826 267 2894 deret
281 2826 421 2913 pacifice
436 2833 471 2891 et
485 2826 609 2909 quiete,
636 2833 751 2892 tamen
778 2823 948 2892 Unsredus
972 2824 1017 2891 de
1040 2825 1161 2912 Asting
1175 2835 1196 2907 ³,
1222 2826 1277 2912 qui
1302 2848 1363 2914 pro
1389 2828 1466 2894 cler.
1494 2851 1529 2896 se

172 2931 267 3017 gerit,
282 2931 409 2997 dictum
426 2929 550 2997 Ursum
566 2930 694 2998 eisdem
709 2951 784 2998 can.
800 2938 835 2996 et
851 2933 943 3016 preb.
960 2939 1082 2996 contra·
1090 2931 1254 3016 justitiam
1265 2933 1431 3018 spoliavit,
1448 2942 1483 3000 et
1496 2935 1529 3000 in

171 3036 252 3124 ipsis
266 3057 340 3102 can.
365 3043 400 3102 et
424 3037 515 3122 preb.
540 3043 667 3100 temere
691 3055 726 3100 se
750 3034 883 3104 intrusit
908 3034 1048 3118 illosque
1076 3035 1265 3124 occupavit,
1292 3045 1392 3123 prout
1419 3037 1529 3104 adhuc

170 3136 300 3203 detinet
315 3144 520 3223 occupatos3
537 3147 752 3225 propterque
767 3138 877 3204 dictus
895 3137 1001 3204 Ursus
1018 3138 1062 3206 ad
1078 3137 1192 3206 sedem
1209 3148 1317 3226 apost.
1334 3143 1528 3228 appellavit,

172 3242 264 3326 cujus
279 3242 514 3328 appellationis
530 3263 665 3308 causam
681 3251 715 3307 et
731 3243 858 3327 negotii
881 3243 1075 3329 principalis
1101 3265 1176 3318 ven.
1196 3243 1268 3310 viro
1288 3244 1378 3312 dom.
1398 3245 1529 3314 Thome

174 3343 311 3426 Fastolf,
328 3345 468 3412 auditori
486 3367 659 3414 causarum
673 3346 787 3432 palatii
804 3345 1143 3432 apost.,=audiendam
1168 3347 1380 3416 commisistis
1406 3359 1440 3416 et
1463 3351 1528 3417 fine

171 3451 287 3517 debito
312 3451 560 3518 terminandam
573 3473 581 3533 ;
610 3472 674 3536 que
700 3451 734 3516 in
758 3451 1007 3517 contumaciam
1031 3452 1112 3518 dicti
1139 3451 1280 3519 Uniredi
1307 3463 1357 3519 est
1384 3476 1528 3541 pronun-

172 3556 260 3622 ciata
275 3555 319 3621 ad
334 3556 446 3622 sedem
462 3557 649 3642 predictam
665 3556 813 3642 legitime
828 3555 999 3636 devoluta,
1015 3565 1050 3622 et
1067 3557 1100 3622 in
1118 3579 1158 3622 ea
1174 3579 1277 3644 usque
1293 3559 1337 3625 ad
1348 3557 1526 3645 juramenti

171 3659 214 3726 de
237 3660 428 3747 calumpnia
452 3660 692 3745 prestationem
720 3660 878 3726 inclusive
901 3681 1104 3748 processum.
1132 3659 1217 3728 Cum
1242 3673 1355 3730 autem
1383 3667 1528 3753 prelatus

174 3761 279 3829 Ursus
294 3783 400 3850 nuper
414 3762 523 3829 dictos
538 3784 610 3829 can.
627 3772 662 3829 et
678 3768 769 3851 preb.
786 3774 820 3830 et
836 3785 937 3830 omne
950 3765 1004 3850 jus
1019 3765 1079 3830 sibi
1107 3776 1304 3852 competens
1332 3767 1363 3832 in
1392 3768 1526 3852 eisdem,

172 3866 231 3932 lite
246 3865 434 3952 hujusmodi
447 3865 493 3931 sic
509 3865 688 3952 pendente,
704 3868 738 3934 in
750 3869 903 3934 manibus
916 3865 955 3933 R.
970 3866 1006 3932 P.
1019 3867 1108 3936 dom.
1123 3867 1279 3937 Portuen.
1290 3882 1300 3914 ⁴
1312 3871 1400 3958 apud
1412 3873 1525 3938 sedem

171 3971 288 4058 ipsam,
305 3991 363 4058 per
377 3980 627 4058 procuratorem
643 3973 839 4057 legitimum,
861 3981 982 4059 sponte
999 3981 1033 4038 et
1049 3971 1150 4038 libere
1162 3973 1388 4060 resignaverit,
1404 3975 1526 4042 dictus-

172 4095 236 4162 que
252 4076 341 4142 card.
358 4075 545 4161 hujusmodi
562 4076 832 4160 resignationem,
848 4075 890 4142 de
905 4076 1067 4144 mandato
1082 4083 1195 4142 vestro
1206 4074 1282 4140 vive
1293 4075 1526 4142 vocisoraculo

172 4179 232 4244 sibi
249 4179 348 4261 facto,
365 4180 535 4246 admiserit
549 4203 558 4260 ;
575 4199 669 4267 supp.
687 4180 774 4246 idem
792 4179 989 4265 Raynaldus
1004 4187 1105 4264 quat,
1121 4199 1164 4243 ne
1180 4177 1368 4262 hujusmodi
1394 4179 1432 4244 lis
1456 4180 1525 4265 jam

172 4295 272 4370 cepta
287 4283 460 4350 defensore
476 4293 599 4367 careat,
629 4283 697 4371 [et]
727 4285 900 4368 contingat
925 4283 1035 4351 dictos
1062 4304 1136 4349 can.
1162 4289 1197 4348 et
1220 4285 1311 4368 preb.
1337 4283 1525 4350 abeodem

173 4386 326 4456 Unfredo
340 4389 411 4455 sine
427 4389 592 4456 canonico
607 4390 706 4454 titulo
722 4387 867 4468 retineri,
883 4387 1066 4472 dignemini
1088 4387 1216 4453 dictum
1244 4385 1458 4472 Raynaldum
1482 4389 1526 4455 ad

171 4513 272 4560 omne
284 4493 338 4578 jus
353 4502 387 4560 et
415 4495 447 4558 in
474 4493 566 4560 omni
589 4493 662 4578 jure
689 4491 778 4577 quod
802 4491 894 4558 dicto
921 4491 1009 4559 Urso
1035 4492 1250 4577 competebat
1274 4499 1309 4557 et
1334 4501 1526 4579 competere

203 4699 232 4763 a)
245 4699 285 4748 En
298 4714 400 4762 marge:
416 4699 533 4750 Cor-recta
546 4702 572 4749 in
583 4699 768 4764 supplicatione
776 4715 824 4764 per
836 4698 899 4749 dnm
913 4703 1029 4749 nostrum.

205 4923 227 4971 l.
239 4922 303 4971 Voir
313 4936 338 4970 n.
351 4924 405 4970 424.
417 4949 449 4958 -
461 4923 484 4971 2.
496 4921 568 4985 Blles,
583 4921 711 4985 letitiam,
726 4921 745 4984 1,
759 4924 805 4971 107
818 4940 824 4982 ;
837 4917 924 4986 Papul
937 4919 1040 4980 Lata-r,
1055 4917 1102 4977 1311,
1117 4917 1170 4967 las.
1182 4941 1215 4955 -
1227 4917 1249 4967 3.
1264 4917 1390 4980 Pdttlaus,
1406 4917 1425 4980 l,
1438 4920 1475 4980 20,
1489 4921 1527 4970 53.

170 5024 202 5034 -
215 4999 238 5046 l.
250 4996 316 5046 Jean
327 4995 360 5045 de
372 4996 540 5060 Comudngcs.
1324 5017 1328 5024 ·

223 5088 284 5129 Anat
301 5087 349 5129 Vnt.
367 5087 425 5138 Belg.
1470 5087 1481 5128 8
