3650 5675
273 510 335 575 308
808 506 896 580 1349,
922 505 957 570 15
975 503 1103 586 janviar.

273 663 384 726 levare
414 659 521 724 velint
551 665 668 725 contra
698 665 845 722 vestram
875 657 1235 725 excommunicationis
1269 658 1472 725 sententiam
1508 666 1637 724 temere

273 763 443 830 veniendo
458 763 484 828 si
500 761 599 827 dictis
614 762 745 828 nunciis
761 763 868 848 ipsam
892 761 1086 826 firmitatem
1110 763 1295 829 concedere
1310 763 1451 846 velletis,
1466 763 1638 829 humiliter

276 868 468 955 supplicant
494 865 610 932 devoti
632 866 734 931 vestri
755 865 874 931 decani
900 886 960 930 seu
984 864 1178 932 vicedecani
1206 875 1241 932 et
1267 866 1415 954 capitula
1440 868 1576 953 majoris
1602 876 1636 933 et

276 971 427 1041 omnium
443 969 696 1055 collegiatarum
712 969 931 1036 ecclesiarum
957 965 1128 1051 Leodien,
1145 979 1310 1055 quatenus
1332 972 1359 1039 si
1387 973 1563 1058 contingat
1577 993 1639 1058 per

277 1075 431 1140 Vestram
466 1073 688 1139 Sanctitatem
718 1073 798 1159 ipsis
823 1072 954 1139 nunciis
990 1073 1176 1140 concedere
1202 1075 1294 1161 quod
1318 1076 1469 1163 predicta
1498 1076 1637 1142 firmitas

276 1181 407 1244 levetur
435 1178 470 1242 in
501 1175 638 1243 civitate
668 1186 858 1244 memorata
887 1197 985 1263 super
1008 1178 1167 1264 predictis
1190 1180 1386 1262 juramentis
1401 1180 1639 1267 dispensando,

276 1282 458 1369 dignemini
474 1282 565 1368 ipsos
580 1283 727 1348 eximere
743 1286 785 1349 ab
802 1283 868 1365 illa,
884 1283 981 1364 sicut,
988 1292 1026 1349 ut
1040 1283 1230 1370 predicitur,
1238 1284 1319 1350 alias
1328 1283 1462 1350 fuerunt
1477 1286 1636 1371 exempti,

276 1409 316 1454 ac
331 1387 379 1452 eis
395 1387 580 1453 concedere
595 1394 793 1453 executores
819 1407 879 1453 seu
905 1396 1159 1454 conservatores
1181 1389 1215 1453 in
1243 1388 1386 1456 solidum
1410 1389 1466 1474 qui
1491 1397 1637 1455 vestram

277 1499 485 1577 exequantur
500 1491 714 1573 sententiam,
738 1512 840 1576 quam
864 1491 897 1556 in
922 1492 1185 1560 contradictores
1208 1493 1336 1560 ferretis
1358 1493 1384 1560 si
1408 1495 1529 1580 placet,
1553 1493 1638 1559 sicut

277 1597 359 1662 alias
373 1598 442 1661 lata
456 1584 520 1661 fuit
535 1595 637 1661 etiam
653 1616 714 1683 per
727 1595 946 1682 pecuniarum
963 1617 1112 1662 summas
1126 1605 1237 1662 vestre
1262 1617 1394 1664 camere
1409 1596 1637 1683 applicandas

278 1707 313 1764 et
336 1699 428 1780 alias,
444 1707 544 1785 prout
568 1699 616 1764 eis
645 1698 812 1764 videbitur
840 1699 1042 1778 faciendum,
1058 1699 1183 1765 faciant
1209 1708 1373 1787 perpetuo
1401 1700 1642 1766 inviolabiliter

279 1805 457 1884 observari,
472 1812 626 1868 tenorem
641 1802 897 1889 supplicationis
911 1803 1058 1888 ipsorum
1073 1803 1282 1886 nunciorum,
1295 1803 1329 1870 in
1345 1811 1508 1889 quantum
1524 1825 1642 1870 neces-

280 1906 403 1973 sarium
418 1926 480 1992 pro
495 1906 575 1991 ipsis
589 1905 662 1986 erit,
678 1906 798 1971 vestris
811 1906 933 1972 litteris
948 1906 1135 1988 inserendo,
1157 1927 1233 1973 cum
1249 1909 1404 1974 omnibus
1419 1928 1487 1974 non
1504 1911 1644 1974 obstan-

280 2011 369 2076 tibus
384 2018 419 2075 et
434 2010 594 2076 clausulis
604 2010 788 2097 oportunis,
804 2051 848 2059 —-
864 2008 940 2075 Fiat
956 2009 997 2076 R.

324 2113 404 2179 Dat.
419 2113 521 2179 Avin.
540 2115 577 2179 18
593 2113 660 2180 kal.
675 2113 756 2180 febr.
772 2121 806 2180 a⁰
822 2121 864 2198 7⁰.
882 2115 952 2199 (16,
973 2115 1074 2199 102').

335 2250 476 2332 1482.
1289 2288 1384 2354 1349,
1401 2288 1442 2350 15
1451 2267 1597 2350 janaier.

325 2368 498 2454 Significat
527 2368 560 2435 S.
591 2367 632 2435 V.
660 2367 878 2437 devotissima
904 2379 1057 2436 creatura
1082 2379 1193 2437 vestra
1219 2371 1449 2457 Engelbertus,
1465 2371 1645 2457 episcopus

282 2471 454 2554 Leodien,
470 2479 483 2506 ⁸
498 2473 589 2558 quod
603 2475 645 2539 ab
662 2474 743 2540 olim
758 2475 981 2540 interclerum
993 2482 1028 2540 et
1039 2475 1202 2561 populum
1217 2474 1363 2540 civitatis
1378 2472 1548 2554 Leodien,
1560 2481 1645 2539 tuuc

282 2599 381 2665 super
396 2579 510 2643 multis
524 2578 672 2644 articulis
686 2578 927 2662 discordantes,
944 2579 1006 2645 fuit
1032 2580 1119 2645 inter
1146 2586 1258 2645 cetera
1285 2577 1526 2644 concordatum
1552 2577 1644 2662 quod

281 2681 427 2766 quedam
441 2682 582 2766 gabella,
599 2682 713 2766 quein
729 2682 820 2748 dicta
837 2683 976 2749 civitate
991 2683 1033 2749 de
1049 2686 1146 2749 rebus
1161 2683 1333 2748 venalibus
1343 2682 1527 2762 levabatur,
1540 2701 1643 2766 quam

284 2785 479 2853 firmitatem
494 2793 630 2866 vacant,
652 2785 752 2851 nullis
767 2783 780 2820 *³
795 2805 943 2871 unquam
970 2786 1176 2873 temporibus
1202 2787 1380 2868 levaretur,
1406 2783 1519 2851 multis
1545 2805 1644 2871 super

283 2892 349 2957 hoc
375 2890 660 2977 promissionibus,
688 2890 955 2975 obligationibus
979 2890 1113 2957 statutis
1139 2912 1180 2957 ac
1205 2889 1512 2956 renunciationibus
1535 2888 1643 2967 factis,

283 2994 379 3080 penis
393 2993 543 3079 adjectis,
569 2992 773 3079 interpositis
795 2994 1005 3079 juramentis,
1032 3015 1073 3060 ac
1100 2994 1464 3076 excommunicationis
1480 3004 1492 3029 ⁰
1506 3014 1647 3081 suspen-

283 3096 388 3163 sionis
402 3104 437 3162 et
453 3096 621 3162 interdicti
645 3117 705 3182 per
725 3097 922 3184 episcopum
950 3097 1120 3180 Leodien,
1137 3098 1193 3182 qui
1219 3105 1300 3164 tunc
1327 3106 1421 3180 erat,·
1435 3100 1528 3184 cujus
1548 3097 1644 3183 juris-

284 3198 422 3266 dictioni
439 3207 474 3265 et
489 3219 717 3265 successomm
732 3220 868 3267 suorum
882 3210 995 3288 partes
1017 3202 1089 3288 ipse
1111 3222 1146 3268 se
1162 3222 1260 3287 super
1274 3202 1341 3267 boc
1363 3202 1554 3287 specialiter
1568 3202 1646 3266 sub-

286 3304 458 3384 miserunt,
475 3303 510 3367 in
525 3298 644 3369 omnes
660 3310 695 3367 et
710 3303 856 3387 singulos
879 3304 1022 3369 eandem
1045 3303 1238 3369 firmitatem
1254 3305 1415 3383 levantes,
1431 3324 1491 3389 per
1505 3304 1644 3369 modum

284 3406 414 3488 statuti,
430 3406 606 3472 sententiis
621 3406 709 3472 latis.
726 3406 772 3471 Et
786 3406 1024 3473 nichilominus
1040 3406 1073 3472 id
1097 3407 1185 3474 idem
1200 3406 1372 3491 hucusque
1391 3415 1503 3472 tam...
1523 3406 1649 3491 magis·

285 3510 338 3593 tri,
354 3510 483 3577 scabini
499 3510 605 3576 etalii
629 3509 757 3577 dictam
784 3511 958 3576 civitatem
984 3531 1045 3577 suo
1069 3518 1221 3597 tempore
1246 3513 1479 3595 gubemantes,
1504 3511 1584 3577 dum
1611 3511 1646 3575 in

285 3614 353 3680 suis
367 3614 629 3680 instituebantur
644 3620 679 3679 et
695 3612 914 3679 instituuntur
937 3612 1065 3695 officiis,
1082 3634 1185 3698 quam
1210 3613 1329 3698 singuli
1357 3614 1511 3681 canonici
1538 3616 1651 3679 eccle-

285 3718 406 3783 siarum
423 3716 594 3797 Leodien,
610 3737 670 3803 per
684 3737 720 3782 se
735 3717 789 3780 vel
812 3736 899 3782 suos‘
911 3724 1153 3803 procuratores,
1169 3716 1250 3781 dum
1266 3716 1298 3781 in
1317 3716 1500 3783 canonicos
1526 3717 1651 3782 admit-

285 3824 443 3887 tebantur
457 3827 492 3885 et
508 3820 611 3886 etiam
626 3820 860 3902 admittuntur,
884 3826 1133 3887 consueverunt
1152 3820 1263 3905 jurare
1278 3827 1313 3885 et
1325 3820 1437 3905 jurant
1455 3820 1647 3905 hujusmodi

286 3924 510 4013 concordiam,
526 3946 591 4010 que
607 3944 615 3991 :
632 3924 704 3991 Pax
719 3925 930 3992 clericomm¹
944 3925 1142 4010 :vulgariter
1152 3932 1372 4011 nuncupatur,
1384 3923 1523 3989 firmiter
1534 3925 1650 3989 obser-

287 4050 376 4095 vare.

332 4133 553 4200 Postmodum
569 4132 623 4198 fel.
639 4152 706 4197 rec.
721 4130 877 4197 dominus
899 4130 920 4209 J
923 4132 1072 4199 ohannes
1094 4154 1183 4220 papa
1204 4130 1346 4213 XXII¹¹⁸,
1362 4130 1405 4197 ad
1431 4129 1648 4217 supplicatio-

288 4258 366 4303 nem
388 4238 510 4322 bo(ne)
533 4236 725 4321 me(morie)
750 4234 910 4321 Adulphi,
941 4237 1089 4323 episcopi
1117 4235 1287 4317 Leodien,
1315 4255 1414 4321 super
1436 4234 1648 4321 juramentis,

287 4340 473 4420 sententiis,
488 4339 584 4425 penis
598 4345 633 4403 et
649 4338 721 4403 aliis
744 4338 950 4424 supradictis
967 4360 1044 4405 cum
1068 4338 1222 4405 omnibus
1245 4358 1386 4423 quorum
1409 4337 1580 4418 intererat,
1602 4338 1648 4403 ad

288 4452 423 4529 tempus
447 4443 573 4509 dudum
599 4443 760 4528 elapsum,
776 4462 818 4507 ex
845 4442 945 4508 certis
972 4442 1078 4508 causis
1102 4441 1308 4529 dispensavit
1323 4452 1334 4477 ²
1352 4464 1361 4521 ;
1379 4448 1414 4506 et
1440 4460 1482 4505 ex
1507 4447 1588 4506 tunc
1614 4440 1649 4505 in

320 4631 348 4693 a)
361 4631 437 4679 (lette
446 4628 585 4692 suppllque
595 4642 622 4677 se
632 4634 723 4678 trouve
733 4629 802 4677 aussi
818 4644 853 4678 nu
864 4634 933 4679 tome
946 4608 983 4689 17,
996 4629 1015 4679 1.
1029 4630 1094 4679 1981.
1105 4656 1138 4665 -
1150 4631 1180 4692 b)
1192 4630 1220 4679 T.
1235 4631 1271 4691 16,
1285 4628 1378 4679 nullux.
1390 4656 1422 4664 -
1433 4631 1458 4689 c)
1470 4628 1499 4679 T.
1512 4630 1548 4687 16,
1560 4642 1653 4677 earcu-

289 4705 371 4752 tionis.

325 4881 347 4929 1.
360 4880 397 4927 Ia
405 4880 473 4942 pata
484 4876 526 4926 aa
537 4877 616 4926 clarae
626 4876 669 4925 fut
680 4874 766 4938 signee
777 4876 801 4926 le
812 4880 827 4926 7
838 4877 902 4927 aotlt
916 4878 977 4926 1287
990 4875 1105 4940 (Curtul.
1118 4876 1148 4927 dr
1160 4878 1185 4927 S.
1197 4876 1324 4938 Lamberd,
1337 4882 1356 4927 t.
1368 4876 1402 4937 11,
1416 4890 1459 4941 pp.
1471 4874 1600 4937 109-422).
1619 4902 1655 4911 -

292 4958 314 5003 2.
328 4954 363 5001 Ire
375 4956 406 5001 20
416 4953 483 5001 avril
496 4953 558 5000 1330
570 4950 623 5014 (ἰο.,
635 4956 655 5000 t.
668 4951 718 5010 III,
730 4952 859 5013 aarum).
