3650 5675
701 516 790 596 1347,
814 518 850 580 18
871 518 941 582 mai.
1450 519 1508 584 317

150 665 359 730 obstantibus
368 663 472 730 etiam
482 664 672 750 privilegiis,
685 664 991 747 consuetudinibus
1003 668 1138 733 statutis
1148 675 1183 732 et
1199 667 1506 748 constitutionibus

151 767 339 833 monasterii
355 775 390 832 et
402 767 527 833 ordinis
542 767 779 853 predictorum.
795 804 838 812 -
855 767 931 833 Fiat
947 778 1011 835 etc.
1030 769 1069 836 R.

194 873 273 938 Dat.
287 872 388 938 Avin.
406 872 449 939 id.
465 873 544 937 maii
561 879 595 938 a⁰
612 880 654 957 5⁰.
672 873 746 957 (10,
766 873 853 956 188).

205 1009 335 1094 1213.
1214 1045 1310 1110 1347,
1328 1029 1370 1090 18
1385 1026 1463 1090 anai.

194 1126 256 1191 Βῐῃθ
271 1127 382 1192 Pater.
398 1125 483 1190 Cum
498 1125 624 1190 dudum
647 1125 681 1189 in
698 1146 798 1191 causa
814 1147 879 1210 que
903 1131 1097 1194 vertebatur
1112 1130 1198 1196 inter
1210 1130 1300 1197 dom.
1316 1130 1336 1208 J
1340 1130 1508 1195 ohannem

151 1231 192 1296 de
217 1230 359 1296 Pistorio
385 1251 427 1294 ex
453 1237 551 1316 parte
565 1250 642 1309 una,
668 1239 703 1294 et
730 1229 897 1296 Thomam
921 1231 964 1296 de
992 1231 1102 1315 Tullo,
1130 1235 1207 1299 cler.
1234 1233 1394 1300 Leodien.
1411 1234 1508 1314 dioc.,

151 1355 248 1420 super
271 1336 352 1400 eccl.
377 1333 531 1419 parroch.
556 1334 598 1399 de
623 1331 775 1414 Marcou,
803 1335 952 1418 ejusdem
976 1335 1074 1417 dioc.,
1102 1359 1143 1402 ex
1164 1338 1277 1419 altera,
1303 1337 1418 1402 fuisset
1440 1339 1509 1402 lata

151 1438 316 1503 sententia
332 1435 510 1503 diffinitiva
525 1456 586 1522 pro
598 1437 720 1501 eodem
735 1437 825 1502 dom.
841 1437 860 1515 J
864 1439 999 1503 ohanne
1009 1439 1051 1504 de
1068 1439 1211 1506 Pistorio
1233 1463 1292 1527 per
1308 1441 1348 1507 R.
1365 1441 1402 1507 P.
1418 1441 1508 1507 dom.

153 1541 287 1606 Petrum
296 1541 489 1621 Alamanni,
500 1539 972 1626 epiSc.Forojuliensem,tunc
982 1543 1072 1609 dicte
1085 1565 1184 1609 cause
1197 1553 1232 1610 et
1242 1546 1342 1611 vestri
1355 1545 1508 1632 §.palatii

154 1641 339 1725 auditorem
349 1652 368 1722 ¹,
384 1662 405 1708 a
420 1663 485 1726 qua
500 1663 561 1727 pro
588 1652 682 1729 parte
709 1644 790 1710 dicti
814 1645 947 1711 Tlrome
970 1648 1083 1712 extitit
1105 1649 1321 1734 appellatum,
1338 1657 1373 1715 et
1389 1649 1510 1714 deinde

154 1766 251 1811 causa
265 1746 499 1832 appellationis
514 1747 702 1832 hujusmodi
719 1749 899 1816 commissa
914 1751 1005 1816 dom.
1016 1750 1055 1817 B.
1070 1751 1113 1818 de
1130 1751 1326 1834 Caulasone,
1347 1761 1382 1818 et
1398 1773 1510 1819 coram

154 1868 196 1914 eo
209 1849 268 1914 lite
282 1848 452 1935 pendente
476 1851 563 1915 inter
587 1851 715 1917 dictum
740 1853 830 1918 dom.
857 1853 1050 1930 Johannem
1076 1863 1110 1919 et
1130 1855 1297 1921 Thomam
1323 1855 1510 1942 predictum

154 1955 341 2039 supercecl.
351 1953 511 2040 predicta,
527 1955 590 2020 tuit
604 1959 803 2040 subrogatus
824 1957 858 2022 in
876 1958 950 2042 jure
966 1959 1050 2025 dicti
1067 1959 1158 2024 dom.
1173 1959 1339 2036 Johannis
1353 1969 1388 2026 et
1404 1961 1437 2026 ln
1453 1961 1513 2025 lite

155 2057 336 2124 Gobelinus
350 2058 392 2124 de
408 2058 622 2145 Caittenayo,
644 2081 719 2126 can.
735 2062 819 2127 eccl.
833 2061 889 2127 SS.
899 2073 1006 2148 apost.
1024 2063 1201 2130 Colonien.
1212 2073 1232 2144 ²,
1249 2073 1427 2150 postquam
1443 2064 1512 2130 dati

156 2161 286 2227 fuerunt
300 2161 430 2228 articuli
446 2163 586 2229 indicta
602 2183 701 2229 causa
713 2184 828 2230 coram
845 2167 966 2231 eodem
976 2166 1067 2233 dom.
1078 2166 1128 2248 B.,
1139 2169 1194 2252 qui
1210 2177 1330 2254 postea
1345 2169 1424 2233 tulit
1439 2188 1512 2234 sen·

156 2265 297 2330 tentiam
312 2263 526 2331 diffinitivam
541 2267 576 2331 in
592 2287 694 2333 causa
718 2269 955 2354 appellationis
974 2271 1164 2356 hujusmodi
1186 2292 1247 2358 pro
1263 2271 1384 2337 eodem
1400 2273 1512 2338 Gobe-

155 2368 232 2449 lino,
246 2390 266 2434 a
281 2390 346 2454 qua
361 2369 424 2434 suit
439 2391 501 2456 pro
517 2378 611 2456 parte
621 2371 702 2448 dicti
712 2372 844 2440 Thome
860 2373 984 2439 iterato
1000 2375 1218 2460 appellatum,
1235 2383 1270 2439 et
1282 2396 1383 2441 causa
1398 2376 1512 2462 appel-

155 2472 286 2538 lationis
301 2473 489 2558 hujusmodi
506 2475 684 2540 commissa
696 2477 809 2542 Alano
824 2477 866 2542 de
878 2475 972 2558 Gara,
986 2478 1018 2543 S.
1029 2478 1144 2562 palatii
1160 2479 1313 2559 auditori,
1330 2486 1365 2543 et
1380 2499 1511 2564 proces-

155 2597 227 2641 sum
256 2577 290 2641 in
315 2577 389 2662 ipsa
414 2598 518 2661 usque
542 2577 585 2644 ad
608 2579 859 2644 conclusionem
886 2580 1058 2646 inclusive.
1087 2581 1163 2664 Qua
1186 2581 1244 2646 lite
1269 2582 1317 2646 sie
1342 2581 1512 2666 pendente

154 2679 261 2745 dictus
276 2679 471 2760 Gobelinus,
497 2681 601 2747 famil.
625 2684 804 2748 continuus
830 2683 972 2770 predicti
997 2684 1088 2749 dom.
1110 2682 1129 2760 J
1133 2683 1285 2762 ohannis
1301 2691 1395 2748 extra
1414 2683 1511 2749 Rom.

156 2805 221 2850 cur.
237 2783 327 2850 diem
349 2804 445 2850 suurn
469 2786 587 2851 clausit
610 2796 808 2854 extremum.
821 2787 932 2872 Quare
948 2807 1043 2875 supp.
1059 2786 1078 2865 J
1083 2787 1232 2853 ohannes
1249 2785 1393 2867 Morelli,
1410 2787 1512 2853 Seno·

155 2909 231 2955 nen.
258 2890 335 2955 cler.
351 2899 371 2970 ³,
398 2898 433 2953 et
455 2889 557 2955 famil.
585 2892 764 2957 continuus
789 2890 932 2978 predicti
955 2892 1044 2957 dom.
1071 2891 1245 2972 Johannis,
1269 2892 1325 2976 qui
1355 2891 1387 2954 in
1413 2892 1511 2977 regis-

154 2992 277 3058 trando
308 2993 569 3079 supplicationes
596 2995 627 3060 S.
651 2994 690 3060 V.
716 2995 839 3061 diutius
862 3004 897 3060 et
924 2995 1066 3063 fideliter
1101 2996 1267 3063 laboravit
1296 3005 1331 3062 et
1354 2998 1511 3063 continue

155 3097 293 3177 laborat,
316 3104 417 3182 quat,
441 3096 502 3163 sibi
519 3118 607 3185 spec.
623 3120 670 3183 gr.
683 3100 853 3180 facientes,
878 3100 986 3185 ipsum
1001 3100 1195 3179 Johannem
1212 3100 1345 3168 Morelli
1363 3102 1396 3167 in
1420 3102 1511 3167 omni

151 3200 225 3283 jure
247 3199 337 3265 etad
353 3220 454 3264 omne
466 3201 529 3285 J'uS,
553 3201 643 3286 quod
665 3202 758 3268 dicto
785 3202 952 3269 Gobelino
978 3213 1130 3291 tempore
1154 3206 1202 3271 sui
1227 3206 1337 3273 obitus
1361 3207 1395 3271 in
1419 3206 1511 3285 eccl,

155 3303 213 3368 lite
236 3313 272 3369 et
294 3324 392 3369 causa
409 3304 608 3390 supradictis
623 3310 838 3392 competebat
863 3308 918 3371 vel
941 3316 1133 3395 competere
1160 3319 1305 3396 poterat,
1329 3310 1511 3395 dignemini
1611 3334 1613 3338 ·

153 3410 355 3493 subrogare3
381 3408 621 3474 constitutione
651 3410 741 3475 dom.
767 3410 933 3477 Bonisacii
963 3432 1050 3499 pape
1078 3412 1163 3479 VIII
1196 3424 1231 3481 et
1265 3414 1413 3499 qualibet
1449 3414 1512 3480 alia

154 3511 394 3577 constitutione
422 3512 588 3578 contraria
619 3534 689 3578 non
724 3517 841 3595 obst.;
878 3524 912 3580 et
948 3517 1039 3601 quod
1073 3518 1164 3583 dicta
1198 3520 1279 3585 eccl.
1310 3540 1369 3605 per
1405 3519 1514 3605 ipsum

154 3614 321 3681 Thomam
351 3615 393 3680 de
423 3614 513 3681 facto
544 3623 662 3681 contra
688 3618 853 3703 justitiam
883 3618 1074 3685 detineatur
1105 3630 1293 3709 occupata3
1325 3642 1392 3686 non
1428 3624 1514 3687 obst.

156 3720 258 3784 etiam
274 3720 365 3804 quod
387 3720 495 3786 dictus
518 3718 690 3796 Johannes
716 3718 850 3785 Morelli
871 3721 914 3786 de
938 3720 1069 3803 Bocoir,
1087 3732 1121 3789 et
1148 3724 1182 3788 in
1206 3724 1357 3809 parroch.
1373 3724 1455 3789 eccl.
1472 3723 1513 3788 de

159 3821 364 3889 Miromonte
381 3824 508 3909 capell,
523 3823 709 3905 Ebroicen,
726 3833 759 3889 et
770 3826 966 3891 Atrebaten.
982 3824 1079 3907 dioc.,
1093 3828 1241 3891 noscitur
1257 3826 1407 3891 obtinere
1423 3849 1431 3906 ;
1457 3847 1514 3891 seu

158 3925 247 4009 qnod
270 3927 312 3992 de
339 3927 467 4013 capella
489 3926 531 3992 de
555 3926 857 4012 SeptemsalicibuS,
874 3949 914 3993 ac
930 3950 1003 3994 can.
1028 3937 1063 3994 et
1088 3932 1181 4013 preb.
1205 3930 1287 3995 eccl.
1315 3928 1346 3994 S.
1374 3928 1514 3993 ServatiI

157 4028 389 4115 Trajectensis,
408 4032 546 4096 Remen.
563 4040 598 4097 et
614 4016 773 4098 Leodieu.
798 4032 895 4113 dioc.,
923 4034 1041 4098 eadem
1058 4032 1098 4096 V.
1115 4033 1146 4099 S.
1170 4034 1230 4099 sibi
1252 4034 1384 4100 duxerit
1405 4034 1515 4121 provi-

157 4132 304 4199 dendum
319 4157 328 4214 ;
345 4135 425 4200 licet
448 4135 591 4222 deipsis
618 4136 750 4201 nonsit
773 4137 883 4202 adhuc
909 4137 1156 4223 possessionem
1183 4137 1348 4223 adeptus;
1375 4158 1515 4223 quarum

157 4236 290 4319 quidem
313 4238 574 4323 capellaniarum
597 4241 690 4305 valor
713 4260 843 4303 annuus
867 4240 899 4302 in
924 4240 1079 4305 universo
1104 4262 1270 4306 summam
1295 4262 1335 4326 30
1357 4240 1414 4307 lib.
1435 4222 1531 4307 Tur.'

157 4360 225 4405 non
241 4341 384 4407 excedit.
400 4383 444 4391 —
460 4342 537 4407 Fiat
555 4343 595 4408 R.

201 4443 281 4510 Dat.
296 4445 396 4511 Avin.
417 4466 454 4530 15
470 4446 539 4512 kal.
555 4447 634 4512 maii
651 4452 685 4511 a⁰
703 4452 744 4529 5⁰.
762 4446 834 4529 (10,
855 4447 942 4531 190).

192 4653 214 4699 l.
230 4650 292 4701 Voir
308 4667 334 4702 n.
352 4655 406 4714 111,
424 4654 470 4702 194
483 4670 490 4712 3
507 4654 592 4703 Pierrc
608 4654 727 4703 Allemnn
738 4653 780 4701 lut
792 4651 895 4703 nomme
904 4652 1003 4715 arbone
1013 4654 1046 4703 de
1058 4652 1149 4715 noejus
1160 4654 1183 4703 le
1195 4657 1210 4705 ’1
1221 4655 1287 4703 avril
1301 4656 1362 4704 lato
1375 4654 1480 4717 (nubo,
1494 4654 1515 4715 l,

159 4721 229 4785 26³).
239 4753 272 4760 —·
283 4728 305 4773 2.
317 4724 380 4773 Voir
391 4740 416 4774 n.
428 4728 483 4775 896,
495 4755 526 4761 -
538 4728 560 4776 3.
573 4728 635 4774 Voir
651 4742 676 4775 n.
695 4729 765 4776 1000.
