3650 5675
708 529 796 601 1350,
819 527 914 590 23-27
936 527 1022 591 avril.
1489 532 1551 597 503

189 688 223 743 et
238 678 280 744 de
293 678 430 760 Werelt,
443 679 487 745 ad
502 679 645 744 invicem
662 678 928 765 dependentibus
944 686 979 743 et
994 677 1144 764 ejusdem
1155 678 1252 758 dioc,
1265 701 1339 746 vac.
1356 680 1399 761 ad
1413 702 1548 767 presens

189 781 279 868 apud
294 782 407 847 sedem
424 791 531 869 apost.
543 804 602 870 per
616 790 761 848 mortem
775 780 915 847 Henriei
931 781 973 846 de
996 781 1226 864 Hellemonte,
1239 784 1294 867 qui
1310 794 1406 850 extra
1422 788 1545 852 curiam

191 885 289 968 Rom.
305 886 394 952 diem
410 886 480 951 vite
502 907 560 951 sue
583 887 700 952 clausit
727 894 924 965 extremum,
952 886 1045 970 cujus
1071 887 1236 952 beneficia
1261 888 1433 953 collationi
1458 890 1547 956 dicte

188 990 275 1055 sedis
291 998 399 1075 apost.
415 999 494 1055 ante
511 992 581 1075 ejus
596 994 650 1055 ob.
666 990 798 1054 fuerant
821 997 1001 1070 reservata,
1018 1011 1077 1055 seu
1092 991 1159 1055 alio
1175 991 1396 1073 quovismodo
1412 1002 1545 1074 vacent,

189 1094 371 1177 dignemini
387 1093 572 1179 providere.
588 1135 632 1171 ,-
648 1092 724 1159 Fiat
740 1093 781 1158 R.
1533 1092 1536 1098 ’

233 1198 312 1263 Dat.
329 1199 427 1264 Avin.
445 1220 463 1279 9
479 1198 545 1264 kal.
561 1199 641 1263 maii
657 1205 690 1263 a⁰
707 1200 749 1263 8⁰.
767 1198 838 1281 (18,
856 1196 893 1261 P.
910 1195 956 1277 ll,
973 1198 1042 1282 49).

242 1361 383 1447 1933.
1237 1394 1332 1457 1350,
1349 1398 1368 1438 2
1368 1396 1389 1458 3
1406 1378 1503 1441 avril.

231 1480 320 1565 Sign.
338 1479 490 1561 Karolus,
506 1501 563 1544 rex
581 1478 742 1559 Navarre,
758 1477 848 1562 quod
864 1478 1051 1563 Stephanus
1060 1478 1103 1543 de
1113 1477 1276 1543 Pontibus
1291 1498 1389 1563 super
1403 1478 1546 1569 Yonarn,

188 1584 326 1649 clericus
333 1591 368 1649 et
379 1584 550 1649 familiaris
561 1582 765 1648 domesticus
777 1580 937 1661 Blanche,
945 1582 1057 1666 regine
1071 1580 1221 1662 Francie,
1227 1571 1389 1647 canonice
1399 1582 1548 1648 officium

187 1688 421 1773 penitentiarie
436 1688 576 1755 ecclesie
591 1687 778 1753 Tomacen.
794 1690 837 1751 ab
853 1706 943 1751 anno
955 1687 1039 1751 citra
1062 1685 1201 1771 pacifice
1217 1693 1267 1751 est
1279 1684 1430 1772 adeptus,
1443 1707 1548 1771 quan-

189 1812 289 1875 quam
305 1792 474 1877 quoddam
501 1800 663 1868 statutum
686 1798 737 1855 est
758 1790 791 1855 in
809 1790 928 1856 eadem
951 1791 1092 1856 ecclesia
1113 1789 1203 1873 quod
1222 1792 1333 1856 nullus
1357 1811 1434 1856 cum
1454 1790 1546 1856 dicto

189 1894 302 1961 officio
314 1895 404 1961 aliud
414 1894 614 1961 beneficium
626 1896 708 1960 eccl.
722 1895 873 1961 obtinere
884 1904 998 1981 potest
1012 1904 1048 1963 ot
1063 1895 1089 1959 si
1107 1894 1197 1979 quod
1209 1895 1360 1961 obtineat
1372 1896 1452 1961 illud
1464 1895 1548 1960 infra

189 2020 313 2064 annum
341 2021 361 2064 a
387 2007 538 2085 tempore
561 1998 683 2084 adepte
706 1992 924 2083 possessionis
939 1999 1079 2083 pacifice
1093 1998 1263 2063 dimittere
1287 2006 1430 2080 tenetur,
1447 2020 1548 2082 quare

189 2123 284 2188 supp.
309 2110 401 2187 quat.
428 2122 504 2169 cum
529 2102 648 2167 eodem
676 2102 857 2188 Stephano
883 2102 977 2168 dicto
999 2110 1126 2167 statuto
1141 2123 1211 2167 non
1234 2105 1331 2182 obst,
1356 2101 1548 2188 dispensare

189 2205 369 2289 dignemini
386 2214 423 2271 ut
438 2207 510 2292 ipse
536 2206 673 2290 paroch.
701 2207 782 2272 eccl.
798 2206 840 2271 de
868 2206 1045 2290 Chanlayo
1072 2213 1106 2270 et
1131 2227 1206 2271 can.
1230 2214 1265 2270 et
1287 2209 1379 2291 preb.
1407 2206 1547 2271 ecclesie

189 2308 219 2372 S.
235 2307 255 2385 J
259 2309 359 2374 uliani
376 2308 590 2389 Brivatensis,
608 2308 774 2373 Senonen.
790 2318 825 2373 et
841 2309 872 2373 S.
890 2308 979 2373 Flori
1003 2309 1100 2389 dioc,
1124 2308 1267 2373 retinere
1283 2309 1398 2394 possit.
1414 2349 1456 2360 —
1473 2308 1548 2374 Fiat

190 2420 225 2476 et
239 2411 470 2497 dispensamus
488 2412 527 2477 R.

233 2514 310 2580 Dat.
327 2516 427 2580 Avin.
453 2536 470 2592 9
487 2514 554 2581 kal.
570 2516 648 2581 maii
665 2523 697 2581 a⁰
714 2519 756 2580 8⁰.
775 2518 844 2601 (18,
862 2516 899 2580 Ρ.
922 2515 966 2596 Il,
984 2518 1067 2598 49*).

244 2675 547 2761 1934-1935.
1236 2708 1330 2771 1350,
1348 2708 1389 2771 27
1405 2691 1501 2753 avril.

232 2793 333 2881 Supp.
351 2793 540 2860 Florentius
549 2794 591 2860 de
604 2793 734 2872 Jutfaes
746 2804 765 2874 ¹,
775 2802 885 2858 vester
902 2801 936 2858 et
952 2790 1039 2857 sedis
1053 2801 1161 2879 apost.
1174 2794 1375 2878 capellanus
1386 2783 1548 2877 ejusdem-

189 2919 253 2982 que
269 2899 308 2963 V.
325 2899 357 2963 S.
367 2899 506 2964 Camere
523 2901 754 2978 subcollector,
771 2905 861 2982 quat.
881 2897 959 2983 [suo
974 2897 1223 2980 consanguineo
1240 2896 1418 2982 Radolpho
1433 2896 1547 2961 Alardi

190 3003 231 3066 de
248 3002 482 3084 Ravensnade,
499 3002 637 3088 clerico]
657 3002 846 3086 Trajecten.
861 3000 959 3079 dioc,
975 2999 1018 3066 de
1033 2999 1186 3085 parroch.
1203 3000 1344 3065 ecclesia
1361 3001 1393 3063 in
1411 2999 1548 3084 Berglris

189 3127 286 3193 supra
311 3107 455 3186 Soniam,
481 3106 651 3187 Leodien.,
668 3107 764 3186 dioc,
781 3126 855 3171 vac.
872 3104 915 3171 ad
941 3125 1077 3191 presens
1099 3112 1158 3190 per
1181 3108 1235 3169 ob.
1259 3104 1427 3188 quondam
1445 3103 1548 3168 Fran-

190 3211 282 3275 conis
297 3210 339 3274 de
367 3211 543 3292 Geldonia,
560 3210 667 3275 ultimi
684 3210 822 3275 rectoris
844 3208 1003 3294 ejusdem,
1020 3209 1076 3292 qui
1093 3217 1187 3273 extra
1203 3208 1300 3273 Rom.
1317 3208 1442 3273 curiam
1458 3209 1547 3272 diem

189 3317 306 3381 clausit
333 3324 530 3396 extremum,
557 3323 636 3380 ante
663 3314 764 3400 ipsius
791 3317 845 3378 ob.
875 3313 1086 3398 dispositioni
1117 3311 1204 3378 sedis
1228 3321 1335 3399 apost.
1370 3321 1547 3394 reservata,

189 3419 368 3502 dignemini
384 3419 693 3504 providere,...etc.;
705 3439 772 3483 non
790 3420 877 3483 obst.
896 3417 987 3502 quod
1001 3417 1090 3481 idem
1105 3416 1300 3502 Radolphus
1316 3437 1389 3482 can.
1406 3425 1441 3481 et
1456 3420 1546 3502 preb.

189 3522 328 3587 ecclesie
344 3521 534 3607 Trajecten.
551 3522 594 3596 ad
610 3543 744 3608 presens
761 3521 912 3587 obtineat
931 3545 940 3601 ;
957 3520 1015 3586 sed
1031 3521 1057 3585 si
1074 3521 1105 3586 S.
1122 3519 1162 3584 l.
1177 3519 1220 3585 de
1235 3520 1360 3585 eisdem
1377 3522 1473 3586 alteri
1488 3543 1548 3606 per

188 3625 459 3707 reservationem,
472 3635 572 3712 prout
587 3627 717 3706 dicitur,
731 3627 800 3711 jam
816 3625 972 3710 providit,
989 3623 1133 3690 eandam
1149 3625 1394 3709 expectationis
1404 3626 1546 3707 gratiam

189 3729 249 3794 sibi
265 3730 393 3794 salvam
406 3751 447 3793 ex
463 3739 554 3795 certa
569 3730 709 3796 scientia
725 3729 907 3813 dignemini
924 3748 1116 3815 preservare
1130 3751 1138 3808 ;
1161 3747 1237 3792 cum
1253 3727 1372 3792 ceteris
1387 3748 1454 3792 non
1472 3731 1546 3793 obs·

189 3833 377 3898 tentibus...
396 3875 438 3883 -
455 3833 532 3898 Fiat
549 3833 589 3899 R.

235 4003 334 4064 1935.
363 3997 450 4062 Item
474 4019 569 4083 supp.
597 3999 628 4062 S.
656 3997 695 4062 V.
724 3997 922 4062 camerarius
934 4015 955 4076 ²,
983 4004 1073 4081 quat.
1104 3994 1272 4081 [familiari
1288 4016 1349 4083 suo
1374 3994 1544 4073 Durand0,

188 4100 278 4166 dicto
306 4100 519 4181 LascombaS,
537 4099 675 4186 clerico]
706 4100 956 4165 Claromonten.
983 4097 1081 4179 dioc,
1106 4118 1179 4162 can.
1196 4106 1231 4162 et
1253 4101 1343 4184 preb.
1368 4099 1544 4182 collegiate

188 4205 328 4269 ecclesie
344 4205 375 4269 S.
392 4204 547 4290 Dyonisii
563 4203 733 4284 Leodien.,
750 4223 824 4268 vac.
842 4202 884 4266 ad
900 4223 1036 4288 presens
1051 4223 1110 4287 per
1127 4205 1180 4267 ob.
1195 4201 1284 4267 dicti
1302 4200 1494 4282 FranconiS,
1511 4209 1546 4264 et

188 4327 246 4392 per
261 4307 292 4372 S.
311 4307 349 4373 E.
366 4309 551 4389 reservatis,
576 4308 667 4373 dicto
692 4306 852 4371 Durando
877 4305 1027 4370 conferre
1049 4304 1232 4389 dignemini
1249 4327 1326 4370 cum
1341 4305 1407 4370 suis
1419 4305 1545 4388 juribus

188 4411 374 4492 universis3
402 4433 470 4478 non
497 4415 581 4478 obst.
609 4411 698 4495 quod
725 4411 886 4495 capellan.
914 4409 945 4474 S.
973 4408 1133 4474 Katerine
1160 4411 1331 4495 rtrelaten.
1359 4430 1384 4474 s.
1412 4431 1451 4489 c.,
1479 4412 1544 4492 que

187 4524 325 4602 propter
339 4517 387 4581 sui
404 4517 605 4582 tenuitatem
620 4536 688 4581 non
705 4522 755 4579 est
770 4521 884 4578 taxata
899 4511 941 4578 ad
957 4512 1133 4593 decimam,
1146 4513 1294 4579 noscitur
1308 4513 1499 4578 obtinere...
1509 4549 1540 4561 —

190 4617 266 4684 Fiat
283 4619 323 4686 R.
560 4629 562 4632 ’

231 4722 310 4790 Dat.
326 4725 425 4790 Avin.
444 4744 460 4808 5
477 4725 545 4790 kal.
561 4725 640 4789 maii
657 4731 690 4790 a⁰
707 4726 749 4789 8⁰.
767 4725 838 4808 (18,
855 4721 891 4787 P.
910 4719 956 4803 11,
975 4723 1031 4805 52)

223 4969 244 5016 1.
257 4968 318 5015 Voir
329 4981 355 5016 n.
368 4970 422 5028 885,
436 4970 505 5026 1122,
522 4967 591 5016 1331.
603 4993 635 5005 -·
647 4970 670 5014 2.
683 4951 793 5014 E'tienne
806 4933 958 5024 Carnbarou,
969 4963 1129 5024 archeveque
1140 4962 1247 5011 d'Arles.
1313 5025 1317 5031 Ι
