3650 5675
276 519 338 582 522
828 514 915 587 1350,
939 515 992 578 6-8
1010 515 1088 595 juin.

329 666 480 747 2007.
1054 751 1057 755 ,
1366 697 1461 761 1350,
1477 677 1499 742 6
1508 677 1595 758 jnin.

321 784 467 849 Rotnlns
492 782 761 867 resignationem.

323 889 378 952 S¹¹¹⁰
394 888 504 952 Pater.
521 886 686 970 Dignetur
710 884 741 949 S.
766 882 805 947 V.
829 884 1046 968 providere...

322 991 434 1056 Primo
451 988 634 1075 Raynardo
650 987 692 1051 de
708 986 870 1050 Bemawe
897 986 939 1051 de
955 1006 1047 1071 perp.
1073 987 1261 1072 capellania
1286 1008 1344 1052 seu
1367 989 1509 1053 rectoria
1527 990 1639 1054 altaris

277 1096 309 1160 S.
326 1094 487 1181 Stephani
514 1093 567 1158 siti
592 1093 627 1157 in
654 1091 796 1157 ecclesia
812 1090 854 1155 de
881 1089 1026 1172 Mulant,
1054 1090 1215 1157 Leodien.
1241 1092 1339 1173 dioc,
1363 1114 1463 1178 quam
1489 1094 1639 1158 obtinere

278 1200 409 1263 solebat
425 1195 626 1261 Godefridus
641 1194 683 1259 de
701 1192 837 1259 Nivella
853 1214 926 1258 vac.
943 1214 1002 1278 per
1016 1194 1277 1277 resignationem
1302 1196 1429 1261 factam
1444 1218 1504 1283 per
1519 1216 1639 1282 procu·

275 1309 423 1366 retorem
439 1300 520 1365 dicti
537 1297 709 1363 liodefridi
725 1298 758 1361 in
775 1298 929 1361 manibus
943 1297 1034 1362 dom.
1058 1297 1227 1363 Guillelmi
1243 1299 1287 1363 de
1302 1298 1430 1366 Bordis
1446 1342 1489 1349 —
1506 1300 1582 1366 Fiat
1599 1301 1639 1365 R.

322 1403 399 1470 Dat.
416 1404 516 1468 Avin.
536 1405 554 1467 8
572 1401 615 1466 id.
628 1401 712 1486 junii
728 1408 761 1465 a⁰
778 1408 819 1481 9⁰.
838 1402 916 1483 (20,
935 1403 1019 1485 45¹).

330 1574 656 1659 2008-2009.
1366 1583 1596 1668 1350,ojm·n.

322 1695 469 1760 Rotnlns
494 1693 753 1778 resignationem
777 1709 879 1753 cnrrsn
898 1689 1163 1773 permutationis.

324 1797 411 1863 Item
442 1817 519 1863 cum
550 1794 723 1872 Johannes
753 1792 795 1857 de
825 1790 1022 1855 Warmerua
1045 1801 1064 1871 ¹,
1080 1791 1198 1856 doctor
1226 1792 1259 1855 in
1290 1793 1404 1873 theol,
1435 1792 1640 1857 decanatum

279 1903 311 1967 S.
328 1900 418 1966 Petri
435 1898 646 1978 Casletensis,
671 1895 838 1961 Morinen.
863 1895 961 1974 dioc,
978 1903 1012 1960 et
1040 1894 1237 1961 Franciscus
1264 1895 1394 1962 Prestre
1421 1896 1642 1982 capellaniam

279 2006 321 2070 de
336 2003 469 2083 ZiseleS,
485 2000 673 2067 Tomacen.
690 2000 775 2065 dioc.
793 2019 892 2063 causa
915 1999 1171 2084 permutationis
1196 1999 1403 2083 resignarint,
1428 2022 1523 2085 supp.
1551 2008 1642 2084 quat.

280 2107 299 2184 J
304 2107 461 2192 (ohanni)
478 2106 520 2171 de
536 2102 722 2191 capellania
746 2110 781 2166 et
807 2100 1019 2186 Fr(ancisco)
1043 2100 1085 2166 de
1108 2102 1274 2168 decanatu
1299 2103 1435 2188 prefatis
1458 2104 1642 2187 dignemini

281 2211 466 2297 providere.

325 2376 436 2440 2009.
453 2372 542 2438 Item
569 2391 645 2437 cum
672 2391 777 2456 nuper
802 2368 993 2435 Ludovicus
1018 2370 1060 2434 de
1085 2369 1380 2454 Renghersvliete²
1405 2371 1506 2436 alde
1523 2372 1644 2437 Poulre

281 2500 355 2545 can.
372 2486 407 2543 et
422 2480 514 2563 preb.
530 2498 570 2542 ac
585 2477 856 2562 supplementum
873 2475 906 2538 in
924 2475 1006 2540 eccl.
1033 2474 1150 2559 majori
1177 2473 1364 2558 Trajecten.
1391 2482 1426 2538 et
1452 2496 1538 2559 mag.
1555 2476 1645 2541 Tiel-

280 2599 443 2647 mannus³
467 2602 542 2647 can.
559 2588 593 2645 et
608 2582 701 2666 preb.
717 2578 858 2643 ecclesie
875 2578 906 2643 S.
924 2576 1109 2643 Donatiani
1128 2576 1314 2660 BrugensiS,
1341 2576 1528 2644 Tornacen.
1544 2579 1644 2657 dioc,

281 2685 487 2770 resignarint,
503 2704 598 2770 supp.
623 2692 713 2767 quat.
739 2681 914 2746 Ludovico
937 2681 980 2746 de
1008 2702 1081 2746 can.
1097 2690 1133 2746 et
1147 2683 1240 2767 preb.
1256 2682 1398 2747 ecclesie
1413 2682 1444 2745 S.
1462 2682 1645 2748 Donatiani

281 2797 316 2855 et
331 2809 417 2873 mag.
434 2787 636 2853 Tielmanno
652 2784 810 2872 predictis
825 2783 867 2849 de
884 2804 958 2850 can.
975 2792 1009 2849 et
1032 2788 1124 2869 preb.
1151 2804 1191 2850 ac
1217 2785 1483 2870 supplemento...
1510 2785 1645 2870 'l'rajec-

282 2902 350 2958 ten.
374 2891 556 2976 dignemini
579 2888 765 2975 prouidere.
782 2928 825 2936 -
848 2885 926 2951 Fiat
950 2886 990 2951 R.

325 2996 405 3060 Dat.
421 2995 520 3059 Auin.
539 2995 556 3058 8
574 2993 615 3058 id.
628 2992 710 3077 junii
728 2999 761 3056 a⁰
778 2999 818 3072 9⁰.
835 2995 909 3072 (20,
927 2994 1009 3074 46⁹).

334 3157 481 3239 2010.
1370 3189 1465 3252 1550,
1482 3173 1504 3233 8
1512 3170 1601 3251 juin.

326 3275 427 3359 Supp.
444 3272 544 3338 Oddo
559 3271 680 3354 Angeli
696 3270 815 3335 Basilis
831 3269 873 3334 de
890 3268 983 3335 Urbe
1000 3279 1092 3353 quat.
1108 3269 1218 3335 eidem
1233 3271 1276 3335 de
1291 3291 1366 3336 can.
1390 3281 1424 3336 et
1447 3276 1538 3357 preb.
1561 3274 1647 3339 eccl.

282 3378 313 3442 S.
331 3377 420 3442 Petri
436 3375 594 3454 Ariensis,
613 3372 781 3439 Morinen.
797 3373 894 3452 dioc,
911 3393 995 3456 quos
1009 3372 1135 3438 dudum
1158 3373 1192 3438 in
1208 3375 1328 3440 eadem
1355 3376 1503 3441 obtinuit
1524 3377 1648 3443 nobilis

281 3482 331 3545 vir
347 3480 465 3546 Petrus
482 3477 623 3564 Capotie
639 3477 681 3542 de
699 3476 816 3543 Urbe⁴
831 3497 890 3562 per
913 3477 1055 3541 liberam
1077 3477 1339 3561 resignationem
1366 3479 1408 3544 de
1435 3480 1499 3545 illis
1522 3480 1647 3545 iactam

281 3584 370 3671 apud
381 3584 494 3648 sedem
519 3590 637 3667 apost,
661 3581 695 3645 in
711 3581 866 3645 manibus
885 3578 924 3644 R.
942 3579 979 3644 P.
995 3580 1086 3645 dom.
1102 3579 1146 3659 B(
1149 3583 1322 3667 ertrandi),
1339 3581 1468 3648 Ostien.
1485 3583 1646 3668 episcopi,

282 3709 341 3774 per
368 3694 620 3773 procuratorem
647 3684 795 3769 ejusdem
820 3681 920 3762 Petri,
937 3691 972 3748 et
999 3682 1041 3747 de
1065 3684 1202 3769 speciali
1229 3684 1392 3751 mandato
1418 3695 1542 3767 vestro,
1558 3687 1648 3751 'vire

282 3792 375 3858 uocis
399 3791 535 3856 oraculo
559 3789 620 3854 sibi
647 3789 746 3868 iacto,
774 3787 863 3872 apud
889 3785 1032 3850 eandem
1056 3786 1170 3850 sedem
1195 3807 1256 3872 per
1282 3788 1426 3853 eundem
1449 3789 1647 3877 episcopum

284 3896 475 3975 admissam,
499 3914 581 3958 vac.¹
599 3891 782 3976 dignemini
807 3889 983 3976 providere
995 3913 1004 3969 ;
1033 3911 1110 3956 cum
1137 3891 1291 3956 omnibus
1315 3913 1383 3957 non
1409 3897 1506 3974 obst,
1529 3902 1564 3958 et
1587 3915 1647 3958 seu

284 3998 374 4084 quod
389 3997 498 4062 dictus
514 3996 614 4061 Oddo
629 3994 780 4081 parroch.
798 3993 879 4059 eccl.
896 3994 928 4058 S.
944 3993 1126 4058 salvatoris
1142 3994 1175 4058 in
1192 3994 1313 4060 Pesulo
1328 3995 1370 4062 de
1387 3995 1481 4062 Urbe
1498 3997 1647 4062 noscitur

285 4103 448 4168 obtinere.
471 4141 514 4150 —
531 4098 607 4164 Fiat
632 4098 671 4163 R.

328 4207 407 4271 Dat.
423 4205 522 4270 Avin.
541 4209 558 4268 6
575 4204 618 4270 id.
631 4203 714 4288 junii
730 4209 762 4268 a⁰
780 4211 812 4283 9⁰
827 4209 849 4267 ².
867 4203 944 4284 (20,
962 4201 999 4267 P.
1016 4202 1062 4284 II,
1081 4204 1127 4286 5).

315 4425 344 4485 a)
357 4425 397 4470 En
410 4436 496 4483 marge
511 4437 516 4468 :
541 4420 658 4468 Lino-eota
676 4417 739 4465 dario
752 4419 777 4464 in
789 4417 911 4481 ‹rr-ipinnli
928 4432 977 4480 per
996 4416 1124 4464 dorii-bnon
1145 4417 1175 4466 G.
1192 4415 1333 4465 delibratis
1349 4419 1474 4466 notorium
1488 4417 1520 4466 do
1527 4425 1647 4483 prerepto

283 4497 378 4545 (Ioanni
393 4497 479 4556 nostri,
492 4499 515 4542 ei
528 4495 570 4542 trie
578 4509 627 4557 per·
639 4508 676 4540 rna
688 4492 719 4539 P.
736 4491 866 4540 Garnrorri.

288 4638 539 4650 ...u——

320 4737 341 4781 1.
353 4733 414 4780 Volr
425 4747 450 4780 n.
468 4733 540 4779 1569.
552 4757 583 4764 -
594 4733 617 4779 2.
631 4731 665 4778 Oe
682 4731 807 4778 chanoine
819 4729 850 4777 de
863 4729 961 4790 Bruges
971 4731 1057 4777 aurait
1068 4727 1213 4790 (galement
1224 4728 1271 4786 ite,
1284 4727 1385 4792 ‹l'apres
1396 4729 1507 4779 l'nuteur
1523 4731 1559 4778 du
1581 4730 1648 4780 (irn-

287 4807 361 4871 pend.
379 4807 488 4856 eterorrot.
505 4805 540 4868 (p.
555 4803 617 4868 175),
631 4803 722 4867 prevdt
734 4805 765 4852 de
779 4801 929 4851 StHormes
940 4803 972 4850 de
984 4804 1090 4852 Ronaix.
1102 4803 1142 4851 On
1154 4809 1289 4853 rencontre
1300 4819 1332 4852 en
1346 4805 1408 4852 1336
1420 4819 1454 4851 un
1473 4803 1563 4868 prcrbt
1577 4806 1648 4852 Guil-

286 4882 372 4930 lnume
383 4880 415 4928 de
426 4879 629 4940 Remghersvliot
642 4878 738 4940 (Vidal,
752 4893 777 4926 n.
789 4877 873 4937 3004).
885 4903 918 4911 —-
929 4878 952 4924 3.
965 4877 1065 4924 Tilmnn
1076 4877 1109 4924 de
1123 4877 1264 4926 Dordrocbt
1277 4876 1428 4940 (tlrmpend.
1439 4877 1556 4937 chronol,
1567 4878 1584 4926 l.
1595 4879 1632 4937 o.)

287 4955 321 5002 cf.
336 4953 426 5011 Brom,
441 4950 515 4999 Ball.
530 4950 606 5014 Trnj,
620 4965 644 5000 11.
658 4951 728 4998 1350.
750 4975 768 4987 w
790 4951 812 4997 4.
826 4949 887 4997 l'oir
898 4963 924 4998 n.
937 4951 990 5010 487,
1005 4952 1059 5009 758,
1075 4951 1145 5000 1082.
