3650 5675
716 517 800 590 1348,
825 519 912 582 21-25
936 519 1002 584 mai.
1477 525 1538 590 358

179 664 278 730 Bricii
294 665 491 744 Tomacen.,
514 665 729 731 Cameracen.
746 667 843 749 dioc,
860 669 1012 735 similiter
1029 670 1118 756 apud
1134 671 1260 736 dictam
1277 672 1390 737 sedem
1406 693 1466 758 per
1482 677 1535 740 ob.
1624 705 1626 708 ·

177 768 358 854 supradicti
382 767 547 846 Johannis
570 791 644 836 vac.
671 770 855 856 dignemini
882 773 1082 859 providere;
1110 796 1178 842 non
1210 777 1295 842 obst.
1327 777 1418 861 quod
1447 777 1534 846 idem

179 871 305 938 Bindus
319 872 428 939 dictus
443 873 610 940 Oliverius
637 874 807 941 delectum
832 877 998 943 natalium
1025 879 1152 964 patitur
1168 881 1210 946 de
1227 883 1338 946 soluto
1352 882 1484 966 genitus
1501 893 1535 950 et

178 978 295 1058 soluta,
315 997 414 1064 super
437 998 504 1061 quo
530 999 607 1043 cum
633 979 754 1046 eodem
770 988 806 1045 ut
833 981 878 1046 ad
904 1003 1021 1047 omues
1037 983 1169 1049 ordines
1192 985 1380 1070 promoveri
1398 993 1432 1050 et
1457 988 1534 1052 ben.

179 1081 270 1162 eccl,
286 1081 418 1147 etiamsi
434 1089 587 1147 curatum
604 1082 711 1163 fuerit,
727 1084 879 1150 obtinere
903 1087 1015 1152 valeat
1042 1096 1093 1152 est
1117 1088 1265 1172 legitime
1280 1088 1509 1176 dispensatum
1524 1115 1532 1171 ;

179 1204 254 1249 cum
269 1184 342 1250 aliis
356 1205 425 1250 non
442 1189 528 1252 obst.
544 1227 588 1236 -
604 1184 681 1253 Fiat
698 1186 738 1253 R.

221 1286 308 1353 Item
334 1309 429 1377 supp.
460 1297 560 1374 quat,
577 1299 714 1376 propter
741 1291 867 1356 viarum
894 1293 1086 1361 discrimina
1110 1305 1144 1361 et
1169 1297 1318 1362 locorum
1346 1297 1531 1380 distantias,

174 1391 300 1457 eisdem
315 1413 456 1459 examen
471 1395 642 1460 remittere
657 1394 838 1478 dignemini
855 1396 897 1461 de
912 1417 960 1481 gr.
976 1419 1064 1483 spec.
1082 1398 1214 1465 -Fiat
1231 1400 1270 1466 R.

219 1494 297 1561 Dat.
311 1496 413 1562 Avin.
434 1518 470 1560 12
487 1497 553 1586 kal.
567 1497 650 1582 junii
666 1507 699 1562 a⁰
716 1506 758 1582 7⁰.
776 1499 852 1578 (30,
870 1499 906 1564 P.
925 1500 1042 1580 11,11)

228 1633 365 1721 1329.
1228 1657 1320 1739 1348,
1346 1678 1385 1722 η
1411 1661 1487 1724 artai.

218 1752 330 1839 Suppl.
343 1751 452 1817 Maria
462 1753 504 1817 de
515 1751 889 1841 Borboni0,imperatrix
901 1755 1531 1844 Constantinopolitaua¹,quat.Jacob0

173 1858 216 1923 de
231 1857 495 1943 Piro,capellauo
510 1857 644 1944 suo,[de
659 1861 736 1926 ben.
752 1859 851 1947 eceb]
869 1861 912 1926 ad
929 1863 1026 1928 coll...
1042 1863 1234 1948 prepositi...
1246 1872 1280 1929 et
1293 1864 1429 1950 capituli
1447 1869 1528 1932 eccl.

173 1961 215 2027 de
245 1962 366 2044 Insula,
382 1962 568 2029 Tomacen.
595 1963 693 2043 dioc,
709 1965 890 2049 dignemini
916 1967 1102 2053 providere,
1130 1989 1197 2032 nou
1226 1970 1310 2033 obst.
1327 1969 1417 2052 quod
1437 1991 1528 2057 perp.

175 2067 292 2153 capell.
309 2064 348 2132 B.
364 2067 545 2132 Catherine
561 2068 595 2132 in
611 2069 742 2154 capella
758 2067 796 2133 B.
816 2068 863 2134 M.
880 2091 986 2156 prope
1010 2072 1121 2136 aulam
1148 2071 1274 2154 regiam
1300 2072 1332 2135 in
1348 2071 1439 2139 dicta
1452 2074 1530 2140 villa

172 2169 215 2235 de
231 2170 343 2236 Insula
359 2171 510 2237 obtinere
525 2181 692 2238 noscatur.
709 2171 843 2239 —Fiat
860 2173 900 2239 R.

215 2273 336 2341 ltem...
352 2274 485 2342 Verano
500 2277 542 2342 de
558 2275 662 2356 Valle,
679 2278 756 2342 cler.
774 2297 845 2356 suo,
869 2276 1036 2344 Morinen.
1052 2279 1150 2360 dioc,
1167 2279 1210 2346 ad
1237 2281 1312 2347 coll.
1329 2280 1479 2350 decani...
1496 2291 1530 2348 et

174 2378 310 2464 capituli
325 2379 358 2445 S.
374 2378 549 2466 Gangerici
566 2380 781 2446 Cameracen.
798 2381 979 2466 dignemini
995 2384 1182 2468 providere.
1199 2424 1242 2434 -
1258 2384 1333 2450 Fiat
1347 2385 1384 2450 R.

216 2482 294 2547 Dat.
310 2484 410 2580 Avin.
432 2505 468 2548 12
484 2483 550 2550 kal.
565 2484 648 2569 junii
664 2495 697 2549 a⁰
715 2492 756 2569 7⁰.
774 2487 849 2560 (30,
866 2484 903 2548 P.
922 2484 966 2564 ll,
988 2493 1066 2569 ml).

226 2620 368 2707 1330.
1239 2642 1333 2721 1348,
1351 2659 1390 2702 21
1409 2641 1485 2703 irrui.

214 2739 315 2827 Supp.
325 2740 533 2826 AymericuS,
543 2740 595 2806 tit.
607 2739 638 2804 S.
651 2737 790 2804 Martini
806 2738 840 2804 in
852 2739 1022 2805 montibus
1038 2741 1199 2826 presbiter
1209 2740 1384 2807 cardinalis
1399 2755 1420 2821 ²,
1437 2749 1528 2826 quat.

170 2845 232 2912 sibi
244 2846 278 2911 in
293 2866 472 2932 personam
488 2844 648 2911 Bemardi
660 2844 820 2925 Cremosi,
833 2843 1049 2911 Lemovicen.
1065 2845 1163 2927 dioc,
1174 2844 1339 2930 capellani
1364 2845 1413 2911 sui
1439 2865 1529 2911 com-

169 2951 328 3016 mensalis
344 2950 506 3031 continui,
521 2951 661 3015 rectoris
685 2949 836 3035 parroch.
862 2948 1004 3015 ecclesie
1031 2950 1062 3015 S.
1084 2948 1218 3035 Georgii
1234 2970 1332 3036 super
1346 2949 1528 3030 Anduram,

169 3053 354 3120 Camoten.
371 3054 469 3135 dioc,
485 3074 575 3140 spec.
591 3073 637 3139 gr.
654 3053 823 3134 facientes,
839 3053 882 3120 de
904 3053 1074 3120 decanatu
1089 3054 1171 3121 eccl.
1188 3053 1341 3120 Brioeen.
1358 3073 1435 3120 cum
1451 3074 1527 3120 can.

168 3166 204 3223 et
219 3158 292 3224 aliis
305 3158 431 3244 juribus
448 3167 483 3224 et
499 3158 710 3245 pertinentiis
726 3159 802 3240 suis,
819 3158 921 3225 etiam
948 3159 974 3225 si
1000 3179 1114 3225 curam
1130 3160 1257 3224 babeat
1273 3159 1469 3238 animarum,
1493 3167 1528 3225 et

169 3261 271 3328 etiam
288 3262 314 3329 si
338 3263 411 3347 quis
426 3283 484 3349 per
500 3262 700 3328 electionem
717 3262 759 3329 ad
782 3283 859 3327 eum
882 3272 1078 3345 assumatur,
1094 3284 1154 3350 per
1178 3264 1308 3329 obitum
1323 3264 1413 3329 dom.
1430 3264 1527 3329 Alani

168 3364 211 3431 de
227 3364 322 3447 Gars,
339 3367 529 3453 cappellani
542 3367 573 3433 S.
591 3366 630 3433 V.
646 3376 681 3433 et
691 3367 774 3432 sacn'
790 3367 892 3432 vestri
908 3368 1024 3453 palatii
1047 3367 1208 3434 auditoris
1219 3376 1240 3448 ³,
1253 3368 1309 3451 qui
1322 3388 1428 3454 nuper
1440 3368 1529 3454 apud

168 3476 277 3555 apost.
294 3469 408 3537 sedem
424 3471 513 3537 diem
530 3471 648 3537 clausit
664 3479 860 3553 extremum,
876 3473 930 3536 vel
959 3472 1026 3538 alio
1048 3472 1167 3557 quovis
1182 3471 1285 3538 modo
1300 3471 1389 3559 apud
1415 3473 1526 3537 sedem

169 3572 276 3658 ipsam
291 3594 366 3641 vac.
381 3574 563 3659 dignemini
579 3575 776 3661 providere;
792 3596 925 3642 necnon
942 3597 1019 3643 cum
1046 3578 1165 3643 eodem
1183 3576 1364 3655 Bemard0,
1391 3575 1433 3641 de
1449 3578 1527 3641 ube·

166 3676 245 3743 riori
259 3676 351 3745 dono
365 3680 470 3764 gratie
486 3679 650 3766 specialis,
663 3680 754 3764 quod
769 3682 851 3746 eccl.
864 3682 1017 3767 parroch.
1034 3681 1220 3767 predictam
1233 3700 1309 3745 cum
1326 3678 1418 3745 dicto
1429 3678 1526 3744 deca·

166 3790 260 3863 natu,
276 3782 379 3849 etiam
394 3784 421 3849 si
438 3784 623 3851 animarum
640 3804 718 3849 cura
742 3784 804 3849 sibi
828 3784 1015 3865 immineat,
1032 3785 1123 3851 licite
1138 3784 1282 3850 retinere
1297 3781 1413 3869 possit,
1429 3782 1526 3847 mise-

165 3885 339 3952 ricorditer
353 3886 565 3973 dispensare;
582 3908 651 3953 non
663 3890 749 3953 obst.
765 3887 856 3971 quod
871 3888 1088 3954 canonicatus
1112 3888 1252 3954 ecclesie
1280 3887 1475 3968 Nivemen,
1492 3894 1526 3952 et

167 3990 198 4055 S.
224 3989 407 4057 Donatiani
435 3990 562 4077 Brugis,
584 3992 770 4058 Tomacen.
795 3991 892 4072 dioc,
909 3995 969 4057 sub
996 4012 1072 4079 exp.
1098 3992 1352 4079 prebendarum,
1377 3992 1526 4058 noscitur

167 4094 320 4160 obtinere
335 4118 344 4175 ;
362 4116 438 4161 cum
454 4097 526 4163 aliis
541 4117 609 4162 non
623 4099 708 4162 obst.
724 4136 767 4147 -—
784 4095 861 4161 Fiat
879 4094 919 4160 R.
936 4103 970 4160 et
986 4095 1224 4181 dispensamus.
1242 4096 1282 4162 R.

211 4198 291 4265 Dat.
307 4200 407 4266 Avin.
426 4220 460 4265 12
474 4200 541 4266 kal.
554 4201 638 4285 junii
655 4209 688 4265 a⁰
705 4208 747 4285 7⁰.
765 4200 839 4283 (30,
858 4199 893 4263 P.
911 4198 956 4277 ll,
976 4200 1042 4277 22).

219 4337 354 4422 1331.
1235 4372 1248 4415 r
1298 4356 1363 4417 82
1404 4378 1480 4421 araur.

210 4454 311 4541 Supp.
328 4454 519 4522 Florentius
534 4455 576 4521 de
591 4454 732 4533 Jutsaes,
745 4452 935 4540 prepositus
950 4453 1031 4517 eccl.
1042 4372 1294 4521 Aldenzalensjig
1303 4374 1523 4543 ⁴,’l‘15·ajecteu.

164 4558 264 4639 dioc,
280 4559 414 4626 humilis
430 4568 541 4625 vester
563 4561 767 4646 capellanus,
783 4578 824 4623 ac
839 4557 1006 4623 fructuum
1022 4557 1261 4625 beneficiorum
1278 4570 1523 4631 reservatorum

165 4664 327 4729 collector
341 4684 402 4749 per
417 4663 589 4729 civitatem
605 4673 640 4729 et
655 4663 742 4729 dioc.
769 4660 967 4746 ijecten,
984 4669 1075 4745 quat.
1091 4660 1152 4727 sibi
1176 4683 1265 4749 spec.
1281 4684 1326 4749 gr.
1353 4664 1522 4747 facientes,

167 4813 419 4821 --——--

199 4887 221 4934 l.
234 4886 295 4934 l'oir
306 4900 331 4935 n.
345 4888 415 4935 1325.
427 4912 460 4922 -
476 4888 499 4935 2.
510 4888 631 4949 Aymeric
642 4887 675 4935 ‹le
688 4887 801 4943 Cbuelnn
814 4888 853 4934 ‹lit
865 4885 981 4935 cardinal
992 4884 1024 4933 ‹le
1037 4884 1157 4933 Clrartres
1168 4885 1271 4947 (liubcl.
1286 4886 1304 4945 l,
1319 4886 1368 4945 li),
1380 4913 1411 4922 -
1428 4890 1450 4935 3.
1464 4887 1524 4935 l'oir

167 4974 192 5007 u.
206 4960 252 5007 727
263 4975 269 5017 ;
281 4959 367 5008 Ilei-ue
379 4956 469 5017 herred,
483 4961 552 5018 1904,
565 4976 590 5025 p.
602 4965 657 5009 2513.
670 4990 700 4995 —
715 4962 735 5010 l.
746 4961 806 5008 Voir
819 4977 842 5009 n.
852 4962 906 5017 322,
921 4962 974 5007 885.

222 5047 282 5088 Auni.
299 5048 346 5089 Vat.
364 5047 424 5095 Pale.
1453 5065 1476 5100 ²3
