3650 5675
260 593 322 656 260
814 583 905 658 1346,
928 583 968 647 29
987 581 1066 662 juin.

262 741 349 819 Fiat,
365 737 425 804 sed
438 741 594 801 teneatur
617 732 661 797 ad
677 731 819 813 ordines,
844 751 929 815 quos
953 731 1125 817 prebenda
1150 733 1263 818 exigit,
1290 755 1326 798 se
1352 734 1463 800 facere
1486 754 1622 821 promo·

261 842 457 1030 *effi-ap·
474 942 725 1006 villamnovam
743 961 760 1025 3
776 941 845 1006 kal.
858 941 930 1026 julii
947 948 981 1005 a⁰
999 949 1040 1025 5⁰.
1058 943 1124 1026 (ll,
1144 943 1210 1026 62).

315 1078 619 1164 roro-1020.
1330 1095 1425 1177 134⁶,
1443 1092 1581 1177 asin.

307 1203 409 1288 Supp.
426 1197 587 1278 Mathias,
607 1196 708 1282 episc,
724 1195 977 1281 Trapesunden.
996 1206 1014 1277 ¹,
1032 1196 1216 1280 quodcum
1243 1218 1284 1261 ex
1311 1196 1404 1263 dicto
1428 1198 1625 1283 episcopatu

264 1329 333 1388 suo,
360 1305 474 1390 quiin
501 1302 651 1388 partibus
677 1298 796 1364 Grecie
824 1299 947 1380 existit,
974 1300 1066 1364 nulla
1097 1300 1260 1385 percipiat
1291 1301 1530 1379 emolumenta,
1562 1319 1625 1364 nec

264 1413 389 1477 lrabeat
405 1409 493 1474 unde
509 1407 622 1470 vivere
638 1404 752 1468 valeat
768 1411 803 1467 et
819 1403 1007 1468 necessaria
1023 1423 1081 1467 sua
1098 1401 1231 1484 habere,
1258 1404 1321 1468 nisi
1348 1425 1408 1489 per
1423 1403 1454 1468 S.
1472 1403 1511 1468 V.
1528 1424 1626 1489 super

266 1517 332 1581 boc
348 1518 556 1579 succurratur
572 1508 691 1586 eidem,
709 1515 811 1590 quat,
827 1527 871 1571 ne
891 1506 927 1571 in
949 1506 1164 1592 opprobrium
1184 1507 1262 1572 cleri
1284 1509 1396 1572 valeat
1423 1507 1626 1584 mendicare,

267 1638 355 1704 spec.
372 1638 418 1701 gr.
435 1615 608 1692 facientes
625 1610 734 1675 eidem
751 1609 938 1675 concedere
953 1610 1135 1694 dignemini
1152 1619 1190 1675 ut
1206 1611 1276 1697 ipse
1288 1611 1452 1676 beneficia
1469 1631 1627 1694 quecum-

267 1744 331 1807 que
358 1722 450 1800 eccl,
475 1738 578 1782 unum
603 1716 657 1779 vel
681 1716 786 1800 plura,
812 1735 840 1779 c.
869 1735 897 1779 c.
923 1716 977 1778 vel
1003 1735 1027 1779 s
1045 1736 1084 1794 c.,
1112 1715 1213 1780 etiarn
1230 1716 1255 1780 si
1272 1716 1371 1800 dign,
1388 1736 1472 1802 pers.
1500 1718 1553 1780 rel
1571 1716 1627 1781 off.

267 1828 422 1905 existant,
440 1823 523 1888 etin
541 1821 804 1905 quibuscumque
820 1819 912 1898 eccl,
931 1818 994 1883 civ.
1012 1820 1065 1882 rel
1089 1818 1176 1884 dioc.
1194 1819 1389 1900 consistant,
1405 1819 1430 1883 si
1462 1820 1522 1884 sibi
1547 1819 1628 1885 alias

268 1930 429 1997 canonice
445 1926 667 2004 conferantur,
693 1923 794 1986 libere
819 1921 967 2006 recipere
992 1923 1105 1986 valeat
1129 1930 1164 1987 et
1189 1923 1280 1988 licite
1304 1923 1447 1987 retinere
1464 1932 1499 1986 et
1514 1943 1627 1988 secum

268 2054 366 2119 super
380 2033 432 2096 liis
446 2028 630 2114 dignemini
646 2027 848 2111 dispensare.
864 2023 1081 2090 Concedatur
1095 2033 1182 2091 etc...
1201 2025 1252 2092 Ut
1268 2025 1301 2090 in
1318 2025 1433 2090 sonna.
1446 2067 1489 2074 -
1503 2025 1578 2090 Fiat
1594 2026 1627 2090 in

269 2135 470 2204 commenda
485 2135 527 2199 de
542 2133 681 2197 duobus.
699 2129 739 2194 R.
758 2131 824 2213 (11,
842 2129 910 2211 70).

312 2241 400 2306 Item
427 2240 509 2324 sign.
537 2237 626 2302 idem
651 2233 752 2320 episc.
779 2232 870 2316 quod
896 2233 975 2298 olim
1002 2253 1076 2318 cap.
1093 2241 1128 2297 et
1152 2233 1297 2300 famulus
1321 2254 1399 2298 suus
1414 2234 1625 2311 domesticus

268 2342 436 2407 Amaldus
451 2341 493 2406 de
509 2339 605 2417 Sirra,
621 2337 741 2422 presb,
757 2334 921 2399 affectans
942 2355 984 2399 ex
1001 2334 1100 2400 certis
1125 2336 1233 2400 causis
1249 2347 1439 2420 permutare
1464 2338 1625 2422 capellam

269 2446 307 2512 B.
325 2445 374 2510 M.
389 2445 432 2511 de
448 2442 580 2521 Brattia,
597 2439 815 2506 Cameracen.
842 2438 940 2518 dioc,
963 2459 1062 2522 quam
1087 2448 1168 2505 tunc
1196 2441 1381 2522 obtinebat,
1406 2463 1481 2508 cum
1498 2441 1627 2526 capella

270 2551 302 2616 S.
317 2552 416 2614 Anne
431 2549 465 2613 in
481 2547 563 2613 eccl.
580 2545 611 2611 S.
628 2543 750 2608 Gudile
766 2541 1002 2623 Bruxellensis,
1018 2544 1109 2609 dicte
1125 2543 1222 2624 dioc,
1250 2567 1350 2629 quam
1375 2554 1456 2611 tunc
1482 2543 1629 2610 condam

269 2652 469 2719 Lambertus
484 2651 593 2716 dictus
608 2649 652 2714 de
666 2647 819 2727 Camera,
835 2650 956 2733 presb,
973 2649 1159 2728 obtinebat,
1177 2649 1266 2714 idem
1282 2649 1482 2716 Lambertus
1502 2649 1630 2715 dictam
1696 2701 1700 2708 .

269 2758 386 2843 capell.
403 2756 435 2820 S.
451 2757 551 2819 Anne
567 2754 600 2817 in
616 2752 770 2817 manibus
780 2751 898 2816 decani
912 2759 947 2816 et
959 2772 1031 2838 cap.
1044 2752 1134 2817 dicte
1147 2754 1229 2818 eccl.
1242 2753 1273 2818 S.
1291 2753 1421 2833 Gudile,
1435 2753 1629 2836 adquorum

268 2862 343 2927 coll.
360 2861 451 2925 dicta
468 2858 597 2943 capella
613 2864 755 2942 spectat,
773 2875 872 2920 causa
888 2855 978 2921 dicte
995 2858 1257 2941 permutacionis
1273 2878 1354 2944 pure
1371 2867 1405 2923 et
1433 2860 1535 2923 libere
1552 2858 1631 2921 resi-

269 2965 394 3049 gnavit,
411 2962 540 3048 ipsique
556 2960 629 3025 dec.
646 2968 680 3024 et
697 2979 769 3044 cap.
786 2960 904 3044 capell.
922 2960 1027 3044 ipsam
1055 2960 1086 3024 S.
1113 2961 1212 3025 Anne
1239 2961 1332 3027 dicto
1354 2961 1505 3026 Arnaldo
1529 2980 1627 3026 causa

267 3066 418 3154 predicta
433 3065 647 3130 contulerunt
673 3062 848 3145 dictusque
872 3062 1041 3128 Arnoldus
1064 3064 1182 3128 volens
1205 3064 1331 3129 dictam
1347 3065 1513 3149 capellam
1531 3064 1562 3129 S.
1580 3062 1628 3128 M.

267 3172 443 3254 resignare,
460 3166 589 3232 invenit
604 3164 696 3250 quod
711 3167 815 3230 abbas
831 3173 865 3229 et
881 3185 979 3230 conv.
996 3166 1027 3231 S.
1039 3167 1209 3231 Lamberti
1227 3166 1413 3248 Lisciensis,
1426 3168 1515 3233 dicte
1532 3168 1629 3246 dioc,

271 3275 470 3359 adquorum
487 3272 563 3336 coll.
579 3270 653 3355 ipsa
669 3268 799 3354 capella
815 3276 958 3355 spectat,
975 3277 1047 3335 erat
1072 3271 1431 3336 excommunicationis
1456 3270 1629 3336 sentencia

270 3383 359 3441 auct.
375 3375 465 3440 dom.
481 3372 582 3459 episc.
599 3371 818 3436 Cameracen.
834 3370 1024 3451 innodatus,
1041 3380 1076 3437 et
1092 3375 1135 3438 ob
1160 3374 1225 3440 hoc
1249 3395 1268 3439 a
1290 3374 1380 3440 dicta
1406 3374 1631 3458 resignatione

271 3479 414 3547 cessarit
431 3487 465 3543 et
481 3478 524 3542 ad
539 3475 776 3561 resignandum
792 3476 909 3562 ipsam,
926 3477 1006 3542 dum
1023 3480 1127 3542 abbas
1143 3478 1214 3564 ipse
1226 3487 1314 3544 esset
1327 3479 1509 3559 absolutus,
1521 3487 1631 3543 certos

271 3582 445 3649 constituit
460 3587 703 3668 procuratores,
719 3588 754 3643 et
779 3587 963 3664 antequam
980 3580 1069 3645 idem
1090 3581 1259 3646 Arnoldus
1283 3604 1356 3647 eam
1373 3582 1537 3669 potuisset
1552 3582 1631 3647 resi·

271 3686 476 3773 gnare,circa
493 3692 636 3769 quatuor
650 3704 783 3749 menses
798 3693 876 3769 post
890 3686 945 3748 vel
961 3686 1060 3763 circa,
1073 3685 1183 3751 dictus
1198 3685 1396 3752 Lambertus
1412 3686 1575 3772 expiravit
1587 3694 1632 3765 et,

271 3791 430 3855 defuncto
447 3789 520 3873 ipso
536 3786 843 3867 Lambert0,dictus
858 3788 1027 3853 Arnoldus
1042 3788 1168 3853 dictam
1180 3790 1345 3875 capellam
1358 3788 1396 3855 B.
1414 3788 1463 3854 M.
1476 3789 1509 3853 in
1525 3787 1633 3852 mani·

272 3884 337 3959 bus'
349 3892 519 3977 cujusdam
535 3891 657 3957 notarii
673 3891 797 3977 publici
825 3892 1016 3976 resignarit,
1044 3914 1145 3977 quarn
1172 3894 1307 3978 quidem
1335 3894 1517 3980 impetrans
1544 3901 1632 3958 auct.

273 3996 346 4063 SV.
363 3995 555 4081 acceptavit
572 4015 613 4060 ac
628 3994 708 4061 fecit
723 3996 784 4061 sibi
800 3996 842 4061 de
858 4017 899 4061 ea
916 3998 1207 4082 provideriQuare
1223 4020 1318 4084 supp.
1328 3998 1417 4063 idem
1428 3998 1528 4084 episc.
1539 4004 1632 4081 quat.

274 4101 334 4165 sibi
352 4102 386 4164 in
401 4120 486 4185 pers.
503 4098 582 4164 dicti
600 4099 738 4165 Arnoldi
756 4120 845 4185 spec.
861 4121 908 4185 gr.
926 4100 1097 4181 facientes,
1115 4102 1190 4167 coll.
1212 4123 1271 4187 per
1295 4101 1404 4167 dictos
1418 4102 1491 4167 dec.
1507 4109 1542 4166 et
1558 4120 1633 4186 cap.

273 4205 315 4269 de
331 4203 423 4268 dicta
439 4204 559 4288 capell.
575 4202 607 4267 S.
623 4204 734 4282 Anne,
750 4211 789 4268 ut
804 4204 1019 4288 premittitur,
1037 4204 1172 4284 factam,
1189 4214 1296 4271 ratam
1313 4214 1346 4272 et
1362 4214 1492 4290 gratam
1508 4205 1633 4269 haben-

273 4318 335 4389 tes,
361 4329 437 4372 eam
454 4358 505 4373 .....
531 4307 684 4373 Arnoldo
708 4308 890 4393 dignemini
917 4309 1114 4374 continuare
1140 4311 1193 4374 rel
1221 4310 1263 4375 de
1287 4330 1336 4388 ea,
1354 4310 1379 4373 si
1405 4329 1489 4395 opus
1513 4308 1566 4388 sit,
1591 4306 1633 4371 de

274 4433 365 4477 novo
379 4411 565 4496 providere.
581 4451 625 4459 —
641 4410 727 4492 Fiat,
744 4412 770 4475 si
787 4411 916 4477 nonsit
932 4412 1026 4476 alteri
1040 4414 1094 4497 jus
1110 4414 1277 4497 quesitum
1294 4414 1326 4477 in
1344 4433 1389 4478 re.
1407 4411 1447 4478 R.

317 4513 406 4579 Item
422 4534 517 4599 supp.
532 4514 623 4580 idem
638 4514 739 4599 episc.
756 4523 846 4599 quat.
862 4515 923 4580 sibi
940 4514 974 4580 in
991 4536 1075 4602 pers.
1091 4516 1171 4582 dicti
1187 4517 1327 4582 Amoldi
1343 4537 1432 4601 spec.
1449 4537 1495 4601 gr.
1511 4516 1634 4581 sacien-

274 4628 334 4700 tes,
350 4621 426 4684 ben.
444 4619 525 4683 eccl.
541 4639 570 4683 c.
587 4639 616 4684 c.
631 4618 687 4682 vel
702 4640 727 4683 s.
744 4639 784 4699 c.,
800 4618 862 4683 etsi
879 4640 964 4704 pers.
982 4620 1112 4701 existat,
1129 4629 1286 4707 spectans
1302 4619 1345 4685 ad
1361 4621 1437 4686 coll.
1453 4620 1585 4685 abbatis
1599 4626 1635 4684 et

274 4742 373 4787 conv.
384 4722 577 4787 monasterii
595 4723 626 4788 S.
643 4722 733 4787 Petri
752 4722 1026 4807 Haffliginiensis,
1044 4724 1085 4791 Ο.
1099 4726 1130 4791 S.
1143 4724 1193 4807 B,
1211 4724 1429 4792 Cameracen.
1446 4724 1543 4805 dioc,
1560 4744 1634 4790 vac.

273 4827 326 4890 vel
344 4826 590 4912 quamprimum
606 4827 753 4908 vacabit,
770 4826 1009 4893 conferendum
1026 4828 1134 4894 eidem
1154 4829 1336 4913 dignemini
1358 4849 1525 4895 reservare
1539 4851 1547 4907 ;
1564 4847 1634 4892 non

307 5018 330 5065 1.
341 5015 404 5064 Voir
415 5030 440 5066 n.
458 5018 514 5067 914.
