3650 5675
670 472 758 547 1849,
780 472 876 537 28-29
897 473 1025 537 octobre
1469 472 1532 539 477

223 621 363 709 1835·
1048 619 1052 626 ⁴
1177 617 1517 727 1349,280ct0bri3.'

213 740 314 827 Supp.
342 738 617 823 T(alayrandus),
643 740 746 825 episc.
771 740 938 805 Albanen.
961 751 981 820 ¹,
1009 748 1101 823 quat.
1129 741 1268 825 antiquo
1295 741 1471 826 capellano
1497 750 1532 807 et

167 843 321 909 familiari
347 863 408 908 suo
433 840 580 909 Nicolao
595 843 637 909 de
654 842 889 908 Franchavilla
906 859 929 923 ²,
957 843 1136 909 correctori
1162 844 1351 909 litterarum
1376 826 1531 930 peniten-

170 948 266 1037 tiarie
276 954 398 1027 vestre,
415 946 457 1012 de
473 966 548 1011 can.
564 954 600 1011 et
615 949 706 1033 preb.
733 948 816 1012 eccl.
841 945 1024 1012 Virdunen.
1051 966 1092 1012 ac
1116 946 1159 1011 de
1187 947 1465 1022 archidiaconatu
1489 948 1532 1012 de

171 1050 304 1137 Riparia
320 1050 353 1115 iu
369 1049 488 1115 eadem
512 1050 653 1117 eeclesia
669 1057 704 1115 et
719 1050 931 1136 prepositura
957 1052 1098 1117 ecclesie
1113 1049 1155 1115 de
1171 1051 1437 1132 Athoniscastro,
1461 1050 1533 1115 Vir·

168 1154 291 1219 dunen.
321 1153 421 1235 dioc,
452 1153 633 1239 dignemini
671 1153 857 1239 providere,
889 1175 959 1220 non
991 1156 1078 1221 obst.
1118 1155 1208 1239 quod
1238 1155 1272 1219 in
1305 1156 1336 1222 S.
1368 1153 1534 1233 Johannis

169 1256 331 1347 Leodien.
364 1263 399 1321 et
432 1257 463 1322 S.
492 1255 541 1322 M.
567 1256 706 1342 Majoris
731 1257 916 1323 Pictavien.
943 1256 1092 1323 ecclesiis
1107 1257 1194 1323 can.
1210 1268 1255 1346 ¹*et
1270 1262 1362 1344 preb.
1385 1258 1533 1324 noscitur

171 1361 333 1426 obtinere.
349 1401 391 1410 -
409 1359 485 1425 Fiat
501 1359 542 1425 R.
1130 1364 1133 1368 ’

174 1462 176 1467 ’
214 1464 292 1530 Dat.
308 1465 408 1529 Avin.
427 1484 443 1548 5
462 1463 526 1529 kal.
543 1486 623 1530 nov.
640 1472 673 1529 a⁰
690 1468 732 1531 8⁰.
745 1468 815 1547 (18,
834 1468 915 1550 581).

174 1670 177 1675 ·
225 1618 364 1704 1836·
1181 1650 1276 1715 1349,
1293 1632 1336 1693 28
1351 1632 1489 1696 octobre.

216 1734 316 1802 lrlotu
331 1736 466 1823 proprio
483 1735 697 1801 concedimus
714 1734 815 1799 Helie
830 1735 873 1799 de
889 1733 1038 1799 Corsone
1049 1747 1071 1814 ³,
1088 1754 1176 1817 mag.
1192 1734 1227 1797 in
1241 1734 1357 1814 theol,
1375 1733 1532 1799 Parisien.

172 1849 207 1906 et
223 1839 438 1906 Cameracen.
465 1841 679 1906 ecclesiarum
707 1838 882 1919 canonic0,
899 1846 937 1903 ut
952 1838 1067 1922 vigore
1093 1838 1200 1923 gratie
1226 1859 1285 1923 per
1299 1858 1362 1904 nos
1377 1839 1458 1904 alias
1472 1839 1533 1903 sibi

172 1944 261 2009 facte
277 1943 319 2009 de
335 1964 408 2009 can.
434 1947 494 2008 sub
522 1964 598 2029 exp.
625 1946 716 2029 preb.
741 1942 831 2008 dicte
859 1942 941 2007 eccl.
967 1939 1183 2006 Cameracen.
1198 1942 1304 2025 possit
1329 1941 1533 2025 prebendam

173 2048 326 2134 proximo
347 2047 488 2113 indicta
506 2046 723 2111 Cameracen.
748 2045 830 2111 eccl.
855 2053 1050 2110 vacaturam
1067 2044 1127 2108 sibi
1146 2044 1227 2108 alias
1242 2043 1370 2128 dejure
1386 2044 1533 2110 debitam

173 2159 351 2237 acceptare
366 2159 401 2216 et
416 2150 458 2217 de
482 2151 554 2237 ipsa
581 2150 642 2215 sibi
669 2148 777 2214 facere
800 2148 977 2234 providere
1004 2168 1145 2232 eamque
1169 2148 1260 2213 licite
1286 2148 1440 2229 retinere,
1464 2169 1534 2213 non

174 2258 260 2320 obst.
276 2274 488 2340 quacumque
504 2254 741 2319 reservatione.
758 2294 802 2302 -
817 2250 896 2317 Fiat
912 2251 953 2317 R.

195 2349 198 2356 ’
218 2358 298 2423 Dat.
313 2358 413 2423 Avin.
432 2378 449 2442 5
466 2356 533 2423 kal.
548 2379 627 2422 nou
644 2364 677 2422 a⁰
695 2358 737 2421 8⁰.
755 2358 823 2441 (18,
843 2356 926 2439 611).

227 2512 366 2597 1837.
715 2524 719 2532 ’
922 2593 924 2596 ,
1186 2524 1338 2605 1349μὸ
1353 2522 1491 2587 octobre.

216 2631 305 2715 Sign.
317 2630 486 2697 Henricus
497 2630 637 2699 Henrici
648 2632 680 2696 le
693 2630 837 2709 Blavier,
849 2648 943 2714 perp.
953 2627 1147 2712 capellanus
1157 2626 1191 2690 in
1204 2625 1346 2691 ecclesia
1358 2624 1533 2691 SDionisi'i

173 2734 335 2800 Leodien.
348 2746 370 2813 ⁴,
387 2734 477 2819 quod
493 2734 619 2803 dudum
645 2756 743 2822 super
768 2734 904 2801 defectu
918 2732 1098 2812 natalium,
1108 2751 1210 2815 quem
1225 2731 1351 2816 patitur
1365 2722 1411 2795 de
1423 2730 1534 2793 soluto

172 2839 305 2924 genitus
321 2848 355 2904 et
371 2839 492 2918 soluto,
504 2839 594 2923 quod
610 2839 798 2926 hujusmodi
814 2860 883 2904 non
896 2841 1053 2905 obstante
1065 2834 1199 2901 defectu
1209 2833 1378 2921 posset,ad
1387 2834 1533 2901 minores

173 2940 305 3023 ordines
330 2941 520 3026 promoveri
544 2951 579 3006 et
609 2942 691 3007 eccl.
720 2944 797 3007 ben.
827 2963 853 3006 s.
884 2961 913 3006 c.
940 2940 1135 3021 obtinere...
1162 2949 1198 3004 et
1223 2938 1346 3004 deinde
1373 2937 1464 3023 quod
1490 2937 1533 3002 ad

173 3045 315 3128 majores
331 3043 463 3109 ordines
478 3045 668 3131 promoveri
685 3052 719 3109 et
733 3047 811 3110 ben.
827 3045 921 3124 eccl,
938 3043 1070 3109 etiamsi
1086 3063 1114 3109 c.
1131 3063 1160 3108 c.
1177 3043 1328 3107 obtinere
1343 3048 1457 3130 posset
1472 3040 1533 3106 fuit

172 3148 375 3214 'auctoritate
391 3155 499 3234 apost.
523 3147 785 3234 dispensatum...
811 3147 914 3236 Supp.
942 3147 1032 3213 idem
1059 3145 1227 3212 Heuricus
1243 3146 1334 3231 quod
1349 3146 1455 3232 possit
1470 3145 1533 3210 tria

174 3251 240 3316 alia
251 3253 329 3319 ben.
346 3252 428 3316 eccl.
444 3251 603 3337 recipere.
618 3293 660 3301 —
678 3251 755 3317 Fiat
772 3250 812 3317 R.

217 3355 294 3420 Dat.
311 3355 411 3420 Avin.
430 3373 446 3439 5
464 3353 530 3420 kal.
545 3377 625 3421 nov.
642 3363 674 3420 a⁰
691 3357 733 3420 8⁰.
751 3357 823 3440 (18,
841 3356 926 3440 61').

226 3509 366 3595 1838.
1183 3544 1278 3607 1349,
1296 3543 1338 3608 ²9
1354 3524 1492 3588 octobre.

218 3626 317 3692 Motu
347 3627 481 3712 proprio
507 3626 723 3712 providemus
754 3626 875 3712 Egidio
901 3626 944 3692 de
972 3624 1129 3692 Lorriaco
1154 3639 1176 3706 ⁵,
1204 3624 1370 3690 canonico
1396 3624 1537 3689 ecclesie

175 3731 207 3796 S.
222 3730 406 3797 Audomari
432 3730 475 3796 de
500 3730 531 3796 S.
558 3730 761 3812 Audomaro,
790 3729 959 3796 Morinen.
986 3729 1084 3810 dioc,
1100 3729 1142 3795 de
1158 3730 1250 3813 preb.
1278 3726 1381 3812 ipsius
1396 3727 1536 3792 ecclesie

175 3855 248 3900 vac.
276 3854 336 3920 per
363 3836 417 3900 ob.
445 3834 616 3918 quondam
632 3834 722 3900 Petri
750 3835 906 3922 Dyonisii
922 3833 944 3915 ⁶,
959 3853 1066 3919 nuper
1086 3833 1190 3918 ipsius
1215 3831 1356 3896 ecclesie
1382 3830 1537 3897 canonici

174 3937 383 4024 prebendati,
399 3939 454 4021 qui
471 3946 565 4002 extra
581 3937 681 4002 Rom.
697 3937 821 4003 curiam
837 3937 927 4004 diem
940 3937 1058 4004 clausit
1074 3945 1262 4001 extremum
1278 3943 1314 4000 et
1329 3935 1421 4020 cujus
1435 3938 1536 4000 bene-

209 4163 229 4209 1.
242 4161 298 4208 Elle
310 4160 463 4222 Talayrand.
474 4189 508 4198 -
518 4165 541 4211 2.
554 4162 686 4210 Clranoinc
697 4166 724 4210 'et
736 4162 847 4211 ecolbtre
858 4163 891 4211 de
903 4162 979 4223 Metr,
1000 4163 1075 4210 chan.
1095 4161 1128 4209 de
1147 4160 1260 4220 Verdun,
1281 4159 1441 4208 archidiaere
1460 4159 1493 4208 de
1510 4158 1536 4208 la

171 4231 274 4283 'Ririere
285 4239 312 4282 et
323 4233 413 4297 prbvbt
432 4235 648 4284 ‹l'llattonchdtel
670 4236 783 4298 (Kirscb,
808 4235 883 4294 Kale,
902 4238 956 4295 201,
980 4237 1035 4293 205,
1056 4238 1110 4293 209,
1136 4235 1203 4294 230).
1223 4263 1256 4270 -
1276 4238 1299 4285 3.
1319 4235 1382 4281 Voir
1403 4247 1429 4280 n.
1449 4233 1489 4282 83.
1504 4259 1537 4268 -—

171 4309 196 4355 4.
222 4309 247 4356 A
267 4307 411 4368 distinguer
428 4308 536 4357 ‹1¹Henri
554 4309 578 4358 le
596 4309 720 4370 Blavier,.
736 4308 787 4358 cite
805 4323 905 4364 comme
924 4309 1050 4358 cbanoine
1066 4309 1099 4356 de
1117 4308 1200 4356 seins
1207 4309 1288 4368 Derris,
1310 4309 1335 4355 le
1351 4309 1382 4355 23
1399 4305 1457 4364 juin
1474 4307 1535 4354 1341

169 4379 388 4442 -lseboonbroodt,
406 4379 667 4441 ναι-3111111411,
684 4382 747 4443 191),
766 4397 866 4430 comme
883 4382 1011 4430 chanoine
1027 4381 1060 4430 de
1073 4382 1097 4429 S.
1109 4381 1234 4429 lambert
1250 4395 1282 4430 en
1296 4383 1359 4429 1343
1377 4379 1503 4441 (Horam,
1516 4395 1537 4427 c.

170 4453 257 4516 Ι30),10
268 4455 283 4502 8
295 4455 346 4502 mai
360 4455 422 4504 1347
433 4469 533 4504 comme
544 4457 669 4504 chandre
681 4455 713 4504 de
730 4457 754 4504 S.
768 4455 846 4503 Denia
863 4461 890 4504 et
907 4455 941 4503 de
956 4456 981 4504 S.
999 4455 1122 4503 Lambert
1139 4453 1252 4518 (Carral.
1267 4455 1299 4503 da
1314 4455 1339 4503 8.
1352 4452 1478 4512 lantbert,
1492 4451 1536 4510 IV,

175 4527 240 4588 217),
253 4528 435 4578 eommecbun.
443 4529 475 4577 de
488 4531 512 4578 S.
525 4529 649 4578 lambert
658 4529 681 4578 le
691 4532 722 4579 10
733 4529 873 4577 novembre
886 4529 949 4577 1347
963 4527 1175 4588 (Schoonbroodt,
1193 4528 1241 4575 Vul
1259 4529 1285 4577 S.
1297 4527 1424 4585 Lanrbeor,
1437 4525 1458 4586 1,
1471 4528 1536 4588 200),

176 4601 200 4649 le
210 4603 240 4650 13
251 4599 337 4662 juillet
350 4603 412 4650 1348
426 4601 538 4662 (thrael.
550 4603 581 4652 aa
592 4603 618 4652 S.
629 4603 756 4662 Larabert,
767 4601 811 4662 IV,
819 4603 871 4662 33);
883 4603 918 4651 cf.
924 4603 958 4650 de
969 4602 1065 4660 Theux,
1079 4602 1114 4660 11,
1128 4603 1166 4650 84.
1179 4602 1252 4651 Celui
1262 4603 1328 4650 dont
1339 4602 1358 4649 il
1369 4606 1409 4649 est
1419 4601 1537 4661 question

176 4675 242 4722 dans
252 4675 279 4723 la
289 4675 425 4738 supplique
436 4682 481 4735 est,
494 4677 511 4724 ia
522 4691 582 4725 mon
593 4679 655 4729 avis.
666 4676 691 4726 le
701 4675 836 4739 chapelain
852 4676 885 4724 de
903 4676 929 4724 S.
942 4676 1022 4724 Derris
1040 4674 1192 4724 mentioned
1203 4675 1227 4723 le
1239 4678 1255 4723 8
1266 4678 1318 4724 mai
1331 4675 1402 4731 1347,
1419 4673 1484 4722 <lune
1500 4687 1537 4722 nn

176 4753 233 4796 acte
244 4749 279 4796 οὺ
290 4748 372 4808 figure
383 4761 419 4796 nu
429 4755 505 4798 entre
517 4751 598 4798 Hem-i
609 4749 634 4798 le
646 4749 755 4805 Blarier,
774 4750 901 4798 chenoine
917 4749 951 4798 de
966 4750 992 4798 S.
1009 4749 1133 4798 Lambert
1150 4754 1177 4797 et
1193 4749 1227 4796 de
1244 4750 1269 4798 S.
1288 4749 1367 4796 Dente
1379 4747 1494 4810 (banea
1505 4747 1537 4796 de

173 4819 204 4870 ,8,
214 4819 343 4880 aaran,
356 4821 400 4881 IV,
413 4823 478 4884 217),
492 4823 516 4871 lc
528 4825 558 4871 30
567 4823 668 4884 janvier
680 4825 743 4872 1350
756 4821 805 4882 lib,
819 4821 877 4884 125)
894 4838 900 4881 ;
912 4823 932 4871 11
943 4822 1034 4871 devint
1050 4822 1110 4886 plus
1126 4822 1186 4870 tard
1196 4822 1324 4871 chanolne
1333 4821 1367 4870 de
1379 4821 1404 4871 S.
1416 4821 1497 4870 Derris
1510 4827 1537 4870 et

175 4897 214 4942 est
225 4893 276 4943 cite
287 4896 474 4945 commetelen
486 4897 547 4946 1333
561 4897 610 4958 lib.
625 4895 680 4959 184)
693 4902 719 4946 et
736 4911 769 4946 en
781 4899 840 4946 1361
856 4897 908 4958 (ib,
920 4896 1029 4959 3411)-
1041 4899 1064 4944 5.
1077 4895 1140 4944 Voir
1149 4895 1175 4944 n'.
1188 4898 1258 4945 1768.
1270 4925 1302 4936 -
1314 4897 1336 4945 0.
1348 4896 1411 4943 Volr
1421 4907 1447 4944 n.
1465 4895 1536 4944 1017.
