3650 5675
308 495 327 559 2
859 487 946 561 1342,
970 487 1004 553 21
1027 486 1097 553 mai.

301 664 361 730 per
372 634 616 737 assec'iriitinem
625 630 1035 745 pqeb'epdeilibroicensis,
1042 658 1142 723 quam
1154 637 1256 704 habet
1268 641 1468 707 auctoritate
1479 642 1666 728 apostolica

302 746 459 837 magister
467 736 679 845 ι(ξιιίᾸΙςῑιηιρξ,
686 744 728 810 de
746 742 907 836 Medunq.
924 783 968 793 -
984 742 1059 808 Fiat
1075 742 1117 808 de
1133 746 1335 811 canonicatu
1350 749 1410 812 sub
1428 746 1665 831 expectatione

302 854 476 940 prebende}
493 833 926 931 iriidtiedailmidirnorrei.
940 850 979 916 R.

347 958 473 1024 Datum
496 965 533 1022 ut
557 976 664 1042 supra.
690 953 733 1039 (I,
752 960 812 1039 al).

345 1102 379 1162 5.
393 1094 481 1161 Item
496 1094 661 1181 supplicat
679 1092 814 1177 Egidius
825 1091 962 1177 l'aguel,
973 1092 1134 1178 presbiter
1145 1091 1346 1172 Parisiensis,
1356 1090 1497 1156 servitor
1512 1089 1665 1176 capellea

301 1206 421 1280 vestre,
437 1197 594 1283 quatinus
609 1197 670 1262 sibi
686 1195 728 1261 de
744 1195 946 1261 canonicatu
961 1203 996 1260 et
1008 1195 1178 1281 prebenda
1193 1195 1334 1261 ecclesie
1346 1186 1459 1260 Sancti
1471 1192 1664 1274 Andomari,

305 1300 508 1367 Morinensis
522 1299 673 1379 diocesis,
697 1299 894 1365 vacantibus
908 1299 943 1363 in
960 1299 1050 1365 curia
1066 1320 1124 1384 per
1140 1299 1270 1365 obitum
1285 1297 1412 1364 domini
1436 1295 1666 1381 Neapoleonis

302 1405 472 1490 quondam
499 1403 682 1484 cardinalis,
716 1423 786 1467 non
824 1405 981 1468 obstante
1003 1402 1095 1487 quod
1116 1402 1283 1488 quandam
1307 1401 1524 1486 capellaniam
1548 1420 1665 1485 perpe·

301 1518 394 1591 tuam
418 1509 452 1573 in
475 1508 616 1574 ecclesia
629 1508 814 1572 Morinensi
828 1518 835 1542 ¹
852 1507 1001 1573 noscitur
1023 1507 1184 1587 obtinere,
1200 1506 1382 1591 dignemini
1402 1504 1586 1590 proridere.
1603 1503 1664 1568 Vel

302 1614 344 1679 de
368 1614 569 1679 canonicatu
592 1614 652 1677 sub
669 1610 904 1697 expectatione
919 1611 1089 1697 prebende
1104 1611 1138 1675 in
1154 1611 1296 1676 ecclesia
1314 1607 1509 1689 Morinensi,
1525 1616 1560 1673 et
1575 1608 1666 1692 quod

302 1716 453 1787 dimittat
480 1714 701 1801 capellaniam
736 1735 837 1799 quam
871 1715 917 1780 ibi
945 1722 1050 1795 tenet,
1077 1735 1153 1779 cum
1181 1714 1369 1800 hujusmodi
1396 1712 1537 1797 gratiam
1568 1711 1666 1777 fuerit

303 1827 484 1885 assecutus.
496 1860 540 1868 -
552 1817 630 1883 Fiat
653 1816 693 1882 R.

310 1988 313 1994 ,
349 1922 474 1987 Datum
498 1923 549 2005 [ut
565 1922 689 2007 supral.
708 1918 750 2005 (I,
769 1922 803 2003 3)

347 2066 379 2126 6.
399 2058 486 2124 Item
510 2059 674 2145 supplicat
697 2056 870 2123 Colinetus
892 2055 1042 2137 Martini,
1067 2058 1205 2123 clen'cus
1228 2058 1357 2142 capelle
1373 2066 1492 2137 vestre,
1510 2056 1666 2141 quatinus

304 2164 364 2229 sibi
377 2162 552 2249 providere
564 2161 746 2247 dignemini
758 2160 801 2226 de
813 2161 1014 2226 canonicatu
1025 2161 1165 2225 ecclesie
1178 2161 1293 2226 Sancti
1306 2160 1459 2246 Dyonisii
1473 2160 1666 2226 Leodiensis

305 2270 365 2332 sub
381 2266 616 2352 expectatione
631 2263 810 2350 prebende,
827 2271 891 2329 etc.
905 2302 946 2315 -
964 2262 1040 2328 Fiat
1057 2262 1097 2357 R.

350 2371 477 2436 Datum
489 2377 526 2436 ut
542 2391 650 2456 supra.

347 2516 381 2576 7.
399 2509 486 2575 Item
509 2508 528 2587 J
532 2509 682 2575 ohannes
699 2505 836 2573 Martini
849 2520 868 2587 ²,
881 2508 982 2573 frater
997 2506 1222 2593 prenominati
1238 2504 1383 2572 Colineti
1401 2504 1548 2585 Martini,
1564 2508 1665 2570 ambo

306 2613 480 2679 Remensis
513 2612 664 2694 diocesis,
692 2611 734 2676 de
761 2611 961 2677 canonicatu
987 2618 1022 2675 et
1049 2610 1218 2696 prebenda
1251 2610 1391 2676 ecclesie
1418 2608 1523 2675 Beate
1558 2607 1665 2674 Marie

304 2716 559 2800 Cennacensisb,
577 2716 771 2783 Leodiensis
787 2716 938 2795 diocesis,
954 2716 1153 2781 vacantibus
1164 2736 1224 2801 per
1239 2715 1525 2781 consecrationem
1537 2713 1664 2780 domini

305 2822 445 2890 Henrici
461 2822 651 2910 patriarche
667 2820 1038 2908 Constantinopolitani
1050 2829 1071 2886 ³.
1087 2859 1124 2872 —
1146 2819 1224 2887 Fiat
1241 2819 1281 2887 R.

347 2926 475 2992 Datum
488 2935 525 2992 ut
540 2947 650 3012 supra.

346 3072 380 3132 8.
399 3063 486 3129 Item
514 3063 679 3149 supplicat
706 3063 833 3148 Syrnon
853 3061 1006 3128 Mauricii
1023 3062 1216 3128 Parisiensis
1231 3063 1387 3146 quatinus
1402 3062 1462 3128 sibi
1489 3061 1663 3148 providere

302 3167 484 3252 dignemini
510 3167 553 3232 de
580 3166 768 3252 capellania
799 3174 972 3251 perpetua,
993 3187 1094 3251 quam
1124 3166 1314 3232 Alexander
1338 3166 1435 3232 Fabri
1462 3167 1496 3231 in
1523 3165 1664 3231 ecclesia

302 3271 416 3338 Sancti
433 3271 524 3335 Petri
545 3271 588 3336 de
612 3269 734 3344 Insula,
751 3268 975 3335 Tornacensis
1002 3270 1155 3350 diocesis,
1172 3270 1324 3336 obtinere
1350 3272 1490 3351 solebat,
1517 3276 1663 3334 vacante

302 3373 335 3438 in
359 3374 449 3439 curia
465 3394 527 3459 pro
542 3395 584 3438 eo
599 3373 677 3456 quia
700 3371 789 3438 idem
810 3373 1001 3438 Alexander
1024 3374 1263 3440 canonicatum
1286 3382 1321 3439 et
1344 3374 1549 3460 prebendam
1572 3372 1664 3438 dicte

301 3477 441 3543 ecclesie
452 3476 503 3548 de,
513 3475 627 3542 Insula
643 3476 755 3541 extitit
770 3484 952 3542 assecutus.
964 3517 1008 3527 —
1025 3476 1102 3542 Fiat
1119 3477 1159 3544 R.

346 3579 473 3645 Datum
489 3588 526 3645 ut
542 3601 650 3666 supra.
675 3581 688 3661 <
693 3579 718 3659 Ι,
733 3586 778 3663 3).

352 3717 398 3799 9.
1368 3751 1463 3814 1542,
1483 3750 1524 3794 ar
1541 3731 1618 3794 arni.

345 3835 559 3902 Sanctissime
569 3841 675 3921 pater.
687 3832 816 3899 Intuitu
826 3835 962 3920 pietatis
972 3835 1104 3921 placeat
1114 3835 1275 3902 memorie
1285 3834 1506 3917 S(anctitatis)
1517 3832 1663 3916 l⁷(estre)

300 3941 458 4006 reducere
480 3938 648 4024 quendam
671 3938 921 4022 pauperrimum
948 3938 1105 4004 clericum
1129 3939 1185 4004 hic
1207 3938 1428 4024 personaliter
1449 3937 1661 4016 existentem,

300 4044 356 4128 qui
372 4053 514 4110 vocatur
529 4041 754 4107 Wemrondus
768 4041 811 4107 de
828 4041 941 4123 Porta,
956 4042 999 4107 de
1016 4041 1199 4124 Noviomo,
1223 4042 1279 4126 qui
1302 4049 1455 4126 tempore
1478 4061 1546 4124 quo
1561 4040 1663 4105 eratis

301 4147 584 4231 Rothomagensis
608 4145 878 4230 archiepiscopus
892 4158 912 4225 ⁴,
930 4147 1082 4231 precibus
1104 4147 1223 4212 restris
1245 4146 1391 4213 obtinuit
1423 4144 1661 4210 canonicatum

299 4249 548 4315 Tornacensem
565 4259 600 4314 et
616 4249 852 4315 canonicatum
868 4248 1144 4336 Claud(iensem),
1160 4250 1367 4338 prebendam
1397 4269 1478 4313 xero
1508 4267 1577 4312 non
1599 4246 1662 4311 fuit

299 4352 450 4437 adeptus,
467 4353 560 4438 cujus
575 4351 710 4436 quidem
733 4354 842 4420 bullas
865 4376 969 4441 penes
984 4376 1046 4421 ros
1071 4357 1212 4422 habetis.
1235 4357 1348 4440 Quare
1364 4353 1531 4438 supplicat
1552 4351 1662 4444 dictus

298 4454 521 4520 Wennondus
548 4465 658 4522 vester
683 4459 817 4524 humilis
841 4467 875 4524 et
897 4459 1041 4526 devotus
1064 4461 1221 4545 quatinus
1237 4460 1344 4526 eidem
1360 4459 1402 4524 de
1426 4464 1536 4522 vestra
1552 4455 1660 4540 gratia

330 4625 358 4686 a)
374 4626 430 4676 (lul.
444 4627 588 4689 (lapellanc.
600 4655 632 4663 -
645 4629 672 4690 b)
688 4629 745 4680 (lul.
759 4631 926 4679 Oomatensis.

331 4790 350 4835 1.
363 4786 446 4846 l'irlnl,
463 4801 488 4836 n.
505 4789 577 4836 6791.
593 4815 626 4824 -
646 4791 667 4838 2.
689 4789 788 4843 Krisclr.
809 4789 885 4848 Koll,
905 4791 924 4850 l,
941 4793 998 4840 266.
1009 4819 1042 4826 -
1061 4792 1084 4840 3.
1101 4791 1182 4839 Henri
1200 4791 1233 4839 ‹le
1250 4792 1304 4843 Ast.
1318 4803 1419 4852 ponrrn
1436 4788 1460 4837 le
1475 4789 1507 4835 26
1522 4785 1581 4848 juin
1598 4784 1660 4833 1335·

295 4859 391 4919 (vicar,
403 4875 428 4910 n.
441 4861 500 4918 363)
515 4875 522 4918 3
542 4861 645 4910 nommd
656 4863 803 4925 pratriarclrc
820 4863 843 4911 le
862 4866 893 4911 al
914 4865 1054 4913 novembre
1076 4866 1137 4912 1339
1157 4864 1259 4924 (Euboi,
1274 4866 1294 4915 l.
1307 4865 1355 4911 214
1370 4879 1376 4911 ε
1394 4861 1478 4909 Virlal.
1497 4873 1523 4910 n.
1534 4860 1617 4918 6666).
1629 4881 1661 4892 -

296 4934 417 4984 l.l'icr1c
435 4935 523 4996 Rogor,
537 4935 595 4997 plur
611 4937 669 4984 tanl
688 4935 803 4985 (lenient
823 4937 868 4996 l'l,
886 4937 1046 4999 arclrordque
1062 4938 1095 4986 de
1113 4938 1201 4984 Rorreu
1219 4937 1252 4985 (le
1271 4938 1364 4984 133οὲ
1384 4935 1455 4983 1338.
