3650 5675
296 520 359 585 488
627 522 715 596 1349,
737 522 777 585 28
800 521 953 586 do'earubre
974 556 1013 565 —
1036 522 1122 595 1850,
1145 522 1181 587 12
1200 522 1327 626 jnnvier.

298 671 383 754 regis
408 668 547 735 Francie
563 679 598 735 et
613 671 705 736 ducis
720 670 756 735 N
758 670 943 751 ormannie,
969 691 1045 736 cum
1072 671 1267 736 vacaverint
1289 692 1350 757 per
1371 672 1658 738 consecrationem

300 773 380 839 dicti
397 774 529 840 electi...
544 814 588 823 —
603 773 682 840 Fiat
704 782 800 840 motu
822 775 958 860 proprio
975 773 1038 840 R...

344 878 423 943 Dat.
436 878 535 943 Avin.
553 897 571 963 7
587 878 654 945 kal.
667 880 794 964 januar.
810 886 844 944 a⁰
861 882 903 945 8⁰.
922 879 994 963 (18,
1012 880 1101 963 115).

304 1116 308 1122 .
352 1041 495 1126 1865·
1268 1077 1364 1142 1349,
1381 1059 1425 1121 28
1438 1059 1615 1122 decembre.

344 1158 465 1246 Supp...
482 1158 686 1245 [Philippus]
692 1209 701 1240 ‚
718 1159 894 1245 episcopus
911 1158 1128 1240 cavalicen„
1144 1167 1235 1243 quat.
1251 1159 1420 1243 [familiari
1435 1181 1496 1225 suo
1511 1160 1531 1238 J
1534 1159 1659 1225 ohanni

301 1260 457 1347 Mignoti,
473 1261 612 1348 clerico]
641 1262 857 1328 Cameracen.
881 1262 980 1343 dioc,
996 1262 1038 1328 de
1054 1263 1166 1348 aliquo
1175 1266 1253 1329 ben.
1262 1264 1344 1329 eccl.
1354 1284 1384 1329 c.
1402 1284 1431 1329 c.
1446 1264 1501 1327 vel
1524 1284 1550 1329 s.
1566 1284 1595 1329 0.
1616 1263 1660 1329 ad

300 1364 375 1430 coll.
388 1365 580 1431 monasterii
598 1366 629 1431 S.
646 1366 801 1452 Dyonisii
817 1366 859 1432 de
875 1365 1069 1447 Brochoria,
1085 1367 1127 1431 Ο.
1144 1366 1175 1431 S.
1192 1364 1242 1447 Β,
1258 1366 1349 1432 dicte
1363 1366 1448 1432 dioc
1471 1404 1500 1415 -
1522 1366 1601 1432 Fiat
1618 1366 1659 1433 R.

343 1470 421 1535 Dat.
437 1469 537 1535 Avin.
555 1489 572 1554 5
590 1470 655 1535 kal.
668 1470 796 1555 januar.
813 1477 845 1535 a⁰
862 1473 904 1535 8⁰.
922 1471 994 1555 (18,
1015 1470 1102 1555 118).

352 1628 495 1713 1866.
1328 1664 1424 1730 1350,
1438 1666 1459 1729 3
1470 1644 1614 1727 junur'er.

343 1748 443 1835 Supp.
471 1748 677 1828 Guillelmus,
703 1748 973 1836 archiepiscopus
998 1750 1197 1830 Auxitanus,
1224 1757 1262 1814 ut
1288 1764 1365 1815 cum
1393 1748 1433 1815 E.
1449 1748 1480 1814 S.
1498 1748 1541 1813 ad
1557 1747 1659 1834 ipsius

298 1852 576 1939 supplicationem
592 1850 726 1916 Andree
742 1850 905 1933 CantoriS,
923 1853 1049 1936 (electo
1066 1852 1240 1918 Pistorien.
1255 1854 1292 1937 ¹),
1308 1854 1350 1918 de
1366 1872 1439 1919 can.
1456 1855 1538 1917 eccl.
1556 1850 1659 1917 Mori-

299 1976 376 2021 nen.
392 1957 452 2021 sub
467 1976 543 2041 exp.
570 1956 662 2040 preb.
689 1955 821 2020 duxerit
847 1955 1093 2042 providendum
1110 1965 1144 2020 et
1159 1965 1230 2021 tam
1256 1964 1392 2042 propter
1407 1956 1661 2022 multitudinem

299 2059 549 2144 expectantium
565 2058 689 2123 ibidem
704 2058 738 2121 in
754 2058 851 2123 simili
869 2058 974 2124 forma
990 2058 1073 2123 etin
1090 2057 1170 2124 data
1185 2060 1294 2145 ipsum
1317 2059 1535 2146 precedentes
1557 2080 1660 2144 quam

298 2170 435 2248 propter
450 2162 692 2227 reservationes
706 2161 776 2226 sedi
793 2160 1010 2248 apost.,dicta
1024 2162 1132 2246 gratia
1148 2163 1258 2227 eidem
1272 2162 1408 2229 Andree
1423 2163 1549 2229 inutilis
1563 2184 1660 2249 repu-

299 2274 399 2347 tatur,
415 2273 506 2351 quat.
523 2265 633 2332 eidem
656 2266 792 2331 Andree
817 2266 1003 2332 concedere
1026 2266 1209 2352 dignemini
1236 2267 1278 2332 de
1293 2266 1401 2351 gratia
1416 2267 1553 2353 speciali
1569 2267 1661 2351 quod

297 2370 368 2457 ipse
383 2370 449 2436 hac
464 2370 538 2436 vice
549 2369 754 2455 prebendam
778 2370 813 2434 in
839 2370 931 2436 dicta
955 2370 1097 2435 ecclesia
1122 2368 1290 2436 Morinen.
1317 2390 1392 2436 vac.
1406 2371 1462 2435 vel
1487 2371 1582 2436 aliter
1598 2370 1659 2435 sibi

298 2474 340 2540 de
367 2476 439 2560 Jure
469 2474 629 2555 debitam,
653 2494 722 2539 non
752 2476 837 2560 obst.
862 2475 1127 2558 quibuscumque
1156 2474 1437 2540 reservationibus
1466 2473 1660 2559 apostolicis

299 2578 451 2664 accipere
467 2586 502 2643 et
519 2579 668 2663 recipere
682 2571 805 2643 valeat.
820 2616 864 2627 —
880 2575 958 2643 Fiat
976 2578 1037 2643 R...

342 2682 420 2749 Dat.
436 2682 536 2747 Avin.
554 2703 571 2766 3
588 2702 667 2747 non.
680 2682 809 2767 januar.
825 2690 858 2747 a⁰
874 2684 918 2748 8⁰.
934 2684 1006 2767 (18,
1023 2684 1110 2767 117).

351 2845 492 2928 1867.
1284 2850 1286 2854 ’
1333 2875 1427 2939 1350,
1442 2877 1461 2940 9
1471 2855 1615 2937 janvier.

342 2963 443 3050 Supp.
459 2963 526 3027 dux
542 2961 862 3045 Aurelianen.⁰quat.
875 2961 967 3026 fratri
982 2958 1112 3038 Jacobo
1127 2959 1268 3044 Braque,
1281 2960 1450 3026 monacho
1465 2958 1659 3024 monasterii

300 3067 329 3131 S.
346 3064 473 3131 Bertini
498 3065 540 3130 de
567 3064 599 3130 S.
626 3064 830 3146 Audomaro,
859 3063 900 3130 Ο.
917 3064 949 3128 S.
966 3061 1015 3144 B„
1033 3062 1201 3129 Morinen.
1218 3063 1315 3145 dioc,
1332 3063 1387 3147 qui
1403 3063 1510 3128 diuet
1535 3062 1661 3127 utiliter

301 3169 442 3235 Parisius
466 3169 601 3250 studuit,
628 3167 671 3233 de
696 3169 808 3254 aliquo
834 3171 910 3233 ben.
935 3169 1016 3233 eccl.
1044 3188 1073 3232 c.
1090 3188 1129 3232 -c.
1145 3169 1199 3231 vel
1222 3188 1247 3233 s.
1272 3188 1311 3248 0.,
1335 3167 1397 3232 etsi
1412 3167 1586 3252 prioratus
1602 3165 1659 3231 off.

298 3273 353 3338 vel
369 3272 613 3338 administratio
629 3273 762 3354 existat,
780 3281 944 3338 consueto
959 3292 1019 3358 per
1034 3273 1221 3337 monachos
1237 3271 1317 3337 dicti
1335 3271 1526 3337 monasterii
1542 3271 1660 3355 guber-

299 3378 380 3458 nari,
408 3379 500 3462 cujus
526 3377 651 3443 fructus
670 3397 729 3442 100
747 3378 819 3442 libr.
836 3380 986 3442 valorem
1003 3373 1151 3441 annuum
1177 3397 1247 3442 non
1270 3374 1446 3457 excedant,
1470 3374 1660 3462 specialiter

300 3481 343 3547 ad
358 3481 575 3547 collationem
600 3481 729 3546 abbatis
756 3490 790 3545 et
812 3489 1002 3546 conuentus
1028 3480 1109 3546 dicti
1125 3479 1328 3560 monasterii,
1345 3479 1528 3564 dignemini
1549 3479 1660 3564 provi-

300 3584 388 3651 dere.
411 3623 455 3634 -
478 3583 556 3649 Fiat
579 3585 641 3652 R...

343 3687 422 3752 Dat.
437 3687 537 3753 Avin.
555 3707 571 3772 5
588 3687 632 3753 id.
646 3688 774 3773 januar.
792 3695 825 3753 a⁰
841 3690 884 3752 8⁰.
902 3689 973 3772 (18,
994 3688 1081 3771 119).

353 3849 494 3932 18681
1302 3881 1398 3945 1350,
1423 3883 1463 3926 12
1474 3861 1618 3944 ybrrvrbr.

342 3969 443 4055 Supp.
475 3967 682 4049 Guillelmus,
718 3965 990 4053 archiepiscopus
1028 3965 1226 4046 Auxitanus,
1267 3973 1359 4049 quat.
1400 3963 1594 4050 [capellano
1626 3973 1663 4030 et

299 4073 506 4139 thesaurario
522 4094 582 4139 suo
597 4071 748 4158 Andree]
768 4071 937 4156 Peregrini
950 4084 971 4152 ²,
988 4073 1172 4158 presbitero
1188 4069 1345 4136 Morinen
1361 4067 1459 4150 dioc,
1475 4069 1517 4134 de
1533 4089 1608 4136 can.
1624 4080 1661 4135 et

298 4180 391 4266 preb.
408 4177 548 4243 ecclesie
564 4175 735 4258 Leodien.,
752 4197 836 4260 quos
851 4177 942 4242 dom.
959 4175 1166 4257 Guillelmus‚
1183 4176 1310 4241 electus
1325 4172 1552 4255 Colonien.,in
1567 4174 1659 4240 dicta

300 4281 441 4347 ecclesia
467 4281 607 4363 obtinet,
623 4299 666 4348 ³...
690 4280 871 4365 dignemini
896 4299 1075 4361 reservare,
1092 4278 1336 4364 quamprimum
1366 4277 1440 4343 illos
1469 4297 1528 4362 per
1558 4278 1658 4343 electi

301 4385 618 4450 consecrationem...
634 4404 756 4450 vacare
772 4383 961 4468 contigerit.
986 4420 1018 4431 —
1048 4382 1124 4448 Fiat
1148 4383 1188 4447 R.

344 4488 422 4554 Dat.
437 4488 537 4556 Avin.
555 4509 572 4554 2
589 4487 632 4554 id.
645 4489 773 4574 januar.
788 4495 821 4554 a⁰
837 4489 880 4554 8⁰.
897 4490 969 4573 (18,
990 4489 1077 4571 122).

328 4689 355 4751 0)
373 4685 413 4734 00
424 4687 495 4734 avait
506 4684 571 4734 00111
582 4685 638 4736 Jou.
650 4686 807 4734 Itbrruannie
817 4689 840 4734 01
852 4686 993 4748 Aquitania
1003 4685 1065 4745 duc,
1077 4687 1154 4747 qu'on
1166 4699 1183 4732 a
1194 4680 1257 4731 burt
1267 4689 1294 4731 01
1305 4679 1433 4744 1011101006
1443 4694 1491 4744 par
1501 4679 1592 4729 Aurei.

331 4906 353 4952 1.
371 4904 480 4954 11001106
496 4903 593 4966 oreque
610 4905 642 4955 de
654 4905 747 4954 Pistoie
759 4904 783 4954 le
795 4907 824 4954 21
837 4904 942 4953 octobre
954 4905 1017 4952 1349
1030 4902 1134 4965 (Eubel
1148 4903 1167 4960 l,
1180 4901 1250 4962 420).
1267 4928 1299 4938 -
1316 4903 1339 4949 2.
1355 4899 1419 4947 Voir
1429 4913 1454 4947 n.
1467 4899 1521 4956 728,
1540 4899 1612 4947 1820.
1624 4929 1660 4940 -

296 4977 319 5026 8,
332 4977 479 5027 Guillaume
490 4977 522 5027 de
533 4979 646 5042 Gennep,
657 4976 759 5027 nomme
769 4977 794 5026 le
806 4979 836 5026 18
848 4977 982 5026 decembre
995 4978 1057 5024 1319
1066 4976 1170 5037 (1101101,
1180 4977 1199 5035 1,
1210 4975 1271 5037 208)
1281 4991 1288 5032 ;
1299 4974 1332 5023 cf.
1341 4973 1374 5022 de
1382 4973 1477 5033 Thorax,
1491 4971 1525 5031 11,
1539 4973 1623 5024 7278.
