<?xml version="1.0" encoding="UTF-8"?>
<!DOCTYPE html PUBLIC "-//W3C//DTD XHTML 1.0 Transitional//EN"
    "http://www.w3.org/TR/xhtml1/DTD/xhtml1-transitional.dtd">
<html xmlns="http://www.w3.org/1999/xhtml" xml:lang="en" lang="en">
 <head>
  <title>
</title>
<meta http-equiv="Content-Type" content="text/html;charset=utf-8" />
  <meta name='ocr-system' content='tesseract 3.04.00' />
  <meta name='ocr-capabilities' content='ocr_page ocr_carea ocr_par ocr_line ocrx_word'/>
</head>
<body>
  <div class='ocr_page' id='page_1' title='image "./suppliquesdeclm00berlgoog_0208.png"; bbox 0 0 3650 5675; ppageno 0'>
   <div class='ocr_carea' id='block_1_1' title="bbox 668 491 1545 565">
    <p class='ocr_par' dir='ltr' id='par_1_1' title="bbox 668 491 1545 565">
     <span class='ocr_line' id='line_1_1' title="bbox 668 491 1545 565; baseline 0.006 -10"><span class='ocrx_word' id='word_1_1' title='bbox 668 491 756 565; x_wconf 83' lang='grc'>1344,</span> <span class='ocrx_word' id='word_1_2' title='bbox 779 492 812 557; x_wconf 83' lang='lat'><strong>21</strong></span> <span class='ocrx_word' id='word_1_3' title='bbox 837 492 950 557; x_wconf 80' lang='lat' dir='ltr'><strong>mars-5</strong></span> <span class='ocrx_word' id='word_1_4' title='bbox 972 493 1056 557; x_wconf 84' lang='lat' dir='ltr'><strong>avril.</strong></span> <span class='ocrx_word' id='word_1_5' title='bbox 1487 497 1545 560; x_wconf 81' lang='lat'><strong>163</strong></span> 
     </span>
    </p>
   </div>
   <div class='ocr_carea' id='block_1_2' title="bbox 180 638 1544 936">
    <p class='ocr_par' dir='ltr' id='par_1_2' title="bbox 180 638 1544 936">
     <span class='ocr_line' id='line_1_2' title="bbox 180 638 1544 733; baseline 0.006 -29"><span class='ocrx_word' id='word_1_6' title='bbox 180 642 275 726; x_wconf 85' lang='lat' dir='ltr'>preb.</span> <span class='ocrx_word' id='word_1_7' title='bbox 291 640 323 705; x_wconf 88' lang='lat' dir='ltr'><strong>S.</strong></span> <span class='ocrx_word' id='word_1_8' title='bbox 340 638 430 705; x_wconf 89' lang='lat' dir='ltr'><strong>Petri</strong></span> <span class='ocrx_word' id='word_1_9' title='bbox 446 639 488 705; x_wconf 91' lang='lat' dir='ltr'><strong>de</strong></span> <span class='ocrx_word' id='word_1_10' title='bbox 505 639 626 721; x_wconf 85' lang='lat' dir='ltr'>Insula,</span> <span class='ocrx_word' id='word_1_11' title='bbox 643 640 830 708; x_wconf 89' lang='lat' dir='ltr'><strong>Tomacen.</strong></span> <span class='ocrx_word' id='word_1_12' title='bbox 846 642 944 724; x_wconf 70' lang='lat' dir='ltr'><strong>dioc„</strong></span> <span class='ocrx_word' id='word_1_13' title='bbox 961 664 1033 709; x_wconf 90' lang='lat' dir='ltr'><strong>vac.</strong></span> <span class='ocrx_word' id='word_1_14' title='bbox 1049 664 1109 729; x_wconf 91' lang='lat' dir='ltr'><strong>per</strong></span> <span class='ocrx_word' id='word_1_15' title='bbox 1124 646 1178 709; x_wconf 90' lang='lat' dir='ltr'><strong>ob.</strong></span> <span class='ocrx_word' id='word_1_16' title='bbox 1193 664 1280 729; x_wconf 85' lang='lat' dir='ltr'><strong>mag.</strong></span> <span class='ocrx_word' id='word_1_17' title='bbox 1298 644 1386 711; x_wconf 91' lang='lat' dir='ltr'><strong>Petri</strong></span> <span class='ocrx_word' id='word_1_18' title='bbox 1404 642 1544 733; x_wconf 89' lang='lat' dir='ltr'><strong>Fayelli.</strong></span> 
     </span>
     <span class='ocr_line' id='line_1_3' title="bbox 226 742 948 936; baseline 0.007 -25"><span class='ocrx_word' id='word_1_19' title='bbox 226 742 307 912; x_wconf 60' lang='lat' dir='ltr'><strong>Dlirt.</strong></span> <span class='ocrx_word' id='word_1_20' title='bbox 322 847 421 914; x_wconf 83' lang='lat' dir='ltr'><strong>Avin.</strong></span> <span class='ocrx_word' id='word_1_21' title='bbox 439 869 474 913; x_wconf 93' lang='lat'><strong>12</strong></span> <span class='ocrx_word' id='word_1_22' title='bbox 492 847 557 915; x_wconf 89' lang='lat' dir='ltr'><strong>kal.</strong></span> <span class='ocrx_word' id='word_1_23' title='bbox 573 850 667 936; x_wconf 88' lang='lat' dir='ltr'><strong>april.</strong></span> <span class='ocrx_word' id='word_1_24' title='bbox 684 857 717 915; x_wconf 85' lang='lat' dir='ltr'><strong>a⁰</strong></span> <span class='ocrx_word' id='word_1_25' title='bbox 734 858 776 916; x_wconf 93' lang='lat'><strong>2⁰.</strong></span> <span class='ocrx_word' id='word_1_26' title='bbox 793 852 844 935; x_wconf 91' lang='grc'>(4,</span> <span class='ocrx_word' id='word_1_27' title='bbox 859 852 948 934; x_wconf 91' lang='lat'><strong>269).</strong></span> 
     </span>
    </p>
   </div>
   <div class='ocr_carea' id='block_1_3' title="bbox 181 985 1544 1917">
    <p class='ocr_par' dir='ltr' id='par_1_3' title="bbox 235 985 1498 1086">
     <span class='ocr_line' id='line_1_4' title="bbox 235 985 1498 1086; baseline 0 -18"><span class='ocrx_word' id='word_1_28' title='bbox 235 985 351 1070; x_wconf 87' lang='grc'>689.</span> <span class='ocrx_word' id='word_1_29' title='bbox 1223 1022 1318 1086; x_wconf 76' lang='lat'><em>1344,</em></span> <span class='ocrx_word' id='word_1_30' title='bbox 1335 1025 1375 1068; x_wconf 84' lang='lat'><strong>21</strong></span> <span class='ocrx_word' id='word_1_31' title='bbox 1396 1026 1498 1069; x_wconf 83' lang='lat' dir='ltr'><strong>mars.</strong></span> 
     </span>
    </p>

    <p class='ocr_par' dir='ltr' id='par_1_4' title="bbox 181 1101 1544 1807">
     <span class='ocr_line' id='line_1_5' title="bbox 226 1101 1542 1192; baseline 0.003 -25"><span class='ocrx_word' id='word_1_32' title='bbox 226 1104 327 1191; x_wconf 93' lang='lat' dir='ltr'><strong>Supp.</strong></span> <span class='ocrx_word' id='word_1_33' title='bbox 352 1104 470 1168; x_wconf 89' lang='lat' dir='ltr'><strong>Petrus</strong></span> <span class='ocrx_word' id='word_1_34' title='bbox 507 1101 614 1183; x_wconf 85' lang='lat' dir='ltr'><strong>Flote,</strong></span> <span class='ocrx_word' id='word_1_35' title='bbox 648 1103 739 1168; x_wconf 90' lang='lat' dir='ltr'><strong>dom.</strong></span> <span class='ocrx_word' id='word_1_36' title='bbox 774 1103 816 1169; x_wconf 90' lang='lat' dir='ltr'><strong>de</strong></span> <span class='ocrx_word' id='word_1_37' title='bbox 852 1104 949 1169; x_wconf 91' lang='lat' dir='ltr'><strong>Scole</strong></span> <span class='ocrx_word' id='word_1_38' title='bbox 966 1119 987 1185; x_wconf 85' lang='lat'><strong>¹,</strong></span> <span class='ocrx_word' id='word_1_39' title='bbox 1012 1106 1118 1186; x_wconf 89' lang='lat' dir='ltr'><strong>miles,</strong></span> <span class='ocrx_word' id='word_1_40' title='bbox 1145 1113 1235 1189; x_wconf 90' lang='lat' dir='ltr'><strong>quat.</strong></span> <span class='ocrx_word' id='word_1_41' title='bbox 1259 1105 1365 1192; x_wconf 88' lang='lat' dir='ltr'><strong>[dom.</strong></span> <span class='ocrx_word' id='word_1_42' title='bbox 1392 1106 1542 1171; x_wconf 83' lang='lat' dir='ltr'><strong>Oliverio</strong></span> 
     </span>
     <span class='ocr_line' id='line_1_6' title="bbox 181 1205 1542 1294; baseline 0.004 -23"><span class='ocrx_word' id='word_1_43' title='bbox 181 1205 224 1271; x_wconf 90' lang='lat' dir='ltr'><strong>de</strong></span> <span class='ocrx_word' id='word_1_44' title='bbox 248 1205 479 1289; x_wconf 85' lang='lat' dir='ltr'><strong>Gramberges,</strong></span> <span class='ocrx_word' id='word_1_45' title='bbox 503 1226 577 1292; x_wconf 92' lang='lat' dir='ltr'><strong>cap.</strong></span> <span class='ocrx_word' id='word_1_46' title='bbox 602 1214 637 1271; x_wconf 87' lang='lat' dir='ltr'><strong>et</strong></span> <span class='ocrx_word' id='word_1_47' title='bbox 663 1206 781 1293; x_wconf 72' lang='lat' dir='ltr'><strong>lamii]</strong></span> <span class='ocrx_word' id='word_1_48' title='bbox 810 1206 901 1274; x_wconf 93' lang='lat' dir='ltr'><strong>dom.</strong></span> <span class='ocrx_word' id='word_1_49' title='bbox 929 1208 1160 1294; x_wconf 87' lang='lat' dir='ltr'><strong>Enguerrandi</strong></span> <span class='ocrx_word' id='word_1_50' title='bbox 1175 1208 1217 1274; x_wconf 94' lang='lat' dir='ltr'><strong>de</strong></span> <span class='ocrx_word' id='word_1_51' title='bbox 1234 1208 1438 1291; x_wconf 74' lang='lat' dir='ltr'><strong>Couchiaco,</strong></span> <span class='ocrx_word' id='word_1_52' title='bbox 1453 1211 1542 1276; x_wconf 89' lang='lat' dir='ltr'><strong>vice-</strong></span> 
     </span>
     <span class='ocr_line' id='line_1_7' title="bbox 182 1308 1542 1393; baseline 0.003 -18"><span class='ocrx_word' id='word_1_53' title='bbox 182 1309 316 1375; x_wconf 88' lang='lat' dir='ltr'>comitis</span> <span class='ocrx_word' id='word_1_54' title='bbox 337 1308 531 1389; x_wconf 87' lang='lat' dir='ltr'><strong>Meldensis,</strong></span> <span class='ocrx_word' id='word_1_55' title='bbox 552 1310 667 1377; x_wconf 88' lang='lat' dir='ltr'><strong>sororii</strong></span> <span class='ocrx_word' id='word_1_56' title='bbox 687 1312 747 1393; x_wconf 89' lang='lat' dir='ltr'><strong>sui,</strong></span> <span class='ocrx_word' id='word_1_57' title='bbox 771 1310 813 1376; x_wconf 91' lang='lat' dir='ltr'><strong>de</strong></span> <span class='ocrx_word' id='word_1_58' title='bbox 834 1332 907 1377; x_wconf 88' lang='lat' dir='ltr'><strong>can.</strong></span> <span class='ocrx_word' id='word_1_59' title='bbox 928 1313 1001 1378; x_wconf 90' lang='lat' dir='ltr'><strong>eccl</strong></span> <span class='ocrx_word' id='word_1_60' title='bbox 1017 1311 1267 1378; x_wconf 89' lang='lat' dir='ltr'><strong>Rotbnacensis</strong></span> <span class='ocrx_word' id='word_1_61' title='bbox 1281 1322 1303 1393; x_wconf 83' lang='lat'><strong>²,</strong></span> <span class='ocrx_word' id='word_1_62' title='bbox 1325 1312 1542 1379; x_wconf 86' lang='lat' dir='ltr'><strong>Cameracen.</strong></span> 
     </span>
     <span class='ocr_line' id='line_1_8' title="bbox 181 1412 1544 1502; baseline 0.001 -23"><span class='ocrx_word' id='word_1_63' title='bbox 181 1413 280 1494; x_wconf 79' lang='lat' dir='ltr'><strong>dioc,</strong></span> <span class='ocrx_word' id='word_1_64' title='bbox 290 1412 471 1497; x_wconf 88' lang='lat' dir='ltr'><strong>dignemini</strong></span> <span class='ocrx_word' id='word_1_65' title='bbox 492 1412 666 1499; x_wconf 90' lang='lat' dir='ltr'><strong>providere</strong></span> <span class='ocrx_word' id='word_1_66' title='bbox 681 1436 690 1493; x_wconf 90' lang='lat'>;</span> <span class='ocrx_word' id='word_1_67' title='bbox 712 1417 803 1500; x_wconf 88' lang='lat' dir='ltr'><strong>preb.</strong></span> <span class='ocrx_word' id='word_1_68' title='bbox 824 1436 905 1480; x_wconf 91' lang='lat' dir='ltr'><strong>vero</strong></span> <span class='ocrx_word' id='word_1_69' title='bbox 924 1414 1013 1502; x_wconf 81' lang='lat' dir='ltr'><strong>[vac.</strong></span> <span class='ocrx_word' id='word_1_70' title='bbox 1029 1417 1083 1480; x_wconf 90' lang='lat' dir='ltr'><strong>vel</strong></span> <span class='ocrx_word' id='word_1_71' title='bbox 1098 1414 1228 1502; x_wconf 79' lang='lat' dir='ltr'><strong>vacat]</strong></span> <span class='ocrx_word' id='word_1_72' title='bbox 1246 1415 1356 1481; x_wconf 88' lang='lat' dir='ltr'><strong>eidem</strong></span> <span class='ocrx_word' id='word_1_73' title='bbox 1371 1416 1544 1482; x_wconf 85' lang='lat' dir='ltr'><strong>conferen-</strong></span> 
     </span>
     <span class='ocr_line' id='line_1_9' title="bbox 182 1515 1543 1605; baseline 0.002 -23"><span class='ocrx_word' id='word_1_74' title='bbox 182 1517 262 1583; x_wconf 88' lang='lat' dir='ltr'><strong>dam</strong></span> <span class='ocrx_word' id='word_1_75' title='bbox 277 1515 451 1582; x_wconf 91' lang='lat' dir='ltr'><strong>donationi</strong></span> <span class='ocrx_word' id='word_1_76' title='bbox 464 1524 572 1602; x_wconf 85' lang='lat' dir='ltr'><strong>apost.</strong></span> <span class='ocrx_word' id='word_1_77' title='bbox 585 1516 767 1601; x_wconf 83' lang='lat' dir='ltr'>dignemini</span> <span class='ocrx_word' id='word_1_78' title='bbox 782 1538 952 1583; x_wconf 87' lang='lat' dir='ltr'><strong>reservare</strong></span> <span class='ocrx_word' id='word_1_79' title='bbox 967 1541 976 1599; x_wconf 92' lang='lat'>;</span> <span class='ocrx_word' id='word_1_80' title='bbox 993 1539 1062 1584; x_wconf 90' lang='lat' dir='ltr'><strong>non</strong></span> <span class='ocrx_word' id='word_1_81' title='bbox 1077 1522 1164 1585; x_wconf 84' lang='lat' dir='ltr'><strong>obst.</strong></span> <span class='ocrx_word' id='word_1_82' title='bbox 1180 1519 1271 1603; x_wconf 92' lang='lat' dir='ltr'><strong>quod</strong></span> <span class='ocrx_word' id='word_1_83' title='bbox 1285 1520 1437 1605; x_wconf 90' lang='lat' dir='ltr'><strong>parroch.</strong></span> <span class='ocrx_word' id='word_1_84' title='bbox 1460 1522 1543 1585; x_wconf 89' lang='lat' dir='ltr'><strong>eccl.</strong></span> 
     </span>
     <span class='ocr_line' id='line_1_10' title="bbox 182 1618 1541 1709; baseline 0.003 -25"><span class='ocrx_word' id='word_1_85' title='bbox 182 1619 225 1685; x_wconf 91' lang='lat' dir='ltr'><strong>de</strong></span> <span class='ocrx_word' id='word_1_86' title='bbox 241 1619 417 1705; x_wconf 86' lang='lat' dir='ltr'><strong>Okeghen,</strong></span> <span class='ocrx_word' id='word_1_87' title='bbox 444 1630 479 1685; x_wconf 91' lang='lat' dir='ltr'><strong>et</strong></span> <span class='ocrx_word' id='word_1_88' title='bbox 502 1621 621 1705; x_wconf 84' lang='lat' dir='ltr'><strong>capell.</strong></span> <span class='ocrx_word' id='word_1_89' title='bbox 646 1620 689 1685; x_wconf 93' lang='lat' dir='ltr'><strong>de</strong></span> <span class='ocrx_word' id='word_1_90' title='bbox 704 1618 929 1702; x_wconf 88' lang='lat' dir='ltr'><strong>Wildebrouc,</strong></span> <span class='ocrx_word' id='word_1_91' title='bbox 950 1642 991 1688; x_wconf 89' lang='lat' dir='ltr'><strong>ac</strong></span> <span class='ocrx_word' id='word_1_92' title='bbox 1011 1624 1130 1709; x_wconf 89' lang='lat' dir='ltr'><strong>capell.</strong></span> <span class='ocrx_word' id='word_1_93' title='bbox 1154 1623 1198 1689; x_wconf 91' lang='lat' dir='ltr'><strong>de</strong></span> <span class='ocrx_word' id='word_1_94' title='bbox 1220 1621 1376 1690; x_wconf 87' lang='lat' dir='ltr'><strong>Condeto</strong></span> <span class='ocrx_word' id='word_1_95' title='bbox 1401 1624 1436 1689; x_wconf 91' lang='lat' dir='ltr'><strong>in</strong></span> <span class='ocrx_word' id='word_1_96' title='bbox 1452 1622 1541 1704; x_wconf 90' lang='lat' dir='ltr'><strong>Bria,</strong></span> 
     </span>
     <span class='ocr_line' id='line_1_11' title="bbox 184 1724 1348 1807; baseline 0.004 -19"><span class='ocrx_word' id='word_1_97' title='bbox 184 1724 402 1791; x_wconf 90' lang='lat' dir='ltr'><strong>Cameracen.</strong></span> <span class='ocrx_word' id='word_1_98' title='bbox 417 1733 453 1790; x_wconf 91' lang='lat' dir='ltr'><strong>et</strong></span> <span class='ocrx_word' id='word_1_99' title='bbox 475 1724 684 1789; x_wconf 89' lang='lat' dir='ltr'><strong>Suessionen.</strong></span> <span class='ocrx_word' id='word_1_100' title='bbox 701 1724 798 1807; x_wconf 80' lang='lat' dir='ltr'><strong>dioc,</strong></span> <span class='ocrx_word' id='word_1_101' title='bbox 814 1726 963 1791; x_wconf 89' lang='lat' dir='ltr'><strong>noscitur</strong></span> <span class='ocrx_word' id='word_1_102' title='bbox 978 1726 1141 1792; x_wconf 91' lang='lat' dir='ltr'><strong>obtinere.</strong></span> <span class='ocrx_word' id='word_1_103' title='bbox 1156 1766 1200 1777; x_wconf 92' lang='grc'>-</span> <span class='ocrx_word' id='word_1_104' title='bbox 1216 1726 1292 1793; x_wconf 88' lang='lat' dir='ltr'><strong>Fiat</strong></span> <span class='ocrx_word' id='word_1_105' title='bbox 1308 1726 1348 1793; x_wconf 88' lang='lat' dir='ltr'><strong>R.</strong></span> 
     </span>
    </p>

    <p class='ocr_par' dir='ltr' id='par_1_5' title="bbox 229 1827 1183 1917">
     <span class='ocr_line' id='line_1_12' title="bbox 229 1827 1183 1917; baseline 0.003 -24"><span class='ocrx_word' id='word_1_106' title='bbox 229 1827 305 1893; x_wconf 85' lang='lat' dir='ltr'><strong>Dat</strong></span> <span class='ocrx_word' id='word_1_107' title='bbox 322 1848 374 1914; x_wconf 91' lang='lat' dir='ltr'><strong>ap.</strong></span> <span class='ocrx_word' id='word_1_108' title='bbox 390 1827 638 1895; x_wconf 87' lang='lat' dir='ltr'><strong>Villamnovam</strong></span> <span class='ocrx_word' id='word_1_109' title='bbox 658 1850 694 1894; x_wconf 91' lang='lat'><strong>12</strong></span> <span class='ocrx_word' id='word_1_110' title='bbox 711 1828 776 1894; x_wconf 86' lang='lat' dir='ltr'><strong>kal.</strong></span> <span class='ocrx_word' id='word_1_111' title='bbox 793 1832 885 1917; x_wconf 91' lang='lat' dir='ltr'><strong>april.</strong></span> <span class='ocrx_word' id='word_1_112' title='bbox 902 1838 936 1895; x_wconf 89' lang='lat' dir='ltr'><strong>a⁰</strong></span> <span class='ocrx_word' id='word_1_113' title='bbox 953 1838 992 1896; x_wconf 90' lang='lat'><strong>2⁰.</strong></span> <span class='ocrx_word' id='word_1_114' title='bbox 1004 1830 1018 1867; x_wconf 82' lang='lat'><strong>⁰</strong></span> <span class='ocrx_word' id='word_1_115' title='bbox 1032 1833 1083 1915; x_wconf 98' lang='grc'>(4,</span> <span class='ocrx_word' id='word_1_116' title='bbox 1100 1834 1183 1915; x_wconf 82' lang='grc'>165).</span> 
     </span>
    </p>
   </div>
   <div class='ocr_carea' id='block_1_4' title="bbox 185 1965 1545 2379">
    <p class='ocr_par' dir='ltr' id='par_1_6' title="bbox 230 1965 1545 2168">
     <span class='ocr_line' id='line_1_13' title="bbox 237 1965 1501 2065; baseline -0.001 -18"><span class='ocrx_word' id='word_1_117' title='bbox 237 1965 355 2048; x_wconf 86' lang='grc'>690.</span> <span class='ocrx_word' id='word_1_118' title='bbox 1232 2001 1326 2065; x_wconf 72' lang='lat'><em>1344,</em></span> <span class='ocrx_word' id='word_1_119' title='bbox 1339 2002 1379 2065; x_wconf 80' lang='lat'><strong>23</strong></span> <span class='ocrx_word' id='word_1_120' title='bbox 1397 2003 1501 2046; x_wconf 78' lang='lat' dir='ltr'><strong>mars</strong></span> 
     </span>
     <span class='ocr_line' id='line_1_14' title="bbox 230 2070 1545 2168; baseline 0.002 -20"><span class='ocrx_word' id='word_1_121' title='bbox 230 2083 395 2168; x_wconf 88' lang='lat' dir='ltr'><strong>Dignetur</strong></span> <span class='ocrx_word' id='word_1_122' title='bbox 410 2082 438 2148; x_wconf 88' lang='lat' dir='ltr'><strong>S.</strong></span> <span class='ocrx_word' id='word_1_123' title='bbox 455 2082 496 2149; x_wconf 90' lang='lat' dir='ltr'><strong>V.</strong></span> <span class='ocrx_word' id='word_1_124' title='bbox 511 2081 657 2161; x_wconf 88' lang='lat' dir='ltr'><strong>Johanni</strong></span> <span class='ocrx_word' id='word_1_125' title='bbox 673 2082 715 2148; x_wconf 94' lang='lat' dir='ltr'><strong>de</strong></span> <span class='ocrx_word' id='word_1_126' title='bbox 732 2070 874 2151; x_wconf 87' lang='lat' dir='ltr'><strong>Pistorio</strong></span> <span class='ocrx_word' id='word_1_127' title='bbox 890 2094 910 2166; x_wconf 84' lang='lat'><strong>²,</strong></span> <span class='ocrx_word' id='word_1_128' title='bbox 927 2106 1002 2151; x_wconf 90' lang='lat' dir='ltr'><strong>can.</strong></span> <span class='ocrx_word' id='word_1_129' title='bbox 1020 2086 1237 2151; x_wconf 87' lang='lat' dir='ltr'><strong>Cameracen.</strong></span> <span class='ocrx_word' id='word_1_130' title='bbox 1253 2106 1293 2151; x_wconf 92' lang='lat' dir='ltr'><strong>ac</strong></span> <span class='ocrx_word' id='word_1_131' title='bbox 1309 2084 1410 2151; x_wconf 87' lang='lat' dir='ltr'><strong>famil.</strong></span> <span class='ocrx_word' id='word_1_132' title='bbox 1421 2095 1545 2165; x_wconf 83' lang='lat' dir='ltr'><strong>vestm,</strong></span> 
     </span>
    </p>

    <p class='ocr_par' dir='ltr' id='par_1_7' title="bbox 185 2188 1458 2379">
     <span class='ocr_line' id='line_1_15' title="bbox 185 2188 1458 2273; baseline 0 -20"><span class='ocrx_word' id='word_1_133' title='bbox 185 2196 440 2253; x_wconf 81' lang='lat' dir='ltr'><strong>conservatores</strong></span> <span class='ocrx_word' id='word_1_134' title='bbox 455 2188 640 2253; x_wconf 89' lang='lat' dir='ltr'><strong>concedere</strong></span> <span class='ocrx_word' id='word_1_135' title='bbox 656 2189 698 2254; x_wconf 89' lang='lat' dir='ltr'><strong>ad</strong></span> <span class='ocrx_word' id='word_1_136' title='bbox 713 2189 989 2273; x_wconf 85' lang='lat' dir='ltr'><strong>quinquennium.</strong></span> <span class='ocrx_word' id='word_1_137' title='bbox 1002 2230 1043 2241; x_wconf 93' lang='lat'><em>-</em></span> <span class='ocrx_word' id='word_1_138' title='bbox 1060 2188 1138 2255; x_wconf 89' lang='lat' dir='ltr'><strong>Fiat</strong></span> <span class='ocrx_word' id='word_1_139' title='bbox 1153 2189 1197 2255; x_wconf 89' lang='lat' dir='ltr'><strong>ad</strong></span> <span class='ocrx_word' id='word_1_140' title='bbox 1211 2189 1401 2255; x_wconf 86' lang='lat' dir='ltr'><strong>triennium.</strong></span> <span class='ocrx_word' id='word_1_141' title='bbox 1418 2188 1458 2254; x_wconf 91' lang='lat' dir='ltr'><strong>R.</strong></span> 
     </span>
     <span class='ocr_line' id='line_1_16' title="bbox 231 2290 977 2379; baseline 0.004 -22"><span class='ocrx_word' id='word_1_142' title='bbox 231 2292 310 2357; x_wconf 88' lang='lat' dir='ltr'><strong>Dat.</strong></span> <span class='ocrx_word' id='word_1_143' title='bbox 325 2292 426 2357; x_wconf 82' lang='lat' dir='ltr'><strong>Avin.</strong></span> <span class='ocrx_word' id='word_1_144' title='bbox 446 2312 484 2357; x_wconf 92' lang='lat'><strong>10</strong></span> <span class='ocrx_word' id='word_1_145' title='bbox 500 2290 565 2357; x_wconf 89' lang='lat' dir='ltr'><strong>kal.</strong></span> <span class='ocrx_word' id='word_1_146' title='bbox 582 2292 675 2377; x_wconf 89' lang='lat' dir='ltr'><strong>april.</strong></span> <span class='ocrx_word' id='word_1_147' title='bbox 692 2300 725 2358; x_wconf 92' lang='lat' dir='ltr'><strong>a⁰</strong></span> <span class='ocrx_word' id='word_1_148' title='bbox 741 2301 783 2359; x_wconf 91' lang='lat'><strong>2⁰.</strong></span> <span class='ocrx_word' id='word_1_149' title='bbox 801 2292 852 2378; x_wconf 83' lang='lat'><strong>(4,</strong></span> <span class='ocrx_word' id='word_1_150' title='bbox 871 2296 932 2379; x_wconf 84' lang='lat'><strong>258</strong></span> <span class='ocrx_word' id='word_1_151' title='bbox 951 2295 977 2378; x_wconf 95' lang='lat'><strong>).</strong></span> 
     </span>
    </p>
   </div>
   <div class='ocr_carea' id='block_1_5' title="bbox 230 2428 1548 2633">
    <p class='ocr_par' dir='ltr' id='par_1_8' title="bbox 230 2428 1548 2633">
     <span class='ocr_line' id='line_1_17' title="bbox 239 2428 1504 2525; baseline -0.004 -14"><span class='ocrx_word' id='word_1_152' title='bbox 239 2428 348 2511; x_wconf 85' lang='grc'>691.</span> <span class='ocrx_word' id='word_1_153' title='bbox 1231 2462 1326 2525; x_wconf 73' lang='lat'><em>1344,</em></span> <span class='ocrx_word' id='word_1_154' title='bbox 1342 2462 1384 2524; x_wconf 83' lang='lat'><strong>29</strong></span> <span class='ocrx_word' id='word_1_155' title='bbox 1401 2462 1504 2506; x_wconf 69' lang='lat' dir='ltr'><strong>inars.</strong></span> 
     </span>
     <span class='ocr_line' id='line_1_18' title="bbox 230 2542 1548 2633; baseline -0.002 -23"><span class='ocrx_word' id='word_1_156' title='bbox 230 2546 333 2633; x_wconf 92' lang='lat' dir='ltr'><strong>Supp.</strong></span> <span class='ocrx_word' id='word_1_157' title='bbox 363 2544 538 2622; x_wconf 91' lang='lat' dir='ltr'><strong>Johannes</strong></span> <span class='ocrx_word' id='word_1_158' title='bbox 566 2542 732 2627; x_wconf 89' lang='lat' dir='ltr'><strong>Maurelli,</strong></span> <span class='ocrx_word' id='word_1_159' title='bbox 757 2548 831 2611; x_wconf 86' lang='lat' dir='ltr'><strong>bac.</strong></span> <span class='ocrx_word' id='word_1_160' title='bbox 857 2546 892 2609; x_wconf 94' lang='lat' dir='ltr'><strong>in</strong></span> <span class='ocrx_word' id='word_1_161' title='bbox 919 2545 1008 2611; x_wconf 91' lang='lat' dir='ltr'><strong>decr.</strong></span> <span class='ocrx_word' id='word_1_162' title='bbox 1029 2555 1049 2625; x_wconf 85' lang='lat'><strong>³,</strong></span> <span class='ocrx_word' id='word_1_163' title='bbox 1074 2553 1166 2628; x_wconf 89' lang='lat' dir='ltr'><strong>quat.</strong></span> <span class='ocrx_word' id='word_1_164' title='bbox 1193 2564 1270 2609; x_wconf 92' lang='lat' dir='ltr'><strong>cum</strong></span> <span class='ocrx_word' id='word_1_165' title='bbox 1295 2564 1368 2609; x_wconf 89' lang='lat' dir='ltr'><strong>can.</strong></span> <span class='ocrx_word' id='word_1_166' title='bbox 1397 2551 1431 2608; x_wconf 90' lang='lat' dir='ltr'><strong>et</strong></span> <span class='ocrx_word' id='word_1_167' title='bbox 1456 2546 1548 2628; x_wconf 89' lang='lat' dir='ltr'><strong>preb.</strong></span> 
     </span>
    </p>
   </div>
   <div class='ocr_carea' id='block_1_6' title="bbox 185 2646 1549 3360">
    <p class='ocr_par' dir='ltr' id='par_1_9' title="bbox 185 2646 1549 3235">
     <span class='ocr_line' id='line_1_19' title="bbox 185 2646 1549 2737; baseline -0.004 -21"><span class='ocrx_word' id='word_1_168' title='bbox 185 2650 322 2737; x_wconf 87' lang='lat' dir='ltr'><strong>majoris</strong></span> <span class='ocrx_word' id='word_1_169' title='bbox 346 2657 381 2713; x_wconf 93' lang='lat' dir='ltr'><strong>et</strong></span> <span class='ocrx_word' id='word_1_170' title='bbox 404 2649 612 2735; x_wconf 82' lang='lat' dir='ltr'><strong>prepositura</strong></span> <span class='ocrx_word' id='word_1_171' title='bbox 633 2649 665 2716; x_wconf 88' lang='lat' dir='ltr'><strong>S.</strong></span> <span class='ocrx_word' id='word_1_172' title='bbox 689 2649 803 2715; x_wconf 89' lang='lat' dir='ltr'><strong>Crucis</strong></span> <span class='ocrx_word' id='word_1_173' title='bbox 819 2648 979 2715; x_wconf 89' lang='lat' dir='ltr'><strong>Leodien.</strong></span> <span class='ocrx_word' id='word_1_174' title='bbox 995 2649 1211 2714; x_wconf 90' lang='lat' dir='ltr'><strong>ecclesiarum</strong></span> <span class='ocrx_word' id='word_1_175' title='bbox 1225 2668 1285 2733; x_wconf 90' lang='lat' dir='ltr'><strong>per</strong></span> <span class='ocrx_word' id='word_1_176' title='bbox 1300 2649 1353 2712; x_wconf 94' lang='lat' dir='ltr'><strong>ob.</strong></span> <span class='ocrx_word' id='word_1_177' title='bbox 1370 2646 1549 2713; x_wconf 87' lang='lat' dir='ltr'><strong>Ottomani</strong></span> 
     </span>
     <span class='ocr_line' id='line_1_20' title="bbox 185 2752 1549 2841; baseline -0.003 -22"><span class='ocrx_word' id='word_1_178' title='bbox 185 2754 229 2819; x_wconf 91' lang='lat' dir='ltr'><strong>de</strong></span> <span class='ocrx_word' id='word_1_179' title='bbox 255 2754 423 2819; x_wconf 91' lang='lat' dir='ltr'><strong>Collealto</strong></span> <span class='ocrx_word' id='word_1_180' title='bbox 443 2764 454 2796; x_wconf 88' lang='lat'><strong>⁴</strong></span> <span class='ocrx_word' id='word_1_181' title='bbox 475 2761 599 2819; x_wconf 90' lang='lat' dir='ltr'><strong>vacent</strong></span> <span class='ocrx_word' id='word_1_182' title='bbox 614 2753 658 2819; x_wconf 89' lang='lat' dir='ltr'><strong>ad</strong></span> <span class='ocrx_word' id='word_1_183' title='bbox 672 2774 817 2841; x_wconf 70' lang='lat' dir='ltr'><strong>presens</strong></span> <span class='ocrx_word' id='word_1_184' title='bbox 842 2774 883 2818; x_wconf 93' lang='lat' dir='ltr'><strong>ac</strong></span> <span class='ocrx_word' id='word_1_185' title='bbox 897 2753 1093 2819; x_wconf 89' lang='lat' dir='ltr'><strong>beneficia...</strong></span> <span class='ocrx_word' id='word_1_186' title='bbox 1108 2752 1239 2817; x_wconf 83' lang='lat' dir='ltr'><strong>fuerant</strong></span> <span class='ocrx_word' id='word_1_187' title='bbox 1261 2759 1441 2829; x_wconf 89' lang='lat' dir='ltr'><strong>reservata,</strong></span> <span class='ocrx_word' id='word_1_188' title='bbox 1458 2759 1549 2833; x_wconf 91' lang='lat' dir='ltr'><strong>quat.</strong></span> 
     </span>
     <span class='ocr_line' id='line_1_21' title="bbox 187 2854 1549 2944; baseline -0.003 -20"><span class='ocrx_word' id='word_1_189' title='bbox 187 2858 250 2924; x_wconf 90' lang='lat' dir='ltr'><strong>sibi</strong></span> <span class='ocrx_word' id='word_1_190' title='bbox 277 2857 459 2943; x_wconf 86' lang='lat' dir='ltr'><strong>dignemini</strong></span> <span class='ocrx_word' id='word_1_191' title='bbox 483 2857 659 2944; x_wconf 90' lang='lat' dir='ltr'><strong>providere</strong></span> <span class='ocrx_word' id='word_1_192' title='bbox 683 2857 725 2923; x_wconf 90' lang='lat' dir='ltr'><strong>de</strong></span> <span class='ocrx_word' id='word_1_193' title='bbox 747 2859 835 2939; x_wconf 89' lang='lat' dir='ltr'><strong>illis;</strong></span> <span class='ocrx_word' id='word_1_194' title='bbox 860 2878 929 2923; x_wconf 93' lang='lat' dir='ltr'><strong>non</strong></span> <span class='ocrx_word' id='word_1_195' title='bbox 952 2861 1038 2924; x_wconf 92' lang='lat' dir='ltr'><strong>obst.</strong></span> <span class='ocrx_word' id='word_1_196' title='bbox 1062 2857 1152 2942; x_wconf 91' lang='lat' dir='ltr'><strong>quod</strong></span> <span class='ocrx_word' id='word_1_197' title='bbox 1176 2857 1210 2922; x_wconf 92' lang='lat' dir='ltr'><strong>in</strong></span> <span class='ocrx_word' id='word_1_198' title='bbox 1232 2854 1380 2941; x_wconf 81' lang='lat' dir='ltr'><strong>Aquensi</strong></span> <span class='ocrx_word' id='word_1_199' title='bbox 1396 2857 1457 2920; x_wconf 92' lang='lat' dir='ltr'><strong>sub</strong></span> <span class='ocrx_word' id='word_1_200' title='bbox 1473 2875 1549 2941; x_wconf 87' lang='lat' dir='ltr'><strong>exp.</strong></span> 
     </span>
     <span class='ocr_line' id='line_1_22' title="bbox 187 2958 1549 3048; baseline -0.003 -22"><span class='ocrx_word' id='word_1_201' title='bbox 187 2965 280 3048; x_wconf 89' lang='lat' dir='ltr'><strong>preb.</strong></span> <span class='ocrx_word' id='word_1_202' title='bbox 306 2971 341 3026; x_wconf 90' lang='lat' dir='ltr'><strong>et</strong></span> <span class='ocrx_word' id='word_1_203' title='bbox 367 2962 457 3046; x_wconf 88' lang='lat' dir='ltr'><strong>digri.</strong></span> <span class='ocrx_word' id='word_1_204' title='bbox 479 2969 514 3026; x_wconf 87' lang='lat' dir='ltr'><strong>et</strong></span> <span class='ocrx_word' id='word_1_205' title='bbox 538 2962 571 3026; x_wconf 94' lang='lat' dir='ltr'><strong>in</strong></span> <span class='ocrx_word' id='word_1_206' title='bbox 595 2961 794 3028; x_wconf 90' lang='lat' dir='ltr'><strong>Dauratensi</strong></span> <span class='ocrx_word' id='word_1_207' title='bbox 811 2963 960 3029; x_wconf 90' lang='lat' dir='ltr'><strong>ecclesiis</strong></span> <span class='ocrx_word' id='word_1_208' title='bbox 975 2983 1050 3028; x_wconf 90' lang='lat' dir='ltr'><strong>cau.</strong></span> <span class='ocrx_word' id='word_1_209' title='bbox 1065 2968 1101 3027; x_wconf 89' lang='lat' dir='ltr'><strong>et</strong></span> <span class='ocrx_word' id='word_1_210' title='bbox 1115 2964 1208 3048; x_wconf 89' lang='lat' dir='ltr'><strong>preb.</strong></span> <span class='ocrx_word' id='word_1_211' title='bbox 1223 2959 1372 3025; x_wconf 89' lang='lat' dir='ltr'><strong>noscitur</strong></span> <span class='ocrx_word' id='word_1_212' title='bbox 1387 2958 1549 3040; x_wconf 89' lang='lat' dir='ltr'><strong>obtinere,</strong></span> 
     </span>
     <span class='ocr_line' id='line_1_23' title="bbox 188 3061 1549 3153; baseline -0.003 -22"><span class='ocrx_word' id='word_1_213' title='bbox 188 3085 248 3131; x_wconf 88' lang='lat' dir='ltr'><strong>seu</strong></span> <span class='ocrx_word' id='word_1_214' title='bbox 263 3066 355 3149; x_wconf 93' lang='lat' dir='ltr'><strong>quod</strong></span> <span class='ocrx_word' id='word_1_215' title='bbox 367 3065 398 3131; x_wconf 92' lang='lat' dir='ltr'><strong>S.</strong></span> <span class='ocrx_word' id='word_1_216' title='bbox 409 3064 449 3132; x_wconf 93' lang='lat' dir='ltr'><strong>V.</strong></span> <span class='ocrx_word' id='word_1_217' title='bbox 464 3085 571 3151; x_wconf 88' lang='lat' dir='ltr'><strong>nuper</strong></span> <span class='ocrx_word' id='word_1_218' title='bbox 585 3065 646 3130; x_wconf 91' lang='lat' dir='ltr'><strong>sibi</strong></span> <span class='ocrx_word' id='word_1_219' title='bbox 662 3066 704 3131; x_wconf 89' lang='lat' dir='ltr'><strong>de</strong></span> <span class='ocrx_word' id='word_1_220' title='bbox 720 3087 794 3132; x_wconf 85' lang='lat' dir='ltr'><strong>can.</strong></span> <span class='ocrx_word' id='word_1_221' title='bbox 806 3075 841 3132; x_wconf 90' lang='lat' dir='ltr'><strong>et</strong></span> <span class='ocrx_word' id='word_1_222' title='bbox 852 3070 945 3153; x_wconf 88' lang='lat' dir='ltr'><strong>preb.</strong></span> <span class='ocrx_word' id='word_1_223' title='bbox 958 3067 990 3132; x_wconf 88' lang='lat' dir='ltr'><strong>S.</strong></span> <span class='ocrx_word' id='word_1_224' title='bbox 1001 3066 1021 3144; x_wconf 93' lang='lat' dir='ltr'>J</span> <span class='ocrx_word' id='word_1_225' title='bbox 1024 3065 1165 3132; x_wconf 90' lang='lat' dir='ltr'><strong>ohannis</strong></span> <span class='ocrx_word' id='word_1_226' title='bbox 1181 3062 1377 3129; x_wconf 90' lang='lat' dir='ltr'><strong>Laudunen.</strong></span> <span class='ocrx_word' id='word_1_227' title='bbox 1393 3061 1549 3148; x_wconf 91' lang='lat' dir='ltr'><strong>providit.</strong></span> 
     </span>
     <span class='ocr_line' id='line_1_24' title="bbox 189 3168 382 3235; baseline -0.01 1"><span class='ocrx_word' id='word_1_228' title='bbox 189 3209 228 3220; x_wconf 94' lang='lat'>-</span> <span class='ocrx_word' id='word_1_229' title='bbox 249 3168 325 3235; x_wconf 84' lang='lat' dir='ltr'><strong>Fiat</strong></span> <span class='ocrx_word' id='word_1_230' title='bbox 342 3169 382 3234; x_wconf 91' lang='lat' dir='ltr'><strong>R.</strong></span> 
     </span>
    </p>

    <p class='ocr_par' dir='ltr' id='par_1_10' title="bbox 234 3271 955 3360">
     <span class='ocr_line' id='line_1_25' title="bbox 234 3271 955 3360; baseline 0.003 -22"><span class='ocrx_word' id='word_1_231' title='bbox 234 3274 312 3340; x_wconf 86' lang='lat' dir='ltr'><strong>Dat.</strong></span> <span class='ocrx_word' id='word_1_232' title='bbox 328 3273 427 3338; x_wconf 79' lang='lat' dir='ltr'><strong>Avin.</strong></span> <span class='ocrx_word' id='word_1_233' title='bbox 444 3295 464 3357; x_wconf 85' lang='lat'>4</span> <span class='ocrx_word' id='word_1_234' title='bbox 480 3271 547 3338; x_wconf 88' lang='lat' dir='ltr'><strong>kal.</strong></span> <span class='ocrx_word' id='word_1_235' title='bbox 564 3272 657 3359; x_wconf 91' lang='lat' dir='ltr'><strong>april.</strong></span> <span class='ocrx_word' id='word_1_236' title='bbox 673 3280 706 3338; x_wconf 94' lang='lat' dir='ltr'><strong>a⁰</strong></span> <span class='ocrx_word' id='word_1_237' title='bbox 722 3280 765 3338; x_wconf 92' lang='lat'><strong>2⁰.</strong></span> <span class='ocrx_word' id='word_1_238' title='bbox 782 3274 834 3360; x_wconf 84' lang='lat'><strong>(4,</strong></span> <span class='ocrx_word' id='word_1_239' title='bbox 851 3275 955 3358; x_wconf 78' lang='lat'><strong>268⁰).</strong></span> 
     </span>
    </p>
   </div>
   <div class='ocr_carea' id='block_1_7' title="bbox 189 3409 1550 4132">
    <p class='ocr_par' dir='ltr' id='par_1_11' title="bbox 241 3409 1505 3511">
     <span class='ocr_line' id='line_1_26' title="bbox 241 3409 1505 3511; baseline 0 -19"><span class='ocrx_word' id='word_1_240' title='bbox 241 3409 1356 3511; x_wconf 67' lang='lat'><strong>6921344,</strong></span> <span class='ocrx_word' id='word_1_241' title='bbox 1371 3445 1393 3506; x_wconf 87' lang='lat'>5</span> <span class='ocrx_word' id='word_1_242' title='bbox 1409 3427 1505 3492; x_wconf 83' lang='lat' dir='ltr'><strong>avril.</strong></span> 
     </span>
    </p>

    <p class='ocr_par' dir='ltr' id='par_1_12' title="bbox 189 3525 1550 4132">
     <span class='ocr_line' id='line_1_27' title="bbox 233 3525 1549 3615; baseline 0.001 -22"><span class='ocrx_word' id='word_1_243' title='bbox 233 3529 335 3615; x_wconf 86' lang='lat' dir='ltr'><strong>Supp.</strong></span> <span class='ocrx_word' id='word_1_244' title='bbox 360 3526 477 3592; x_wconf 87' lang='lat' dir='ltr'><strong>Petrus</strong></span> <span class='ocrx_word' id='word_1_245' title='bbox 501 3525 660 3606; x_wconf 87' lang='lat' dir='ltr'><strong>Barrerie,</strong></span> <span class='ocrx_word' id='word_1_246' title='bbox 685 3527 879 3592; x_wconf 87' lang='lat' dir='ltr'><strong>secretarius</strong></span> <span class='ocrx_word' id='word_1_247' title='bbox 904 3526 1059 3612; x_wconf 85' lang='lat' dir='ltr'><strong>Philippi,</strong></span> <span class='ocrx_word' id='word_1_248' title='bbox 1075 3529 1161 3612; x_wconf 89' lang='lat' dir='ltr'><strong>regis</strong></span> <span class='ocrx_word' id='word_1_249' title='bbox 1185 3527 1335 3610; x_wconf 88' lang='lat' dir='ltr'><strong>Francie,</strong></span> <span class='ocrx_word' id='word_1_250' title='bbox 1356 3530 1456 3614; x_wconf 88' lang='lat' dir='ltr'><strong>quod,</strong></span> <span class='ocrx_word' id='word_1_251' title='bbox 1472 3551 1549 3595; x_wconf 88' lang='lat' dir='ltr'><strong>cmn</strong></span> 
     </span>
     <span class='ocr_line' id='line_1_28' title="bbox 190 3628 1549 3718; baseline -0.001 -20"><span class='ocrx_word' id='word_1_252' title='bbox 190 3652 278 3716; x_wconf 89' lang='lat' dir='ltr'><strong>mag.</strong></span> <span class='ocrx_word' id='word_1_253' title='bbox 294 3630 469 3718; x_wconf 76' lang='lat' dir='ltr'><strong>Johannes</strong></span> <span class='ocrx_word' id='word_1_254' title='bbox 484 3628 592 3710; x_wconf 89' lang='lat' dir='ltr'><strong>Blom,</strong></span> <span class='ocrx_word' id='word_1_255' title='bbox 610 3629 662 3695; x_wconf 90' lang='lat' dir='ltr'><strong>lic.</strong></span> <span class='ocrx_word' id='word_1_256' title='bbox 679 3629 713 3694; x_wconf 90' lang='lat' dir='ltr'><strong>in</strong></span> <span class='ocrx_word' id='word_1_257' title='bbox 726 3630 797 3715; x_wconf 92' lang='lat' dir='ltr'><strong>jure</strong></span> <span class='ocrx_word' id='word_1_258' title='bbox 814 3651 889 3696; x_wconf 90' lang='lat' dir='ltr'><strong>can.</strong></span> <span class='ocrx_word' id='word_1_259' title='bbox 905 3639 941 3695; x_wconf 89' lang='lat' dir='ltr'><strong>et</strong></span> <span class='ocrx_word' id='word_1_260' title='bbox 956 3630 1031 3712; x_wconf 68' lang='lat' dir='ltr'><strong>civ„</strong></span> <span class='ocrx_word' id='word_1_261' title='bbox 1047 3651 1121 3697; x_wconf 91' lang='lat' dir='ltr'><strong>can.</strong></span> <span class='ocrx_word' id='word_1_262' title='bbox 1133 3639 1169 3696; x_wconf 89' lang='lat' dir='ltr'><strong>et</strong></span> <span class='ocrx_word' id='word_1_263' title='bbox 1183 3635 1275 3717; x_wconf 91' lang='lat' dir='ltr'><strong>preb.</strong></span> <span class='ocrx_word' id='word_1_264' title='bbox 1291 3634 1374 3699; x_wconf 90' lang='lat' dir='ltr'><strong>eccl.</strong></span> <span class='ocrx_word' id='word_1_265' title='bbox 1393 3633 1549 3698; x_wconf 89' lang='lat' dir='ltr'><strong>Camera-</strong></span> 
     </span>
     <span class='ocr_line' id='line_1_29' title="bbox 189 3733 1549 3819; baseline 0 -17"><span class='ocrx_word' id='word_1_266' title='bbox 189 3757 274 3818; x_wconf 67' lang='lat' dir='ltr'><strong>cen..</strong></span> <span class='ocrx_word' id='word_1_267' title='bbox 298 3744 379 3801; x_wconf 90' lang='lat' dir='ltr'><strong>tunc</strong></span> <span class='ocrx_word' id='word_1_268' title='bbox 405 3753 478 3799; x_wconf 87' lang='lat' dir='ltr'><strong>vac.</strong></span> <span class='ocrx_word' id='word_1_269' title='bbox 500 3754 560 3819; x_wconf 94' lang='lat' dir='ltr'><strong>per</strong></span> <span class='ocrx_word' id='word_1_270' title='bbox 582 3733 739 3818; x_wconf 85' lang='lat' dir='ltr'><strong>resignat.</strong></span> <span class='ocrx_word' id='word_1_271' title='bbox 755 3733 857 3819; x_wconf 91' lang='lat' dir='ltr'><strong>ipsius</strong></span> <span class='ocrx_word' id='word_1_272' title='bbox 880 3733 970 3799; x_wconf 90' lang='lat' dir='ltr'><strong>Petri</strong></span> <span class='ocrx_word' id='word_1_273' title='bbox 985 3733 1111 3800; x_wconf 86' lang='lat' dir='ltr'><strong>factam</strong></span> <span class='ocrx_word' id='word_1_274' title='bbox 1128 3744 1222 3800; x_wconf 81' lang='lat' dir='ltr'><strong>extra</strong></span> <span class='ocrx_word' id='word_1_275' title='bbox 1239 3734 1337 3802; x_wconf 91' lang='lat' dir='ltr'><strong>Rom.</strong></span> <span class='ocrx_word' id='word_1_276' title='bbox 1354 3757 1431 3816; x_wconf 70' lang='lat' dir='ltr'><strong>cur..</strong></span> <span class='ocrx_word' id='word_1_277' title='bbox 1448 3756 1549 3802; x_wconf 90' lang='lat' dir='ltr'><strong>causa</strong></span> 
     </span>
     <span class='ocr_line' id='line_1_30' title="bbox 190 3836 1550 3925; baseline -0.001 -20"><span class='ocrx_word' id='word_1_278' title='bbox 190 3839 447 3925; x_wconf 88' lang='lat' dir='ltr'><strong>permutationis</strong></span> <span class='ocrx_word' id='word_1_279' title='bbox 471 3839 515 3904; x_wconf 90' lang='lat' dir='ltr'><strong>ad</strong></span> <span class='ocrx_word' id='word_1_280' title='bbox 540 3836 686 3922; x_wconf 91' lang='lat' dir='ltr'><strong>quedam</strong></span> <span class='ocrx_word' id='word_1_281' title='bbox 710 3837 776 3902; x_wconf 84' lang='lat' dir='ltr'><strong>alia</strong></span> <span class='ocrx_word' id='word_1_282' title='bbox 797 3837 960 3903; x_wconf 90' lang='lat' dir='ltr'><strong>beneficia</strong></span> <span class='ocrx_word' id='word_1_283' title='bbox 975 3859 1035 3924; x_wconf 90' lang='lat' dir='ltr'><strong>per</strong></span> <span class='ocrx_word' id='word_1_284' title='bbox 1050 3841 1126 3905; x_wconf 93' lang='lat' dir='ltr'><strong>coll.</strong></span> <span class='ocrx_word' id='word_1_285' title='bbox 1143 3839 1309 3922; x_wconf 88' lang='lat' dir='ltr'><strong>ordinarii,</strong></span> <span class='ocrx_word' id='word_1_286' title='bbox 1326 3847 1361 3905; x_wconf 89' lang='lat' dir='ltr'><strong>et</strong></span> <span class='ocrx_word' id='word_1_287' title='bbox 1376 3837 1394 3916; x_wconf 90' lang='lat' dir='ltr'>J</span> <span class='ocrx_word' id='word_1_288' title='bbox 1398 3840 1550 3904; x_wconf 90' lang='lat' dir='ltr'><strong>ohannes</strong></span> 
     </span>
     <span class='ocr_line' id='line_1_31' title="bbox 189 3941 1549 4029; baseline 0 -21"><span class='ocrx_word' id='word_1_289' title='bbox 189 3944 344 4010; x_wconf 86' lang='lat' dir='ltr'><strong>Turbant</strong></span> <span class='ocrx_word' id='word_1_290' title='bbox 366 3959 388 4025; x_wconf 85' lang='lat'><strong>⁵,</strong></span> <span class='ocrx_word' id='word_1_291' title='bbox 411 3963 516 4029; x_wconf 89' lang='lat' dir='ltr'><strong>nepos</strong></span> <span class='ocrx_word' id='word_1_292' title='bbox 536 3942 617 4008; x_wconf 88' lang='lat' dir='ltr'><strong>dicti</strong></span> <span class='ocrx_word' id='word_1_293' title='bbox 643 3941 742 4024; x_wconf 87' lang='lat' dir='ltr'><strong>Petri,</strong></span> <span class='ocrx_word' id='word_1_294' title='bbox 765 3941 819 4007; x_wconf 90' lang='lat' dir='ltr'><strong>lic.</strong></span> <span class='ocrx_word' id='word_1_295' title='bbox 843 3941 878 4007; x_wconf 90' lang='lat' dir='ltr'><strong>in</strong></span> <span class='ocrx_word' id='word_1_296' title='bbox 903 3951 975 4024; x_wconf 68' lang='lat' dir='ltr'><strong>art„</strong></span> <span class='ocrx_word' id='word_1_297' title='bbox 1000 3963 1074 4008; x_wconf 88' lang='lat' dir='ltr'><strong>can.</strong></span> <span class='ocrx_word' id='word_1_298' title='bbox 1098 3950 1134 4007; x_wconf 91' lang='lat' dir='ltr'><strong>et</strong></span> <span class='ocrx_word' id='word_1_299' title='bbox 1155 3946 1247 4028; x_wconf 94' lang='lat' dir='ltr'><strong>preb.</strong></span> <span class='ocrx_word' id='word_1_300' title='bbox 1271 3944 1352 4009; x_wconf 91' lang='lat' dir='ltr'><strong>eccl.</strong></span> <span class='ocrx_word' id='word_1_301' title='bbox 1377 3943 1408 4008; x_wconf 91' lang='lat' dir='ltr'><strong>S.</strong></span> <span class='ocrx_word' id='word_1_302' title='bbox 1434 3942 1549 4009; x_wconf 89' lang='lat' dir='ltr'><strong>Ursini</strong></span> 
     </span>
     <span class='ocr_line' id='line_1_32' title="bbox 191 4045 1549 4132; baseline 0 -20"><span class='ocrx_word' id='word_1_303' title='bbox 191 4045 382 4128; x_wconf 87' lang='lat' dir='ltr'><strong>Bituricen.,</strong></span> <span class='ocrx_word' id='word_1_304' title='bbox 397 4067 503 4132; x_wconf 87' lang='lat' dir='ltr'><strong>nuper</strong></span> <span class='ocrx_word' id='word_1_305' title='bbox 517 4066 592 4112; x_wconf 87' lang='lat' dir='ltr'><strong>vac.</strong></span> <span class='ocrx_word' id='word_1_306' title='bbox 602 4066 662 4131; x_wconf 91' lang='lat' dir='ltr'><strong>per</strong></span> <span class='ocrx_word' id='word_1_307' title='bbox 676 4045 732 4110; x_wconf 93' lang='lat' dir='ltr'><strong>lib.</strong></span> <span class='ocrx_word' id='word_1_308' title='bbox 744 4045 901 4129; x_wconf 88' lang='lat' dir='ltr'><strong>resignat.</strong></span> <span class='ocrx_word' id='word_1_309' title='bbox 918 4046 999 4111; x_wconf 90' lang='lat' dir='ltr'><strong>dicti</strong></span> <span class='ocrx_word' id='word_1_310' title='bbox 1015 4046 1104 4111; x_wconf 90' lang='lat' dir='ltr'><strong>Petri</strong></span> <span class='ocrx_word' id='word_1_311' title='bbox 1127 4067 1186 4110; x_wconf 90' lang='lat' dir='ltr'><strong>seu</strong></span> <span class='ocrx_word' id='word_1_312' title='bbox 1200 4047 1422 4132; x_wconf 89' lang='lat' dir='ltr'><strong>procuratoris</strong></span> <span class='ocrx_word' id='word_1_313' title='bbox 1437 4046 1549 4132; x_wconf 90' lang='lat' dir='ltr'><strong>ipsius,</strong></span> 
     </span>
    </p>
   </div>
   <div class='ocr_carea' id='block_1_8' title="bbox 191 4148 1551 4442">
    <p class='ocr_par' dir='ltr' id='par_1_13' title="bbox 191 4148 1551 4442">
     <span class='ocr_line' id='line_1_33' title="bbox 191 4148 1551 4235; baseline -0.001 -18"><span class='ocrx_word' id='word_1_314' title='bbox 191 4152 226 4217; x_wconf 93' lang='lat' dir='ltr'><strong>in</strong></span> <span class='ocrx_word' id='word_1_315' title='bbox 237 4151 390 4216; x_wconf 91' lang='lat' dir='ltr'><strong>manibus</strong></span> <span class='ocrx_word' id='word_1_316' title='bbox 404 4150 522 4216; x_wconf 88' lang='lat' dir='ltr'><strong>vestris</strong></span> <span class='ocrx_word' id='word_1_317' title='bbox 534 4150 668 4229; x_wconf 84' lang='lat' dir='ltr'><strong>factam,</strong></span> <span class='ocrx_word' id='word_1_318' title='bbox 682 4149 843 4215; x_wconf 87' lang='lat' dir='ltr'><strong>canonice</strong></span> <span class='ocrx_word' id='word_1_319' title='bbox 859 4148 981 4214; x_wconf 87' lang='lat' dir='ltr'><strong>fuerint</strong></span> <span class='ocrx_word' id='word_1_320' title='bbox 996 4150 1164 4233; x_wconf 88' lang='lat' dir='ltr'><strong>assequuti</strong></span> <span class='ocrx_word' id='word_1_321' title='bbox 1180 4149 1335 4235; x_wconf 91' lang='lat' dir='ltr'><strong>ipsosque</strong></span> <span class='ocrx_word' id='word_1_322' title='bbox 1356 4149 1551 4235; x_wconf 88' lang='lat' dir='ltr'><strong>possideant</strong></span> 
     </span>
     <span class='ocr_line' id='line_1_34' title="bbox 191 4250 1551 4341; baseline -0.001 -21"><span class='ocrx_word' id='word_1_323' title='bbox 191 4255 332 4341; x_wconf 88' lang='lat' dir='ltr'><strong>pacifice</strong></span> <span class='ocrx_word' id='word_1_324' title='bbox 359 4262 394 4319; x_wconf 89' lang='lat' dir='ltr'><strong>et</strong></span> <span class='ocrx_word' id='word_1_325' title='bbox 417 4254 554 4339; x_wconf 89' lang='lat' dir='ltr'><strong>quiete;</strong></span> <span class='ocrx_word' id='word_1_326' title='bbox 582 4261 673 4336; x_wconf 91' lang='lat' dir='ltr'><strong>quat.</strong></span> <span class='ocrx_word' id='word_1_327' title='bbox 697 4253 806 4319; x_wconf 89' lang='lat' dir='ltr'><strong>dictos</strong></span> <span class='ocrx_word' id='word_1_328' title='bbox 828 4273 902 4318; x_wconf 90' lang='lat' dir='ltr'><strong>can.</strong></span> <span class='ocrx_word' id='word_1_329' title='bbox 918 4261 954 4318; x_wconf 88' lang='lat' dir='ltr'><strong>et</strong></span> <span class='ocrx_word' id='word_1_330' title='bbox 967 4255 1059 4338; x_wconf 90' lang='lat' dir='ltr'><strong>preb.</strong></span> <span class='ocrx_word' id='word_1_331' title='bbox 1074 4252 1212 4338; x_wconf 84' lang='lat' dir='ltr'><strong>prefatis</strong></span> <span class='ocrx_word' id='word_1_332' title='bbox 1227 4250 1374 4330; x_wconf 87' lang='lat' dir='ltr'><strong>Johanni</strong></span> <span class='ocrx_word' id='word_1_333' title='bbox 1390 4252 1488 4318; x_wconf 93' lang='lat' dir='ltr'><strong>Blom</strong></span> <span class='ocrx_word' id='word_1_334' title='bbox 1515 4263 1551 4319; x_wconf 90' lang='lat' dir='ltr'><strong>et</strong></span> 
     </span>
     <span class='ocr_line' id='line_1_35' title="bbox 191 4355 1549 4442; baseline -0.002 -17"><span class='ocrx_word' id='word_1_335' title='bbox 191 4358 338 4437; x_wconf 91' lang='lat' dir='ltr'><strong>Johanni</strong></span> <span class='ocrx_word' id='word_1_336' title='bbox 366 4356 526 4439; x_wconf 85' lang='lat' dir='ltr'><strong>Turbant,</strong></span> <span class='ocrx_word' id='word_1_337' title='bbox 551 4355 733 4440; x_wconf 87' lang='lat' dir='ltr'><strong>dignemini</strong></span> <span class='ocrx_word' id='word_1_338' title='bbox 761 4357 981 4436; x_wconf 89' lang='lat' dir='ltr'><strong>confirmare;</strong></span> <span class='ocrx_word' id='word_1_339' title='bbox 1008 4376 1077 4422; x_wconf 90' lang='lat' dir='ltr'><strong>non</strong></span> <span class='ocrx_word' id='word_1_340' title='bbox 1104 4358 1190 4421; x_wconf 90' lang='lat' dir='ltr'><strong>obst.</strong></span> <span class='ocrx_word' id='word_1_341' title='bbox 1215 4356 1305 4440; x_wconf 94' lang='lat' dir='ltr'><strong>quod</strong></span> <span class='ocrx_word' id='word_1_342' title='bbox 1331 4357 1433 4442; x_wconf 91' lang='lat' dir='ltr'><strong>ipsius</strong></span> <span class='ocrx_word' id='word_1_343' title='bbox 1459 4357 1549 4424; x_wconf 91' lang='lat' dir='ltr'><strong>Petri</strong></span> 
     </span>
    </p>
   </div>
   <div class='ocr_carea' id='block_1_9' title="bbox 226 4559 1523 4627">
    <p class='ocr_par' dir='ltr' id='par_1_14' title="bbox 226 4559 1523 4627">
     <span class='ocr_line' id='line_1_36' title="bbox 226 4559 1523 4627; baseline 0 -17"><span class='ocrx_word' id='word_1_344' title='bbox 226 4564 255 4623; x_wconf 83' lang='lat' dir='ltr'><strong>a)</strong></span> <span class='ocrx_word' id='word_1_345' title='bbox 272 4561 329 4610; x_wconf 85' lang='lat' dir='ltr'><strong>(bd.</strong></span> <span class='ocrx_word' id='word_1_346' title='bbox 342 4561 468 4610; x_wconf 85' lang='lat' dir='ltr'><strong>Renacen.</strong></span> <span class='ocrx_word' id='word_1_347' title='bbox 480 4589 512 4596; x_wconf 89' lang='grc'><strong>-</strong></span> <span class='ocrx_word' id='word_1_348' title='bbox 523 4560 554 4623; x_wconf 93' lang='lat' dir='ltr'><strong>b)</strong></span> <span class='ocrx_word' id='word_1_349' title='bbox 568 4560 641 4608; x_wconf 84' lang='lat' dir='ltr'><strong>Cettc</strong></span> <span class='ocrx_word' id='word_1_350' title='bbox 653 4559 789 4623; x_wconf 86' lang='lat' dir='ltr'><strong>supplique</strong></span> <span class='ocrx_word' id='word_1_351' title='bbox 800 4567 839 4608; x_wconf 85' lang='lat' dir='ltr'><strong>est</strong></span> <span class='ocrx_word' id='word_1_352' title='bbox 851 4559 938 4623; x_wconf 79' lang='lat' dir='ltr'><strong>places</strong></span> <span class='ocrx_word' id='word_1_353' title='bbox 949 4566 1022 4610; x_wconf 82' lang='lat' dir='ltr'><strong>entre</strong></span> <span class='ocrx_word' id='word_1_354' title='bbox 1033 4561 1102 4610; x_wconf 85' lang='lat' dir='ltr'><strong>deux</strong></span> <span class='ocrx_word' id='word_1_355' title='bbox 1113 4565 1200 4611; x_wconf 85' lang='lat' dir='ltr'><strong>autres</strong></span> <span class='ocrx_word' id='word_1_356' title='bbox 1211 4559 1299 4610; x_wconf 78' lang='lat' dir='ltr'><strong>datdes</strong></span> <span class='ocrx_word' id='word_1_357' title='bbox 1309 4562 1345 4609; x_wconf 87' lang='lat' dir='ltr'><strong>du</strong></span> <span class='ocrx_word' id='word_1_358' title='bbox 1357 4563 1387 4610; x_wconf 79' lang='lat'><strong>13</strong></span> <span class='ocrx_word' id='word_1_359' title='bbox 1399 4561 1451 4610; x_wconf 72' lang='lat' dir='ltr'><strong>aaz.</strong></span> <span class='ocrx_word' id='word_1_360' title='bbox 1463 4567 1523 4627; x_wconf 65' lang='lat' dir='ltr'><strong>repr.</strong></span> 
     </span>
    </p>
   </div>
   <div class='ocr_carea' id='block_1_10' title="bbox 194 4779 1555 4986">
    <p class='ocr_par' dir='ltr' id='par_1_15' title="bbox 194 4779 1555 4986">
     <span class='ocr_line' id='line_1_37' title="bbox 228 4779 1554 4845; baseline -0.001 -16"><span class='ocrx_word' id='word_1_361' title='bbox 228 4783 249 4830; x_wconf 95' lang='lat' dir='ltr'><strong>l.</strong></span> <span class='ocrx_word' id='word_1_362' title='bbox 267 4782 352 4829; x_wconf 86' lang='lat' dir='ltr'><strong>Pierre</strong></span> <span class='ocrx_word' id='word_1_363' title='bbox 372 4779 466 4840; x_wconf 73' lang='lat' dir='ltr'><strong>l&#39;lotte</strong></span> <span class='ocrx_word' id='word_1_364' title='bbox 478 4781 596 4841; x_wconf 85' lang='lat' dir='ltr'><strong>seigneur</strong></span> <span class='ocrx_word' id='word_1_365' title='bbox 613 4779 747 4838; x_wconf 80' lang='lat' dir='ltr'><strong>d&#39;llscolle,</strong></span> <span class='ocrx_word' id='word_1_366' title='bbox 760 4779 826 4826; x_wconf 89' lang='lat' dir='ltr'><strong>dont</strong></span> <span class='ocrx_word' id='word_1_367' title='bbox 845 4779 870 4827; x_wconf 84' lang='lat' dir='ltr'><strong>la</strong></span> <span class='ocrx_word' id='word_1_368' title='bbox 881 4793 957 4836; x_wconf 82' lang='lat' dir='ltr'><strong>soeur,</strong></span> <span class='ocrx_word' id='word_1_369' title='bbox 981 4779 1139 4840; x_wconf 80' lang='lat' dir='ltr'><strong>Allemnnde,</strong></span> <span class='ocrx_word' id='word_1_370' title='bbox 1159 4779 1255 4845; x_wconf 71' lang='lat' dir='ltr'><strong>epouss</strong></span> <span class='ocrx_word' id='word_1_371' title='bbox 1272 4797 1304 4830; x_wconf 93' lang='lat' dir='ltr'><strong>en</strong></span> <span class='ocrx_word' id='word_1_372' title='bbox 1321 4779 1462 4830; x_wconf 78' lang='lat' dir='ltr'><strong>troisiemes</strong></span> <span class='ocrx_word' id='word_1_373' title='bbox 1478 4797 1554 4830; x_wconf 89' lang='lat' dir='ltr'><strong>uoces</strong></span> 
     </span>
     <span class='ocr_line' id='line_1_38' title="bbox 194 4851 1555 4916; baseline 0.001 -14"><span class='ocrx_word' id='word_1_374' title='bbox 194 4853 366 4916; x_wconf 78' lang='lat' dir='ltr'><strong>Enguermnd</strong></span> <span class='ocrx_word' id='word_1_375' title='bbox 384 4852 417 4901; x_wconf 90' lang='lat' dir='ltr'><strong>de</strong></span> <span class='ocrx_word' id='word_1_376' title='bbox 436 4853 528 4914; x_wconf 77' lang='lat' dir='ltr'><strong>coucy,</strong></span> <span class='ocrx_word' id='word_1_377' title='bbox 548 4853 659 4900; x_wconf 83' lang='lat' dir='ltr'><strong>vieomte</strong></span> <span class='ocrx_word' id='word_1_378' title='bbox 678 4851 711 4900; x_wconf 86' lang='lat' dir='ltr'><strong>de</strong></span> <span class='ocrx_word' id='word_1_379' title='bbox 731 4853 833 4901; x_wconf 84' lang='lat' dir='ltr'><strong>Meoux.</strong></span> <span class='ocrx_word' id='word_1_380' title='bbox 853 4881 885 4887; x_wconf 73' lang='grc'><strong>-·</strong></span> <span class='ocrx_word' id='word_1_381' title='bbox 904 4856 927 4902; x_wconf 81' lang='lat'><strong>2.</strong></span> <span class='ocrx_word' id='word_1_382' title='bbox 940 4853 1002 4900; x_wconf 88' lang='lat' dir='ltr'><strong>Voir</strong></span> <span class='ocrx_word' id='word_1_383' title='bbox 1021 4869 1047 4902; x_wconf 90' lang='lat' dir='ltr'><strong>n.</strong></span> <span class='ocrx_word' id='word_1_384' title='bbox 1067 4855 1123 4902; x_wconf 88' lang='grc'><strong>171.</strong></span> <span class='ocrx_word' id='word_1_385' title='bbox 1142 4881 1175 4888; x_wconf 74' lang='lat'>—</span> <span class='ocrx_word' id='word_1_386' title='bbox 1194 4855 1217 4901; x_wconf 82' lang='lat'><strong>3.</strong></span> <span class='ocrx_word' id='word_1_387' title='bbox 1237 4853 1270 4902; x_wconf 89' lang='lat' dir='ltr'><strong>de</strong></span> <span class='ocrx_word' id='word_1_388' title='bbox 1290 4854 1386 4915; x_wconf 74' lang='lat' dir='ltr'><strong>Theux.</strong></span> <span class='ocrx_word' id='word_1_389' title='bbox 1408 4853 1555 4914; x_wconf 84' lang='lat' dir='ltr'><strong>11,1o2.-</strong></span> 
     </span>
     <span class='ocr_line' id='line_1_39' title="bbox 194 4925 1295 4986; baseline 0 -11"><span class='ocrx_word' id='word_1_390' title='bbox 194 4929 216 4977; x_wconf 82' lang='grc'>1.</span> <span class='ocrx_word' id='word_1_391' title='bbox 231 4927 331 4986; x_wconf 66' lang='lat' dir='ltr'><strong>sirach,</strong></span> <span class='ocrx_word' id='word_1_392' title='bbox 345 4925 420 4986; x_wconf 69' lang='lat' dir='ltr'><strong>Koa.</strong></span> <span class='ocrx_word' id='word_1_393' title='bbox 433 4929 486 4986; x_wconf 83' lang='lat'><strong>213,</strong></span> <span class='ocrx_word' id='word_1_394' title='bbox 500 4929 554 4986; x_wconf 89' lang='grc'>111,</span> <span class='ocrx_word' id='word_1_395' title='bbox 567 4927 621 4984; x_wconf 78' lang='lat' dir='ltr'><strong>asi,</strong></span> <span class='ocrx_word' id='word_1_396' title='bbox 635 4928 689 4984; x_wconf 76' lang='grc'>161,</span> <span class='ocrx_word' id='word_1_397' title='bbox 703 4929 801 4975; x_wconf 81' lang='grc'>111-</span> <span class='ocrx_word' id='word_1_398' title='bbox 818 4931 841 4976; x_wconf 76' lang='grc'>1,</span> <span class='ocrx_word' id='word_1_399' title='bbox 854 4926 960 4985; x_wconf 77' lang='lat' dir='ltr'><strong>ueniae,</strong></span> <span class='ocrx_word' id='word_1_400' title='bbox 977 4926 1100 4985; x_wconf 69' lang='lat' dir='ltr'><strong>(lanua,</strong></span> <span class='ocrx_word' id='word_1_401' title='bbox 1113 4927 1148 4985; x_wconf 92' lang='grc'><strong>11,</strong></span> <span class='ocrx_word' id='word_1_402' title='bbox 1161 4929 1215 4986; x_wconf 81' lang='lat' dir='ltr'><strong>rer,</strong></span> <span class='ocrx_word' id='word_1_403' title='bbox 1229 4931 1295 4976; x_wconf 73' lang='lat' dir='ltr'><strong>son.</strong></span> 
     </span>
    </p>
   </div>
   <div class='ocr_carea' id='block_1_11' title="bbox 0 0 1844 5675">
    <p class='ocr_par' dir='ltr' id='par_1_16' title="bbox 0 0 1844 5675">
     <span class='ocr_line' id='line_1_40' title="bbox 0 0 1844 5675; baseline 0 0"><span class='ocrx_word' id='word_1_404' title='bbox 0 0 1844 5675; x_wconf 95' lang='lat' dir='ltr'><strong> </strong></span> 
     </span>
    </p>
   </div>
  </div>
 </body>
</html>
