3650 5675
663 481 751 544 1846.
775 483 846 545 945
868 483 1040 560 septembre.
1470 493 1532 558 275

170 624 213 690 Ο.
228 625 260 690 S.
276 624 326 706 B,
342 625 529 694 Tomacen.
552 630 650 711 dioc,
669 630 758 718 [vac.
774 634 828 696 vel
843 632 983 719 vacat.,]
995 633 1087 701 dicto
1104 635 1209 702 Paulo
1224 637 1406 722 dignemini
1421 642 1531 726 pro'vi-

170 728 259 794 dere.
279 769 316 778 -
334 727 445 796 Fiat...
461 733 504 798 ad
520 734 650 802 coll......
667 739 742 802 abb.
759 736 790 802 S.
807 736 896 802 Petri
913 735 1110 804 Gandensis.
1127 738 1167 804 R.
1524 755 1527 760 ·
1586 731 1589 740 '
1637 725 1640 732 '

215 832 293 898 Dat.
309 834 408 900 Avin.
425 837 444 900 8
461 836 504 902 id.
521 837 605 924 sep't.
621 846 655 904 a⁰
672 847 712 924 5⁰.
730 842 803 924 (12,
821 843 904 926 55').

225 969 370 1052 1060.
1147 993 1241 1076 1546,
1259 1013 1278 1076 9
1295 997 1484 1080 septembre.

212 1087 313 1175 Supp.
331 1090 450 1176 Dynus
465 1090 508 1157 de
526 1089 667 1174 Urbin0,
683 1093 772 1160 decr.
788 1093 889 1174 doct,
903 1101 937 1158 et
953 1093 1055 1158 vestri
1071 1093 1102 1158 S.
1120 1093 1240 1160 Palatii
1256 1096 1388 1162 auditor
1401 1111 1421 1179 ¹,
1434 1107 1527 1183 quat.

169 1192 229 1257 sibi
246 1193 296 1258 ⁴de
317 1214 390 1261 can.
422 1203 457 1260 et
489 1198 581 1280 preb.
604 1197 687 1262 eccl.
714 1197 745 1262 S.
774 1197 957 1262 Donatiani
984 1196 1171 1282 BrugensiS,
1198 1220 1271 1265 vac.
1297 1221 1358 1286 per
1382 1209 1528 1268 mortem

169 1295 258 1361 dom.
276 1295 411 1364 Nicolai
427 1298 469 1364 de
484 1300 649 1384 Anagnia,
662 1300 718 1385 qui
734 1300 768 1364 in
783 1301 932 1386 partibus
948 1300 1046 1366 Italie
1061 1322 1167 1387 nuper
1182 1301 1271 1368 diem
1288 1305 1405 1369 clausit
1420 1315 1527 1371 extre-

169 1410 292 1478 mum¹,
304 1398 486 1486 dignemini
498 1403 673 1488 providere
688 1427 697 1484 ;
717 1403 802 1491 [non
815 1403 918 1492 obst]
934 1405 1024 1489 quod
1038 1405 1128 1472 idem
1145 1406 1265 1492 Dynus
1277 1408 1528 1494 archipresbite-

170 1511 279 1568 ratum
293 1506 376 1571 eccl.
393 1505 522 1589 Pisane,
538 1515 573 1572 et
589 1527 662 1573 can.
678 1516 713 1573 et
728 1510 820 1594 preb.
836 1509 918 1574 eccl.
936 1507 1119 1590 Urbinatis,
1135 1530 1175 1575 ac
1191 1530 1263 1576 can.
1277 1514 1337 1576 sub
1349 1533 1425 1599 exp.
1436 1516 1528 1599 preb.

170 1607 204 1671 in
228 1608 310 1674 eccl.
337 1607 509 1675 Nucerina
533 1611 684 1677 obtinere
706 1619 872 1692 noscatur,
892 1633 1027 1678 necnon
1049 1616 1125 1678 ben.
1147 1615 1229 1680 eccl.
1254 1636 1282 1682 c.
1306 1636 1335 1681 c.
1358 1617 1412 1681 vel
1436 1637 1461 1682 s,
1488 1637 1528 1697 c,

170 1711 271 1776 etiam
294 1711 320 1777 si
343 1711 433 1797 dign.
455 1714 510 1779 vel
533 1736 618 1801 pers.
642 1716 773 1798 existat,
797 1723 832 1781 et
853 1715 1047 1802 principalis
1069 1715 1159 1800 dign.
1182 1717 1215 1781 in
1239 1719 1321 1784 eccl.
1339 1719 1466 1804 colleg,
1494 1727 1529 1784 et

171 1814 277 1898 major
290 1822 369 1900 post
383 1814 610 1903 episcopalem
625 1818 695 1883 sive
710 1819 940 1904 pontificalem
952 1820 986 1885 in
998 1821 1080 1886 eccl.
1097 1820 1242 1903 cathed,
1253 1831 1287 1888 et
1299 1822 1343 1888 ad
1355 1822 1445 1907 quod
1457 1823 1530 1908 quis

171 1918 344 1983 consuevit
369 1939 428 2004 per
454 1921 655 1987 electionem
680 1922 813 2004 assumi,
837 1923 881 1989 ad
904 1925 1141 2010 cujuscumque
1164 1946 1222 1991 seu
1244 1946 1530 2010 quorumcumque

171 2021 280 2087 coll...
304 2020 338 2086 in
362 2021 426 2088 civ.
453 2032 488 2088 et
513 2024 600 2116 dioc.
625 2027 824 2112 Aquilegen.
840 2035 876 2093 et
891 2026 1077 2094 Tridentin.
1101 2028 1250 2093 noscitur
1273 2037 1461 2115 expectare.
1488 2069 1531 2078 —

173 2124 259 2205 Fiat,
276 2125 302 2191 si
318 2147 387 2192 non
403 2127 446 2193 sit
460 2127 494 2194 in
510 2149 545 2194 re
561 2128 656 2195 alteri
668 2129 722 2215 jus
737 2131 914 2214 quesitum.
933 2130 973 2198 R.
1033 2143 1036 2150 '

216 2229 296 2296 Dat.
311 2231 410 2298 Avin.
428 2251 445 2317 5
461 2232 506 2300 id.
522 2241 606 2320 sept.
622 2240 655 2299 a⁰
672 2240 714 2317 5⁰.
731 2235 803 2315 (12,
824 2234 904 2319 13¹).

226 2370 363 2454 1061.
1127 2385 1222 2468 1346,
1240 2403 1280 2464 15
1297 2385 1487 2470 septembre.

216 2487 318 2575 Supp.
329 2497 440 2554 vester
449 2489 553 2555 famil.
567 2487 721 2554 Galterus
736 2488 846 2554 dictus
861 2488 977 2569 Gorre,
993 2488 1184 2574 pelliparius
1200 2487 1241 2552 de
1257 2488 1397 2572 Tongris
1409 2499 1429 2570 ³,
1446 2487 1531 2554 Leo-

173 2591 368 2674 diendioc,
381 2600 471 2678 quat.
488 2593 522 2658 in
537 2613 623 2680 pers.
639 2593 688 2658 sui
704 2591 941 2676 consanguinei
951 2591 1091 2657 Arnoldi
1101 2591 1144 2657 de
1154 2589 1412 2673 Coeninkshem,
1423 2594 1531 2678 presb.

172 2693 261 2760 dicte
276 2695 374 2777 dioc,
391 2717 480 2781 spec.
497 2696 557 2760 sibi
573 2716 619 2780 gr.
647 2694 810 2761 facientes
825 2694 868 2759 de
894 2693 1046 2780 panoch.
1074 2694 1156 2760 eccl.
1171 2693 1214 2759 de
1241 2694 1420 2780 Sprimont,
1442 2694 1531 2761 dicte

171 2797 268 2881 dioc,
284 2820 356 2866 vac.
370 2799 459 2887 apud
474 2799 589 2866 sedem
605 2809 724 2886 apost,
737 2807 775 2865 ut
789 2798 934 2865 triennio
946 2807 980 2863 et
992 2797 1134 2885 amplius
1140 2798 1212 2884 jam
1225 2798 1340 2885 elapso
1355 2818 1531 2885 perperam

172 2912 349 2989 acceptata
364 2912 398 2971 et
414 2913 579 2990 occupata
597 2925 616 2969 a
632 2903 651 2982 J
655 2904 789 2970 ohanne
804 2901 847 2968 de
864 2902 961 2988 Rupe
972 2913 993 2984 ⁴,
1006 2902 1096 2967 dicte
1107 2902 1204 2983 dioc,
1217 2922 1307 2967 nunc
1318 2904 1437 2988 presb,
1450 2910 1531 2967 tunc

171 3026 252 3071 vero
267 3007 355 3088 cler,
371 3007 429 3073 sed
444 3006 581 3074 inhabili
599 3016 776 3093 acceptare
790 3010 867 3073 ben.
880 3006 962 3072 eccl.
977 3014 1115 3092 propter
1130 3005 1417 3089 irregularitatem,
1431 3026 1530 3091 quam

171 3098 261 3195 prius
269 3111 451 3177 incurrerat
460 3112 704 3178 committendo
713 3109 1011 3198 presbitericidium
1022 3110 1056 3175 in
1066 3108 1086 3188 J
1089 3110 1256 3176 ohannem
1266 3110 1309 3177 de
1322 3109 1409 3191 Lira,
1422 3115 1530 3197 presb.

172 3212 390 3280 Cameracen.
414 3215 520 3295 dioc.;
548 3237 616 3299 quo
640 3216 817 3281 detentore
841 3236 899 3280 seu
926 3223 1128 3301 occupatore
1152 3213 1329 3299 dupliciter
1351 3214 1530 3299 irregulari,

171 3318 259 3401 quia,
283 3326 463 3404 postquam
478 3318 605 3386 dictum
631 3320 844 3385 commiserat
859 3319 1088 3398 homicidium,
1108 3339 1143 3383 se
1166 3317 1245 3383 fecit
1261 3320 1294 3382 in
1310 3318 1528 3403 presbiterum

170 3424 369 3508 promoveri,
400 3426 442 3490 ab
472 3424 549 3489 inde
580 3434 721 3506 semote,
751 3422 933 3509 dignemini
962 3424 1054 3489 dicto
1081 3418 1231 3487 Arnoldo
1257 3423 1299 3487 de
1326 3422 1417 3488 dicta
1447 3424 1528 3489 eccl.

169 3525 367 3611 providere;
389 3548 459 3593 non
480 3531 566 3593 obst.
582 3527 672 3613 quod
687 3548 779 3615 perp.
797 3528 926 3613 capell,
942 3528 1034 3612 cujus
1049 3526 1206 3605 redditus,
1223 3548 1288 3591 sec.
1304 3536 1372 3591 tax.
1388 3526 1527 3607 decime,

168 3629 268 3695 trium
295 3632 421 3698 march.
442 3652 509 3717 arg.
530 3633 681 3698 valorem
696 3652 843 3697 annuum
867 3652 937 3696 non
953 3631 1129 3711 excedunt,
1146 3631 1291 3695 noscitur
1307 3630 1467 3697 obtinere.
1485 3671 1528 3679 -—

170 3729 247 3797 Fiat
263 3730 304 3797 R.

212 3834 291 3900 Dat.
314 3836 414 3901 Avin.
443 3856 479 3921 17
502 3836 568 3903 kal.
592 3846 659 3904 oct.
682 3844 715 3902 a⁰
740 3845 781 3921 5⁰.
805 3839 878 3921 (12,
905 3838 972 3919 22).

222 3971 364 4055 1062.
1125 3986 1219 4069 1546,
1239 4006 1278 4066 15
1294 3990 1482 4074 septembre.

212 4089 301 4174 Sign.
324 4089 508 4171 Johannes,
525 4090 592 4156 dux
608 4089 799 4172 Brabantie,
816 4090 906 4174 quod
922 4088 1003 4155 olim
1018 4088 1108 4154 dom.
1125 4087 1327 4154 Benedictus
1342 4110 1431 4175 papa
1445 4088 1525 4169 Xll,

170 4212 247 4257 cunr
262 4214 337 4279 cap.
352 4214 413 4259 suo
427 4194 578 4261 Amoldo
593 4194 686 4260 dicto
702 4192 814 4260 Rorer
829 4193 871 4258 de
887 4191 1093 4258 Buscoducis
1104 4198 1124 4273 ⁵,
1136 4195 1244 4278 presb.
1257 4192 1417 4260 Leodien.
1430 4194 1526 4274 dioc,

169 4294 211 4362 de
237 4300 345 4383 presb.
365 4299 481 4383 genito
496 4308 531 4365 et
546 4300 666 4379 soluta,
683 4308 720 4363 ut
735 4298 777 4363 ad
794 4318 910 4364 omnes
927 4295 1059 4362 ordines
1074 4297 1274 4381 promoveri,
1291 4306 1325 4361 et
1340 4299 1416 4363 ben.
1433 4299 1526 4375 eccl,

169 4400 273 4465 etiarn
289 4402 316 4467 si
331 4422 443 4468 cruam
459 4403 598 4469 haberet
614 4403 809 4483 animarum,
826 4401 978 4466 obtinere
991 4401 1130 4481 valeret,
1154 4400 1342 4485 hujusmodi
1357 4422 1426 4466 non
1442 4404 1527 4467 obst.

169 4504 245 4585 def,
268 4504 499 4591 dispensavit;
527 4507 649 4573 virtute
677 4507 770 4590 cujus
794 4504 1053 4590 dispensationis
1077 4504 1183 4569 altare
1209 4502 1240 4568 S.
1263 4502 1312 4569 M.
1334 4503 1367 4568 in
1389 4504 1471 4570 eccl.
1487 4505 1529 4569 de

172 4606 294 4690 Hedel,
310 4608 500 4695 Trajecten.
524 4610 622 4692 dioc,
647 4632 672 4676 s,
697 4630 737 4690 c.,
765 4610 858 4696 cujus
880 4608 1006 4675 fructus
1029 4617 1145 4674 tamen
1172 4629 1342 4693 nunquam
1369 4610 1529 4695 percepit,

171 4712 284 4777 extitit
299 4721 496 4799 assequutus
511 4737 519 4794 3
537 4713 627 4799 quod
642 4723 760 4800 postea
776 4734 838 4801 pro
852 4712 949 4779 altari
966 4712 998 4779 S.
1010 4711 1156 4779 Barbare
1172 4712 1206 4777 in
1221 4714 1302 4779 eccl.
1320 4712 1350 4778 S.
1367 4710 1386 4789 J
1390 4712 1531 4778 ohannis

207 4920 226 4967 Ι.
240 4918 302 4966 Voir
313 4934 339 4967 n.
350 4921 406 4969 434.
418 4946 450 4955 -
461 4922 484 4969 2.
498 4920 560 4969 Voir
570 4934 596 4969 n.
610 4922 680 4969 1056.
692 4950 724 4956 —
736 4922 758 4972 3.
770 4922 832 4968 Voir
843 4936 868 4971 n.
882 4922 935 4979 190,
949 4922 1003 4968 ubo.
1015 4946 1048 4956 -
1059 4920 1082 4969 4.
1093 4916 1156 4966 Voir
1166 4931 1193 4968 n.
1205 4919 1260 4967 320.
1271 4944 1304 4955 -
1315 4920 1338 4968 ὅ.
1349 4917 1412 4967 Voir
1424 4932 1449 4967 n.
1464 4921 1532 4967 1029.
