3650 5675
282 500 344 565 526
798 494 887 570 1850,
910 496 1006 561 15-26
1024 497 1135 577 juillet.

325 657 438 718 2022.
455 648 544 714 Item
566 668 661 734 supp.
685 658 776 733 quat.
792 649 953 735 magistro
978 647 1128 726 Johanni
1144 648 1386 731 Bellihominis,
1402 652 1477 714 bac.
1493 649 1528 713 in
1543 649 1643 730 decr„

282 755 369 821 dioc.
386 752 612 832 Lemovicen,
640 752 859 838 scriptorique
883 761 1007 832 vestm,
1032 772 1104 818 can.
1121 762 1156 819 et
1171 756 1263 840 preb.
1279 754 1370 819 dicte
1385 753 1467 819 eccl.
1485 752 1517 818 S.
1533 753 1648 819 Audo-

283 858 375 937 mari,
391 877 464 921 vac.
480 875 539 940 per
555 857 608 920 ob.
621 854 640 933 J
644 856 786 921 ohannis
797 855 951 941 Remigii,
963 856 1019 941 qui
1033 865 1127 922 extra
1141 858 1266 922 curiam
1278 856 1372 937 obiit,
1385 865 1420 921 et
1432 878 1492 942 per
1500 877 1646 921 reserva·

283 962 411 1028 tionem
428 967 528 1025 antea
543 959 679 1040 factam,
707 960 856 1025 conferre
884 960 988 1025 etiam
1011 960 1193 1044 dignemini
1209 961 1365 1045 gratiose,
1382 981 1459 1026 cum
1474 981 1543 1025 non
1559 963 1646 1026 obst.

284 1066 318 1129 iu
334 1064 424 1130 dicta
440 1062 641 1128 cancellaria
656 1063 891 1148 exprimendis,
915 1072 951 1129 et
966 1083 1043 1128 cum
1059 1064 1214 1130 clausulis
1229 1064 1350 1130 debitis
1365 1072 1400 1128 et
1415 1064 1649 1130 executoribus

284 1177 322 1234 ut
337 1168 371 1232 in
387 1168 519 1232 forma..

338 1365 486 1449 2023·
1316 1399 1412 1463 1350,
1429 1398 1471 1460 15
1480 1378 1605 1459 juillet.

330 1483 431 1568 Supp.
457 1480 670 1565 Reginaldus,
698 1478 854 1544 dominus
869 1478 910 1543 de
929 1478 1037 1544 Ponte
1052 1488 1087 1544 et
1108 1480 1150 1545 de
1175 1478 1303 1562 Blavia,
1328 1490 1420 1566 quat.
1452 1481 1650 1568 [Ghenardo

287 1588 329 1653 de
357 1584 603 1663 Westerrenen,
631 1582 753 1649 clerico
769 1581 958 1667 Trajecten.
983 1583 1080 1663 dioc,
1103 1583 1146 1648 de
1170 1604 1244 1649 can.
1275 1593 1309 1649 et
1332 1588 1423 1670 preb.
1445 1586 1533 1651 eccl.
1550 1584 1581 1649 S.
1598 1582 1650 1649 M.

288 1690 464 1775 Aquensis,
477 1687 639 1754 Leodien.
650 1687 748 1767 dioc,
761 1706 834 1751 vac.
851 1685 895 1751 ad
909 1706 1047 1771 presens
1058 1706 1117 1771 per
1131 1695 1276 1751 mortem
1287 1686 1435 1754 Bertoldi
1452 1688 1493 1754 de
1507 1688 1650 1773 Peyme,

290 1795 346 1879 qui
362 1801 456 1859 extra
472 1794 597 1858 curiam
612 1792 702 1857 diem
718 1810 814 1855 suum
830 1790 950 1855 clausit
965 1797 1163 1870 extremum,
1176 1791 1268 1875 cujus
1282 1792 1447 1858 beneficia
1461 1791 1550 1877 apud
1565 1792 1597 1858 S.
1610 1791 1664 1857 V..

291 1896 488 1981 generaliter
503 1895 557 1960 vel
584 1894 771 1980 specialiter
797 1892 952 1958 dicuntur
976 1913 1048 1958 esse
1074 1902 1253 1975 reservata,
1269 1895 1449 1979 dignemini
1466 1895 1653 1981 providere,

292 2023 369 2066 cum
385 2000 539 2066 omnibus
553 2020 622 2065 non
639 2001 754 2064 obst...
772 2036 816 2046 -—
832 1996 908 2063 Fiat
925 1996 965 2063 R.

337 2103 413 2169 Fiat
437 2103 478 2169 R.

337 2208 417 2273 Dat.
433 2207 531 2273 Avin.
548 2206 591 2273 id.
604 2206 675 2291 julii
693 2214 729 2271 a⁰
744 2214 785 2288 9⁰.
803 2208 879 2291 (20,
897 2208 981 2289 96⁰).

344 2410 495 2491 2024.
1315 2439 1410 2502 1350,
1427 2420 1469 2483 16
1485 2417 1609 2499 juillet.

337 2530 438 2615 Supp.
448 2527 566 2593 .Guido
581 2526 623 2592 de
640 2525 854 2606 Podiovallis,
871 2534 964 2610 quat.
984 2525 1201 2612 [consobrino
1216 2546 1277 2590 suo
1293 2523 1438 2589 Geraldo
1452 2524 1495 2589 de
1512 2520 1655 2600 Ruelha,

292 2630 493 2719 presbitero]
519 2631 685 2696 Tutellen.
708 2630 807 2712 dioc,
822 2630 864 2696 de
881 2651 956 2696 can.
973 2638 1007 2695 et
1023 2634 1115 2716 preb.
1131 2632 1213 2696 eccl.
1230 2627 1269 2694 B.
1287 2628 1336 2694 M.
1352 2628 1394 2694 de
1412 2626 1657 2693 Remorentino

293 2745 328 2801 et
344 2734 382 2802 B.
400 2734 552 2819 Quintini
568 2734 610 2799 de
628 2732 812 2815 Melbodio,
825 2734 1038 2799 Aurelianen.
1055 2740 1090 2799 et
1105 2732 1322 2799 Cameracen.
1335 2731 1433 2812 dioc.,
1443 2752 1518 2797 vac.
1530 2750 1591 2816 per
1601 2732 1658 2796 ob.

294 2842 455 2928 Stephani
481 2839 655 2905 Bertrandi
671 2839 713 2904 de
731 2838 1032 2906 Remorentinoet
1049 2838 1208 2905 Biliconis
1235 2835 1358 2917 Becc0,
1383 2836 1549 2902 dictarum
1571 2834 1656 2900 eccl.

294 2947 541 3024 canonicorum,
558 2943 739 3028 dignemini
756 2943 931 3028 providere
950 2967 959 3023 ;
976 2964 1045 3008 non
1072 2946 1158 3009 obst.
1185 2941 1276 3026 quod
1298 2940 1387 3006 idem
1403 2939 1566 3005 Geraldus
1581 2959 1658 3004 can.

175 3079 177 3084 ·
294 3059 330 3114 et
346 3051 438 3134 preb.
448 3048 532 3114 eccl.
543 3045 582 3112 Β.
597 3045 645 3112 M.
656 3051 697 3111 de
711 3046 899 3128 Villanova,
916 3047 1118 3112 Avinionen.
1131 3045 1229 3126 dioc,
1242 3055 1276 3111 et
1292 3043 1475 3129 quamdam
1491 3043 1658 3129 capellan.

295 3173 353 3218 seu
369 3154 474 3216 altare
490 3150 522 3216 S.
539 3149 674 3216 Nicolai
690 3150 724 3215 in
741 3151 823 3217 eccl.
840 3149 878 3215 B.
897 3149 946 3217 M.
963 3152 997 3215 in
1022 3150 1116 3215 Valle
1131 3150 1174 3214 de
1191 3150 1336 3230 Pririno,
1365 3150 1531 3213 Senonen.
1556 3146 1660 3228 dioc,

294 3256 444 3322 noscitur
455 3254 616 3321 obtinere.
632 3294 675 3303 -
691 3253 766 3319 Fiat
791 3253 830 3320 R.

339 3359 417 3424 Dat.
433 3359 534 3425 Avin.
555 3377 591 3441 17
608 3358 674 3424 kal.
691 3379 765 3442 aug.
782 3366 816 3424 a⁰
834 3365 875 3439 9⁰.
893 3359 970 3442 (20,
989 3362 1054 3441 97).

347 3545 495 3628 2025.
1328 3577 1422 3641 1350,
1439 3557 1481 3621 26
1490 3555 1615 3638 juillet.

339 3664 440 3749 Supp.
465 3662 484 3741 J
488 3663 636 3728 ohannes
659 3662 701 3728 de
726 3661 857 3744 Vernia,
882 3663 1067 3728 canonicus
1091 3661 1122 3727 S.
1146 3661 1340 3742 Audomari,
1367 3659 1533 3726 Morinen.
1560 3660 1664 3740 dioc,

297 3766 387 3850 quod
403 3787 479 3832 cum
496 3766 529 3830 in
545 3767 686 3832 ecclesia
699 3767 731 3831 S.
741 3767 924 3832 Audomari
939 3766 1092 3852 predicta
1108 3765 1276 3850 quoddam
1293 3765 1451 3845 officium,
1478 3768 1664 3849 subprepo-

296 3872 399 3935 situra
415 3877 657 3953 nuncupatum,
668 3877 865 3934 consuetum
881 3890 942 3955 per
956 3869 1162 3955 prepositum
1179 3870 1280 3955 ipsius
1296 3869 1446 3948 ecclesie,
1463 3867 1518 3951 qui
1534 3875 1585 3931 est
1597 3888 1663 3952 pro

296 3982 460 4056 tempore,
476 3972 518 4037 de
534 3991 624 4036 anno
640 3971 674 4035 in
690 3991 826 4052 annum,
843 3971 977 4055 ydonee
994 3972 1134 4038 concedi
1149 3994 1302 4059 persone,
1320 3973 1486 4038 canonico
1500 3970 1662 4036 videlicet

298 4077 438 4140 ecclesie
465 4075 603 4160 prefate,
628 4074 760 4154 existat,
784 4083 818 4139 et
842 4075 897 4139 ille
922 4077 975 4142 cui
1002 4077 1150 4142 officium
1177 4077 1285 4164 ipsum
1310 4076 1513 4156 conceditur,
1537 4083 1660 4160 postea

297 4180 427 4245 decano
442 4187 477 4243 et
492 4179 640 4264 capitulo
656 4179 757 4264 ipsius
772 4179 912 4244 ecclesie
923 4179 1045 4245 debeat
1054 4182 1236 4267 presentari
1253 4189 1287 4245 et
1298 4186 1511 4266 presentatus
1526 4198 1585 4263 per
1601 4199 1662 4243 eos

298 4284 341 4347 ad
356 4283 437 4346 illud
464 4282 606 4362 admitti,
632 4282 860 4366 admissusque
887 4291 1043 4348 teneatur
1065 4305 1124 4369 per
1136 4285 1363 4366 juramentum
1378 4283 1413 4347 in
1429 4281 1570 4347 ecclesia
1587 4281 1662 4367 ipsa

298 4387 515 4472 personaliter
532 4385 684 4466 residere,
694 4394 729 4451 et
738 4386 840 4472 ipsius
854 4387 1000 4470 negotia,
1010 4409 1075 4472 que
1090 4407 1150 4472 per
1165 4387 1266 4452 alium
1277 4407 1379 4471 quam
1390 4406 1450 4472 per
1459 4385 1662 4451 canonicum

299 4490 448 4574 ejusdem
464 4489 603 4555 ecclesie
628 4491 774 4555 exerceri
791 4499 975 4574 nequeunt,
991 4491 1133 4557 fideliter
1145 4512 1266 4576 genere
1282 4501 1317 4556 et
1332 4491 1458 4556 utiliter
1469 4509 1664 4575 procurare,

299 4601 400 4659 vacet
427 4593 470 4659 ad
496 4613 659 4679 presens;
688 4601 778 4677 quat.
807 4594 917 4659 eidem
943 4593 962 4672 J
966 4591 1160 4661 ohanni'de
1187 4595 1258 4681 ipsa
1286 4592 1556 4680 subprepositura
1584 4613 1664 4658 cum

301 4697 456 4763 omnibus
467 4697 594 4782 juribus
610 4705 644 4762 et
660 4697 726 4762 suis
740 4697 952 4783 pertinentiis
967 4698 1149 4783 dignemini
1165 4699 1338 4785 prouidere
1353 4721 1362 4779 ;
1380 4719 1457 4764 cum
1468 4717 1537 4763 non
1553 4699 1667 4764 obst...

301 4840 344 4849 —
361 4799 438 4865 Fiat
454 4801 480 4864 si
496 4819 565 4865 non
582 4800 625 4865 sit
640 4801 734 4865 alteri
753 4801 784 4864 in
801 4821 837 4864 re
850 4801 903 4886 jus
919 4802 1096 4885 quesitum,
1114 4801 1154 4867 R.

346 4904 424 4969 Dat.
449 4904 548 4969 Auin.
573 4921 591 4988 7
614 4902 680 4969 kal.
704 4925 777 4988 aug.
801 4911 833 4969 a⁰
858 4913 899 4985 9⁰.
925 4907 1000 4989 (20,
1026 4909 1108 4990 78⁰).
