3650 5675
267 580 325 647 aaa
812 578 896 647 1351.
919 581 952 644 ar
973 580 1082 660 juillet.

311 730 398 819 Item
415 733 682 818 acceptationem
698 751 757 816 per
775 730 930 814 Egidiurn
945 722 1290 815 Canis‚presblterum,
1298 732 1340 797 de
1352 752 1445 819 perp.
1459 734 1622 819 capellan.

267 836 301 901 in
317 838 398 901 eccl.
416 836 447 901 S.
464 834 575 901 Basilii
593 835 770 921 Brugensis
785 833 958 898 fundata...

310 976 422 1039 2242.
440 972 527 1039 Item
542 974 811 1059 acceptationem
826 991 885 1057 per
902 969 1095 1055 Reynerum
1112 971 1154 1036 de
1177 972 1302 1038 Alneto
1317 973 1360 1039 de
1385 994 1457 1040 can.
1474 986 1509 1039 et
1531 978 1622 1061 preb.

269 1078 409 1143 ecclesie
426 1075 464 1143 B.
482 1076 530 1143 M.
547 1076 822 1162 AntaerpiensiS,
840 1074 1055 1141 Cameracen.
1080 1075 1177 1156 dioc,
1202 1097 1272 1142 vac.
1300 1097 1360 1163 per
1386 1081 1440 1144 ob.
1464 1078 1622 1144 Willelmi

268 1181 349 1247 dicti
367 1181 510 1267 Voeght.
528 1182 600 1266 (21,
619 1183 701 1264 89⁹).

314 1285 400 1351 Item
416 1286 685 1373 acceptationem
701 1307 760 1372 per
776 1285 981 1350 Willelmum
998 1284 1124 1351 dictum
1142 1283 1310 1372 Limpiaes
1321 1299 1329 1324 ¹
1342 1287 1385 1352 de
1401 1308 1475 1352 can.
1485 1296 1520 1353 et
1531 1291 1622 1373 preb.

270 1390 409 1455 ecclesie
426 1389 463 1455 B.
482 1388 530 1456 M.
554 1389 826 1475 AntwerpiensiS‚
852 1387 1069 1455 Cameracen.
1094 1389 1191 1471 dioc,
1218 1411 1292 1456 vac.
1316 1412 1376 1478 per
1403 1395 1456 1457 ob.
1483 1391 1622 1457 Walteri

211 1506 212 1509 ’
269 1493 503 1559 Paismakere.¹

312 1634 423 1698 2243.
442 1632 528 1697 Item
546 1634 816 1718 acceptationem
832 1652 890 1717 per
908 1631 1093 1696 Henricum
1109 1631 1151 1697 de
1167 1630 1277 1699 Lewis
1290 1645 1312 1714 ²,
1338 1653 1425 1719 mag.
1450 1634 1483 1699 in
1508 1635 1622 1715 theol,

268 1737 310 1802 de
327 1758 398 1803 can.
415 1744 449 1801 et
465 1738 555 1821 preb.
572 1735 603 1801 S.
620 1735 734 1801 Crucis
750 1734 908 1800 Leodien.
926 1755 998 1801 vac.
1015 1755 1073 1820 per
1084 1745 1228 1801 mortem
1245 1736 1352 1823 Egidii
1365 1737 1445 1804 dicti
1461 1739 1503 1804 de
1519 1740 1588 1804 Ora
1600 1754 1622 1804 ³.

314 1840 507 2010 Iliitrllain.
525 1966 542 2009 2
559 1943 626 2009 kal.
644 1963 718 2028 aug.
735 1950 767 2007 a⁰
787 1950 847 2008 10⁰.
865 1944 935 2027 (21,
953 1944 1020 2027 90).

321 2080 636 2163 2244-2248.
1294 2115 1388 2179 1351,
1401 2116 1445 2181 31
1451 2097 1578 2179 juillet.

314 2200 459 2265 Rutulus
475 2204 763 2287 corfirrrmtr'onum
781 2200 977 2262 arrrlorr'tate
991 2199 1174 2263 ordinaria.

315 2303 414 2369 Pater
430 2304 494 2369 S¹¹¹⁰.
512 2302 735 2389 Dignemini...
753 2302 983 2367 confirmare...

314 2407 400 2473 Item
418 2408 635 2474 collationem
651 2406 774 2473 factam
792 2404 942 2471 Henrico
959 2404 1006 2469 Le
1022 2404 1155 2472 Blavier
1167 2408 1287 2492 juniori
1303 2427 1316 2463 ⁴
1331 2408 1373 2473 de
1396 2428 1470 2474 can.
1483 2417 1518 2473 et
1532 2410 1624 2494 preb.

271 2512 302 2578 S.
320 2510 459 2578 Dionisii
478 2510 636 2577 Leodien.
652 2530 726 2575 vac.
742 2530 801 2595 per
816 2508 1076 2593 resignationem
1092 2530 1193 2575 causa
1208 2513 1474 2596 permutationis.

314 2616 401 2683 Item
418 2617 632 2683 collationem
649 2616 774 2681 factam
791 2613 963 2680 Bernardo
977 2615 1019 2681 de
1037 2614 1148 2699 Egher
1163 2628 1175 2665 ⁵
1190 2616 1232 2682 de
1254 2637 1347 2704 perp.
1364 2617 1526 2703 capellan.
1541 2616 1624 2680 alta-

268 2722 312 2786 ris
328 2721 382 2787 SS.
410 2720 581 2787 Laurentii
609 2727 644 2785 et
670 2718 819 2804 Gregorii
845 2717 908 2783 sita
933 2718 967 2782 in
994 2718 1111 2803 capell.
1139 2718 1171 2785 S.
1188 2718 1363 2786 Trinitatis
1377 2719 1467 2785 dicte
1483 2719 1624 2784 ecclesie

271 2826 303 2893 S.
320 2825 461 2892 Dionisii
478 2824 638 2892 Leodien.
653 2845 726 2890 vac.
742 2843 802 2910 per
816 2822 1076 2908 resignationem
1093 2843 1191 2888 causa
1206 2823 1472 2910 permutationis

198 3001 202 3012 ,
314 2930 401 2996 Item
429 2929 644 2995 collationem
663 2929 793 2993 'factam
819 2926 969 2992 Henrico
995 2925 1042 2991 Le
1068 2927 1228 2993 Blavier⁶
1253 2929 1296 2994 de
1322 2929 1485 3015 capellan.
1511 2927 1626 2992 altaris

269 3034 307 3100 B.
325 3032 375 3099 M.
390 3034 624 3098 miraculorum
642 3034 674 3097 in
690 3033 831 3098 ecclesia
856 3031 1047 3097 monasterii
1075 3033 1105 3097 S.
1134 3030 1304 3098 Laurentii
1330 3053 1435 3119 prope
1462 3030 1626 3096 Leodium

263 3155 347 3205 vac.
362 3138 475 3224 [simili
492 3137 623 3223 modo].
641 3139 711 3219 (21,
730 3139 812 3220 99‘).

315 3279 427 3342 2245.
445 3275 533 3342 Item
549 3276 763 3342 collationem
780 3276 905 3340 factam
922 3274 1072 3341 Waltero
1100 3274 1232 3340 Hiemis
1255 3275 1297 3342 de
1324 3275 1460 3362 paroch.
1485 3274 1627 3340 ecclesia

270 3380 314 3447 de
331 3378 434 3459 Orka,
451 3378 637 3444 Tomacen.
653 3379 750 3460 dioc,
766 3401 838 3446 vac.
848 3400 907 3465 per
917 3379 1173 3464 resignationem
1183 3380 1269 3444 inter
1284 3380 1392 3465 ipsum
1408 3387 1442 3444 et
1457 3379 1626 3444 Andream

272 3482 399 3548 dictum
417 3481 556 3563 Hasoul,
573 3481 627 3566 qui
644 3482 734 3568 prius
748 3504 822 3550 eam
840 3485 1014 3549 obtinebat
1029 3505 1070 3548 ex
1086 3504 1187 3550 causa
1202 3483 1467 3570 permutationis.

315 3586 402 3652 Item
419 3587 633 3653 collationem
649 3588 775 3654 factam
791 3588 926 3655 Andree
942 3588 1034 3654 dicto
1051 3587 1180 3654 Hasoul
1192 3589 1234 3653 de
1249 3589 1384 3674 paroch.
1401 3589 1482 3653 eccl.
1493 3587 1524 3652 S.
1536 3585 1626 3651 Mar-

270 3691 397 3776 guerite
412 3690 600 3756 Tomacen.
617 3712 675 3777 per
690 3691 949 3776 resignationem
966 3686 1123 3756 excausa
1146 3692 1401 3778 permutationis
1416 3692 1501 3756 inter
1517 3691 1625 3776 ipsum

272 3805 306 3860 et
322 3794 506 3860 Walterum
525 3792 666 3861 Hiemis.

316 3897 402 3963 Item
419 3899 632 3965 collationem
648 3900 771 3965 factam
788 3899 920 3964 Thorne
936 3899 978 3965 de
995 3898 1162 3964 Bellovisu
1178 3910 1188 3943 ⁷
1204 3899 1246 3964 de
1261 3899 1387 3984 paroch
1403 3899 1485 3964 eccl.
1496 3897 1526 3963 S.
1541 3895 1628 3962 Piati

271 4003 456 4086 Tomacen.
472 4024 544 4070 vac.
560 4025 620 4090 per
635 4005 896 4089 resignationem
912 4026 954 4068 ex
971 4024 1072 4069 causa
1088 4001 1343 4089 permutationis
1359 4002 1444 4067 inter
1459 4001 1567 4087 ipsum
1591 4010 1630 4066 et

272 4106 458 4173 Walterum
475 4107 617 4190 Hiemis,
631 4109 685 4194 qui
701 4109 791 4194 prius
814 4108 923 4196 [eam]
942 4109 1127 4174 obtinebat.
1145 4109 1217 4192 (21,
1237 4109 1323 4190 101).

315 4247 425 4312 2246.
442 4245 529 4312 Item
546 4247 761 4313 collationem
778 4247 900 4314 factam
919 4246 1078 4313 Michaeli
1095 4247 1187 4312 dicto
1202 4245 1244 4310 de
1268 4243 1422 4309 Oestzele
1448 4241 1491 4308 de
1513 4242 1626 4309 soluto

270 4351 384 4435 genito
400 4358 434 4416 et
450 4353 559 4416 soluta
573 4351 616 4416 de
630 4353 767 4438 paroch.
784 4353 925 4418 ecclesia
941 4353 983 4416 de
1000 4350 1101 4417 Nova
1121 4349 1273 4429 ecclesia,
1293 4349 1509 4414 Cameracen.
1526 4347 1625 4426 dioc,

270 4474 342 4519 vac.
358 4475 417 4539 per
432 4455 691 4539 resignationem
708 4476 749 4520 ex
765 4475 863 4521 causa
878 4455 1134 4541 pemrutationis
1149 4454 1235 4517 inter
1259 4453 1366 4538 ipsum
1382 4460 1417 4517 et
1432 4450 1451 4529 J
1455 4451 1624 4516 ohannem

269 4557 396 4623 dictum
413 4558 534 4644 Scomp
551 4579 626 4624 curn
643 4558 788 4642 quadam
804 4560 1106 4645 capellaniaquam
1122 4556 1210 4621 idern
1229 4555 1375 4621 Michael
1391 4555 1479 4641 prius
1495 4555 1627 4620 obtine-

269 4663 327 4726 bat
342 4663 375 4726 in
392 4663 473 4727 eccl.
491 4660 730 4744 Rothnacensi,
747 4663 836 4728 dicte
852 4664 938 4728 dioc.

303 4813 325 4858 r.
339 4810 399 4857 ron
410 4825 435 4858 n.
448 4813 501 4869 roo,
515 4814 569 4860 222.
582 4839 612 4848 -
630 4815 652 4858 2.
666 4812 728 4858 ron
740 4826 764 4859 n.
777 4815 802 4858 ar
811 4813 830 4870 r,
844 4814 897 4868 sac,
913 4813 983 4858 rasa.
997 4839 1027 4845 -
1045 4813 1067 4858 a
1081 4811 1142 4857 von
1153 4823 1178 4857 n.
1191 4811 1262 4856 2228.
1276 4838 1308 4846 -
1325 4811 1347 4858 r.
1359 4810 1420 4857 von
1432 4824 1457 4858 n.
1470 4809 1539 4861 arsa.
1552 4809 1626 4855 rosa

268 4911 300 4919 -
312 4887 333 4932 5.
346 4884 407 4931 VoIr
419 4898 444 4932 n.
457 4887 526 4944 2000,
540 4888 612 4933 2150.
623 4914 653 4920 -
666 4889 687 4934 0,
701 4885 761 4932 l'oir
774 4886 831 4947 plus
843 4887 914 4934 haut.
927 4913 958 4922 -
971 4887 993 4933 7.
1007 4883 1107 4932 Decede
1119 4884 1142 4931 le
1153 4887 1184 4930 20
1196 4882 1281 4944 juillet
1298 4883 1358 4929 laus
1370 4881 1439 4940 (Vos.
1452 4881 1589 4938 Puram,
1606 4881 1625 4932 l.

268 4958 316 5016 76).
329 4957 364 5005 Le
381 4956 513 5019 necrologe
524 4959 555 5006 de
569 4959 701 5006 8¹·llartin
713 4959 745 5006 tle
758 4959 868 5006 Tournai
889 4961 937 5006 fait
957 4960 1078 5015 mention,
1098 4973 1132 5005 an
1152 4959 1183 5004 30
1202 4957 1295 5018 juillet,
1316 4957 1349 5004 rle
1365 4955 1459 5004 maltre
1470 4955 1579 5002 Thomas
1591 4955 1626 5003 de

268 5031 377 5090 Bicera,
390 5030 450 5080 cure
461 5031 494 5080 do
507 5033 598 5081 S¹-Pint
612 5031 743 5094 (Berlibre
762 5033 913 5080 Documenta
925 5032 1021 5091 maru,
1035 5033 1054 5090 Ι,
1066 5046 1091 5094 p.
1104 5032 1169 5093 202).
