3650 5675
300 454 356 519 146
807 456 893 529 1344,
918 455 1013 519 21-24
1030 455 1159 536 janvier.

300 606 413 671 sedem
429 615 536 691 apost.
553 607 642 672 aliud
658 607 861 686 ordinatum,
879 614 913 670 et
937 606 1079 672 durante
1106 608 1198 673 dicto
1213 616 1366 693 ternpore
1383 610 1430 674 eis
1446 611 1662 677 concedimus

300 710 519 795 privilegiam
536 712 642 796 prima
656 720 690 776 et
713 710 860 777 secunda
875 708 1119 793 supplicatione
1133 718 1303 775 contenta.
1318 710 1357 777 R.

344 815 421 879 Dat.
437 816 537 880 Avin.
558 836 593 880 12
611 815 678 881 kal.
695 816 776 881 febr.
793 823 826 880 a⁰
844 822 885 879 2⁰.
910 815 959 897 (3,
976 811 1013 913 P.
1031 812 1076 894 ll,
1097 815 1184 897 137).

351 952 466 1037 635
1309 984 1403 1049 1344,
1421 986 1461 1029 21
1472 964 1615 1046 jaruu'er.

342 1071 442 1155 Supp.
470 1069 638 1148 Jordanus
662 1068 703 1133 de
729 1069 760 1134 S.
788 1068 964 1153 Dionysio,
981 1074 1071 1150 quat.
1097 1066 1157 1132 sibi
1185 1067 1227 1131 de
1254 1088 1327 1133 can.
1353 1075 1387 1132 et
1411 1073 1502 1154 preb.
1529 1072 1610 1135 eccl.
1627 1069 1658 1133 S.

298 1172 475 1258 Gangerici
492 1173 721 1252 Cameracen,
738 1194 812 1237 rac.
839 1173 873 1236 in
890 1193 958 1237 cur.
985 1192 1044 1258 per
1071 1171 1126 1236 lib.
1151 1170 1412 1256 resignationem
1440 1172 1594 1256 Hugonis
1617 1173 1659 1237 de

297 1274 467 1362 Tayneria
485 1284 505 1358 ¹,
530 1278 617 1357 cler,
635 1284 716 1341 tunc
733 1276 841 1342 dictos
857 1297 933 1341 can.
950 1284 984 1340 et
999 1278 1091 1361 preb.
1108 1275 1301 1355 obtinentis,
1318 1275 1444 1341 factam
1457 1277 1489 1340 in
1507 1278 1660 1342 manibus

297 1401 373 1445 ren.
390 1381 520 1447 dom...
541 1383 616 1445 abb.
634 1380 665 1446 S.
678 1377 1139 1464 JolrannisAngeliacensis²,
1157 1385 1191 1443 et
1201 1399 1261 1464 per
1273 1378 1381 1464 ipsum
1393 1378 1435 1444 de
1447 1380 1611 1445 mandato
1626 1380 1658 1444 S.

296 1485 444 1568 ejusdem
462 1485 650 1564 admissam,
667 1484 775 1549 eidem
791 1483 975 1568 dignemini
992 1482 1168 1567 providere
1183 1505 1191 1562 ;
1208 1503 1277 1547 non
1294 1485 1381 1548 obst.
1398 1482 1488 1567 quod
1503 1484 1656 1569 parrocb.

297 1591 378 1653 ecel.
395 1588 436 1654 de
453 1588 686 1668 Calidobecco,
716 1587 962 1671 Rothomagen.
989 1586 1087 1666 dioc,
1113 1594 1147 1651 et
1174 1607 1248 1652 can.
1276 1588 1336 1651 sub
1357 1607 1431 1671 exp.
1458 1590 1550 1671 preb.
1575 1590 1657 1653 eccl.

297 1691 549 1758 Claromonten.
578 1692 729 1758 obtinere
768 1699 937 1756 noscatur.
963 1731 1006 1739 —
1032 1683 1229 1775 Resignavit
1257 1710 1315 1775 per
1342 1701 1592 1775 procuratorem
1623 1692 1655 1756 in

295 1796 451 1862 manibus
467 1797 600 1879 nostris.
617 1836 660 1845 -
676 1794 753 1860 Fiat
771 1794 810 1859 R.

340 1899 417 1964 Dat.
434 1900 534 1965 Avin.
555 1921 591 1965 12
609 1899 675 1964 kal.
693 1899 771 1964 lebr.
788 1907 821 1963 a⁰
839 1906 879 1963 2⁰.
905 1899 953 1980 (3,
971 1896 1008 1963 P.
1025 1896 1070 1977 II,
1091 1897 1179 1981 141).

347 2034 463 2120 636.
1306 2071 1400 2135 1344,
1417 2073 1457 2116 21
1468 2050 1610 2132 janm'er.

338 2152 438 2239 Supp.
467 2153 593 2233 Petrus,
619 2155 719 2239 episc.
750 2151 946 2239 Lincopen,
970 2154 1012 2219 de
1039 2174 1143 2238 regno
1169 2154 1291 2236 Suetie,
1319 2163 1409 2238 quat.
1437 2154 1547 2235 Petr0,
1573 2167 1655 2222 nato

294 2254 384 2320 Petri
407 2257 488 2323 dicti
506 2256 672 2343 Flarningi
689 2256 731 2322 de
747 2257 864 2341 Brugis
880 2270 901 2337 ³,
928 2259 1005 2323 cler.
1017 2255 1206 2322 Tornacen.
1229 2255 1326 2338 dioc,
1343 2259 1460 2324 scolari
1486 2259 1655 2334 Parisien.,

293 2358 335 2423 de
352 2380 425 2425 can.
443 2362 523 2425 eccl.
541 2360 572 2425 S.
584 2360 766 2426 salvatoris
781 2361 1044 2441 Arlebeccensis,
1055 2360 1145 2426 dicte
1157 2360 1346 2427 Tornacen.
1362 2362 1459 2443 dioc,
1472 2364 1653 2448 dignemini

292 2464 467 2548 providere
483 2489 491 2545 ;
508 2468 601 2550 preb.
629 2464 662 2529 in
690 2464 780 2530 dicta
805 2465 897 2546 eccl,
918 2464 1009 2550 [rac.
1037 2465 1091 2529 vel
1108 2462 1246 2551 vacat.],
1273 2464 1382 2530 eidem
1407 2467 1654 2544 conferendam,

292 2566 467 2634 donationi
484 2579 591 2654 apost.
608 2578 814 2634 reservantes
829 2593 837 2649 3
865 2591 933 2635 non
960 2572 1045 2635 obst.
1073 2568 1164 2653 quod
1191 2569 1280 2634 idern
1305 2568 1424 2635 Petrus
1438 2590 1499 2656 pro
1515 2591 1604 2636 nunc
1619 2571 1653 2635 in

291 2672 322 2737 S.
340 2671 378 2737 V.
396 2674 484 2738 curia
502 2694 569 2737 non
586 2673 628 2738 sit
644 2686 789 2759 presens,
801 2682 835 2739 et
848 2673 939 2757 quod
948 2693 995 2757 gr.
1006 2673 1049 2737 de
1062 2693 1135 2738 can.
1147 2675 1206 2737 sub
1217 2694 1292 2758 exp.
1302 2676 1394 2759 preb.
1410 2674 1442 2738 in
1460 2675 1540 2740 eccl.
1557 2674 1588 2738 S.
1602 2672 1651 2737 M.

291 2776 530 2858 Curtracensis,
552 2778 641 2844 dicte
658 2778 844 2845 Tornacen.
857 2778 955 2859 dioc,
972 2777 1081 2844 aliasa
1098 2776 1128 2842 S.
1146 2776 1175 2839 V
1178 2827 1196 2858 .,
1213 2776 1257 2842 ad
1272 2778 1549 2864 supplicationem
1569 2775 1649 2842 dicti

290 2880 402 2964 episc,
419 2881 516 2945 fuerit
532 2891 741 2964 consecutus,
759 2885 821 2963 cui,
835 2883 982 2950 secunda
994 2903 1041 2967 gr.
1059 2885 1210 2962 obtenta,
1226 2888 1361 2968 paratus
1373 2889 1424 2946 est
1449 2881 1647 2958 renuntiare,

290 3003 365 3048 cum
382 2984 500 3049 eadem
515 3007 562 3070 gr.
579 2986 688 3052 eidem
705 2986 806 3051 Petro
822 2988 864 3051 sit
880 2986 972 3071 quasi
991 2986 1125 3066 inutilis,
1136 3007 1178 3049 ex
1193 3006 1235 3050 eo
1246 2983 1336 3068 quod
1351 2985 1384 3047 in
1401 2984 1490 3048 dicta
1506 2984 1587 3048 eccl.
1616 2983 1646 3046 S.

291 3083 339 3150 M.
368 3086 595 3154 Curtracensis
619 3089 683 3154 due
710 3098 843 3155 tanturn
869 3090 1039 3176 prebende
1064 3089 1108 3154 ad
1135 3089 1231 3155 coll...
1257 3107 1399 3172 persone
1423 3085 1647 3152 ecclesiastice

288 3191 467 3274 pertinent,
496 3194 615 3259 ceteris
641 3195 790 3278 ejusdem
816 3195 898 3260 eccl.
930 3194 1109 3281 prebendis
1139 3191 1382 3279 pertinentibus
1411 3191 1454 3256 ad
1478 3198 1648 3277 presenta-

288 3293 415 3358 tionem
432 3297 589 3382 principis
605 3299 771 3365 secularis.
789 3299 849 3365 Est
876 3302 980 3365 etiam
1006 3298 1040 3364 in
1057 3299 1128 3385 ipsa
1144 3299 1226 3364 eccl.
1242 3297 1453 3362 Curtracensi
1478 3297 1563 3362 alius
1588 3299 1648 3361 sub

287 3398 451 3464 consimili
469 3400 574 3467 forma
586 3403 779 3489 impetrans,
796 3403 923 3470 dictum
941 3404 1078 3469 Petrum
1095 3404 1128 3468 in
1143 3403 1225 3468 data
1240 3401 1422 3489 precedens
1437 3424 1446 3480 ;
1463 3421 1527 3485 que
1539 3399 1648 3466 dictus

287 3502 480 3586 supplicans
496 3513 577 3571 tunc
593 3507 726 3592 penitus
743 3509 928 3593 ignorabat.
943 3513 987 3558 -’-
1003 3507 1079 3573 Fiat
1097 3507 1136 3573 R.

331 3605 411 3672 Dat.
426 3608 526 3676 Avin.
547 3631 583 3674 12
601 3610 667 3677 kal.
683 3611 764 3678 febr.
782 3621 815 3678 a⁰
832 3622 873 3679 2⁰.
892 3615 940 3697 (3,
960 3613 997 3679 P.
1016 3611 1060 3692 II,
1081 3612 1168 3696 142).

339 3743 452 3829 637.
1295 3784 1390 3848 1344,
1406 3784 1447 3826 22
1458 3761 1602 3842 janaier.

329 3861 383 3926 8⁸¹⁰
408 3862 444 3928 P.
470 3863 602 3930 Pridem
629 3867 659 3932 S.
685 3867 735 3946 V,
758 3869 800 3933 ad
825 3869 1024 3934 instantiam
1047 3870 1086 3935 fr.
1110 3868 1300 3948 Alamanni,
1322 3866 1422 3951 episC.
1441 3863 1607 3957 lllutinen.
1624 3882 1644 3941 ⁴,

284 3966 521 4032 ambaxiatoris
537 3968 630 4034 ducis
654 3973 894 4054 Acthenarum,
915 3975 995 4038 nob.
1010 3972 1090 4039 viris
1110 3973 1289 4058 nepotibus
1312 3971 1378 4035 suis
1393 3968 1581 4053 Augustino
1602 3966 1644 4031 de

283 4087 357 4132 can.
374 4076 408 4133 et
420 4074 512 4155 preb.
529 4071 882 4154 Parmen.,Lud0vic0
905 4077 947 4141 de
973 4078 1182 4163 prepositura
1207 4076 1250 4140 de
1273 4074 1384 4158 Burgo
1400 4073 1431 4137 S.
1448 4071 1643 4157 Dompnini,

282 4169 436 4238 Parmen.
453 4173 550 4256 dioc,
567 4184 602 4240 et
617 4176 801 4243 Tlromasio
815 4179 858 4244 de
875 4201 950 4244 can.
966 4189 1001 4244 et
1016 4183 1109 4266 preb.
1121 4180 1329 4265 Pergamen,
1345 4196 1419 4242 vac.
1431 4197 1492 4262 per
1500 4183 1643 4241 mortem

280 4275 369 4341 (lom.
386 4275 416 4342 T
417 4281 609 4345 ornacensis
626 4297 646 4359 ⁵,
663 4283 808 4366 gratiose
824 4283 1025 4369 providit...

292 4479 295 4484 Ι
324 4396 402 4463 Dat.
418 4399 519 4464 Avin.
540 4421 572 4464 11
593 4399 659 4468 kal.
677 4403 756 4468 febr.
774 4411 807 4468 a⁰
824 4411 865 4470 2⁰.
891 4405 939 4488 (3,
957 4403 994 4470 P.
1011 4403 1057 4486 II,
1078 4407 1165 4491 143).

332 4531 444 4618 638·
946 4621 952 4630 ,
1289 4574 1385 4638 1344,
1402 4574 1442 4636 24
1453 4550 1597 4632 janvier.

322 4648 423 4735 Supp.
440 4652 581 4716 servitor
598 4660 707 4719 vester
723 4664 758 4720 et
772 4656 975 4742 pelliparius,
991 4657 1279 4724 Walterusdictus
1289 4656 1394 4722 Gorre
1409 4656 1451 4721 de
1467 4654 1609 4739 Tongris
1620 4653 1641 4729 ⁶,

283 4761 521 4772 ——.

311 4815 332 4861 1.
345 4813 407 4862 Voir·
418 4829 442 4862 n.
457 4815 555 4862 1711-
574 4817 596 4862 2.
616 4815 751 4875 llaymonrl
771 4817 966 4878 ‹l'lligrefeuille
986 4819 1074 4881 (Gau.
1091 4821 1185 4879 ebriat,
1199 4820 1234 4878 11,
1249 4819 1377 4881 11114).μ
1396 4819 1419 4866 3.
1431 4817 1494 4866 l'oir
1504 4831 1529 4864 n.
1542 4817 1606 4863 449:
1628 4843 1641 4848 -

278 4887 300 4934 l.
312 4885 374 4934 l'olr
385 4901 410 4935 n.
422 4889 477 4936 llll.
490 4916 520 4922 —-
532 4891 555 4938 ῡ.
568 4888 655 4936 Andre
668 4889 755 4939 Gbini.
765 4919 795 4925 --
814 4894 837 4939 6.
856 4893 918 4940 Voir
928 4907 954 4942 n.
969 4895 1022 4942 190.
