3650 5675
708 507 795 580 1342,
818 507 910 570 21-22
933 508 1060 574 octobre.
1523 515 1563 579 57

202 659 400 726 confessoris
414 659 654 726 festivitatibus
668 660 801 741 devote,
826 667 862 725 et
887 681 948 747 per
970 683 1086 728 eorum
1111 673 1257 747 octavas,
1284 666 1504 748 visitantibus,
1530 676 1564 734 et

201 783 320 828 manus
334 763 514 848 adjutrices
528 764 782 850 porrigentibus,
798 783 903 830 unum
918 785 1044 831 annum
1060 776 1095 832 et
1110 789 1152 852 40
1167 769 1239 836 dies
1264 770 1307 835 de
1333 771 1491 856 injunctis
1517 773 1565 838 eis

201 865 397 952 penitentiis
411 866 668 933 misericorditer
682 869 830 932 relaxare
844 866 1039 952 dignemini.
1062 911 1105 920 -
1131 869 1206 938 Fiat
1229 873 1272 940 de
1301 893 1361 939 roo
1387 874 1504 941 diebus
1530 876 1562 940 in

201 968 448 1050 festivitatibus,
464 977 500 1035 et
513 969 556 1035 de
579 991 621 1054 40
636 971 671 1036 in
687 971 829 1052 octavis,
844 971 887 1037 ad
902 993 961 1038 sex
976 993 1092 1040 annos.
1111 974 1151 1042 R.
1167 1016 1210 1026 -
1226 976 1303 1042 Fiat
1320 977 1358 1042 R.

247 1073 327 1140 Dat.
343 1074 442 1139 Avin.
463 1094 499 1158 15
517 1073 585 1140 kal.
600 1095 679 1141 nov.
695 1082 728 1140 a⁰
747 1082 787 1140 1⁰.
804 1075 848 1159 (Ι,
866 1077 957 1160 276).

253 1230 357 1311 271.
1212 1269 1307 1334 1342,
1324 1271 1365 1314 21
1382 1252 1520 1316 octobre.

245 1350 348 1436 Supp.
363 1348 384 1426 J
387 1350 538 1415 ohannes
552 1350 594 1416 de
610 1349 787 1435 Ailhyaco,
805 1347 986 1416 Belvacen.
1002 1351 1089 1417 dioc.
1105 1355 1224 1437 presb„
1241 1361 1331 1437 quat.
1348 1353 1408 1418 sibi
1425 1354 1468 1419 de
1490 1375 1563 1421 can.

201 1455 283 1520 eccl.
300 1452 495 1520 Laudunen.
510 1451 694 1538 dignemini
710 1453 896 1539 providere,
913 1460 949 1518 et
964 1456 1055 1540 preb.
1072 1474 1249 1537 reservare,
1266 1477 1334 1521 non
1362 1459 1447 1522 obst.
1474 1458 1564 1542 quod

201 1579 275 1624 can.
290 1569 326 1622 et
341 1560 433 1645 preb.
448 1557 532 1624 eccl.
547 1557 579 1622 S.
596 1557 732 1623 Vedasti
748 1555 962 1643 Belv(acen.)
978 1559 1286 1644 parrochialemque
1299 1561 1380 1626 ecel.
1401 1560 1433 1625 S.
1450 1560 1563 1626 Salva-

200 1663 283 1727 toris
297 1659 558 1745 Belv(aoen.)ac
573 1662 691 1747 capell.
706 1681 800 1747 perp.
816 1659 855 1726 B.
860 1659 881 1737 J
883 1661 1027 1726 ohannis
1041 1662 1084 1728 de
1093 1661 1453 1748 Triogallo,Belvacen.
1465 1664 1562 1745 dioc„

201 1766 353 1831 obtinere
369 1772 526 1831 noscatur
539 1805 584 1814 —
598 1767 654 1830 vel
669 1765 704 1830 in
719 1766 801 1831 eccl.
819 1763 988 1833 Morinen.
1003 1807 1047 1816 —
1063 1765 1138 1832 Fiat
1156 1765 1196 1833 R.

246 1869 324 1938 Dat.
339 1869 440 1933 Avin.
460 1887 496 1932 12
513 1867 581 1934 kal.
596 1887 676 1934 nov.
691 1875 724 1933 a⁰
744 1876 783 1935 1⁰.
800 1866 845 1952 (1,
863 1869 957 1952 276')
971 1880 993 1935 ¹.

252 2008 490 2090 272-274.
1153 2045 1249 2108 1342,
1266 2045 1364 2090 21-22
1382 2026 1519 2089 octobre.

245 2128 347 2214 Supp.
364 2126 524 2192 Hanonie
540 2147 664 2209 comeS,
692 2134 783 2211 quat.
799 2127 876 2193 cler.
901 2137 936 2192 et
964 2127 1151 2194 consiliario
1176 2149 1246 2210 sun,
1273 2149 1313 2194 ac
1337 2136 1561 2215 proventuum

201 2243 362 2297 terrarum
382 2230 463 2296 dicti
488 2230 622 2297 comitis
637 2231 813 2316 receptori,
840 2230 941 2297 Petro
965 2231 1008 2296 de
1034 2232 1168 2318 Haye²,
1193 2232 1333 2298 decan.
1359 2232 1392 2296 in
1420 2232 1502 2298 ecel
1530 2232 1562 2297 S.

200 2335 380 2410 Salvatoris
395 2333 582 2419 Trajecten.
598 2334 781 2420 dignemini
802 2336 988 2420 providere,
1002 2340 1094 2422 preb.
1107 2357 1250 2421 quoqne,
1264 2337 1350 2421 [vac.
1363 2337 1418 2401 vel
1426 2336 1560 2419 vacat.],

200 2439 437 2504 conferendam
452 2437 561 2504 eidem
585 2436 696 2519 Petro,
723 2437 907 2523 dignemini
932 2460 1099 2506 reservare
1111 2462 1120 2522 ;
1146 2460 1214 2506 non
1241 2443 1326 2506 obst.
1353 2440 1443 2524 quod
1473 2439 1561 2504 idem

201 2543 317 2609 Petrus
332 2565 407 2610 can.
422 2551 458 2609 et
473 2545 565 2630 preb.
582 2543 616 2606 in
632 2544 714 2608 eccl.
730 2542 762 2617 S,
779 2542 868 2609 Petri
884 2544 926 2610 de
955 2542 992 2607 M
998 2543 1170 2624 idilbruch‚
1186 2551 1221 2608 et
1236 2545 1318 2610 eccl.
1342 2543 1494 2629 parroch.
1519 2543 1560 2608 de

200 2645 414 2732 Clotinghen,
429 2645 617 2732 Trajecten.
633 2646 730 2726 dioc,
747 2656 782 2712 et
797 2647 961 2733 capellam
978 2645 1009 2713 S.
1026 2646 1159 2730 Georgii
1176 2646 1210 2710 in
1233 2648 1315 2712 ecel.
1340 2645 1379 2712 B.
1405 2645 1455 2713 M.
1482 2645 1561 2712 Tra-

199 2750 331 2830 iecten„
347 2771 387 2816 ac
403 2771 476 2816 can.
493 2757 528 2814 et
543 2752 636 2836 preb.
652 2749 686 2814 in
702 2749 822 2816 eadem
838 2750 921 2816 eccl.
937 2750 1085 2815 noscitur
1101 2748 1253 2815 obtinere
1268 2770 1277 2828 ;
1303 2769 1403 2832 quam
1427 2747 1561 2833 quidem

199 2858 374 2941 capellam,
404 2864 583 2940 postquam
620 2855 786 2921 dictorum
816 2874 892 2921 can.
923 2864 958 2919 et
987 2857 1080 2940 preb.
1110 2853 1355 2939 possessionem
1385 2852 1561 2939 pacificam

200 2960 298 3025 luerit
312 2967 492 3038 assecutus,
508 2957 678 3024 dimittere
694 2966 746 3024 est
760 2967 907 3043 paratus.
925 2956 1005 3024 Non
1022 2962 1107 3025 obst.
1124 2958 1365 3024 consuetudine
1374 2978 1433 3023 seu
1451 2960 1561 3024 obser-

201 3064 323 3146 vantia,
339 3065 429 3149 quod
444 3083 546 3128 nemo
560 3062 779 3129 beneficiatus
794 3062 828 3126 in
844 3062 983 3128 civitate
999 3060 1197 3147 Trajecten.,
1213 3062 1276 3127 nisi
1292 3061 1390 3126 firerit
1415 3062 1562 3147 prelatus

199 3168 234 3231 in
250 3167 360 3251 aliqua
375 3166 600 3243 ecclesiarum,
616 3165 698 3231 duas
712 3168 805 3251 preb.
821 3166 855 3230 in
871 3166 963 3231 dicta
980 3166 1117 3232 civitate
1143 3165 1295 3231 obtinere
1319 3172 1432 3251 potest
1447 3188 1455 3246 ;
1484 3148 1560 3231 cuin

199 3273 274 3338 aliis
287 3292 355 3339 non
372 3271 583 3338 obstantibus
597 3279 662 3335 etc.
680 3268 816 3334 —Fiat
833 3267 873 3335 R.

244 3435 325 3494 273.
351 3426 439 3493 Item
454 3448 550 3513 supp.
566 3427 655 3493 idem
683 3446 806 3506 comes,
823 3435 915 3510 quat.
932 3424 951 3503 J
955 3426 1079 3491 ohanni
1095 3424 1138 3491 de
1161 3424 1260 3491 Donc
1270 3435 1291 3507 ³,
1308 3427 1386 3491 cler.
1411 3434 1445 3492 et
1472 3426 1560 3492 fideli

202 3553 273 3612 suo,
287 3532 430 3596 similem
445 3550 492 3615 gr.
509 3530 619 3596 facere
634 3529 815 3615 dignemini
833 3529 865 3592 in
882 3529 965 3595 eccl.
981 3529 1181 3613 Trajecten„
1191 3549 1261 3596 non
1273 3533 1358 3597 obst.
1371 3531 1461 3616 quod
1472 3532 1561 3597 idem

203 3636 341 3701 clericus
355 3635 523 3719 capellam
538 3634 671 3699 comitis
694 3634 726 3697 in
753 3633 895 3698 ecclesia
922 3632 964 3697 de
990 3631 1221 3718 Reynsburch‚
1248 3632 1437 3720 Trajecten.
1465 3634 1561 3715 dioc,

203 3740 350 3804 noscitur
365 3737 517 3805 obtinere
532 3760 541 3818 ;
558 3759 634 3803 cum
651 3735 807 3802 clausulis
822 3736 1029 3821 supradictis,
1044 3776 1088 3787 —
1104 3736 1181 3803 Fiat
1198 3736 1238 3804 R.

246 3843 326 3908 Dat.
341 3841 442 3906 Avin.
463 3862 499 3905 12
516 3840 584 3906 kal.
600 3861 679 3905 nov.
696 3849 728 3905 a⁰
748 3848 787 3905 1⁰.

245 4006 331 4065 274.
355 3996 496 4083 Insuper
510 4018 606 4083 supp.
624 3995 807 4063 Niccolaus
823 3997 927 4082 Stuyc
936 4008 957 4077 ⁴,
981 3996 1190 4063 ambasiator
1203 3996 1370 4062 dictorum
1383 3997 1516 4063 comitis
1527 4008 1561 4063 et

201 4103 304 4183 ducis,
320 4110 410 4186 quat.
427 4100 538 4183 Petro,
554 4102 624 4166 filio
639 4100 759 4178 Jacobi
775 4100 818 4165 de
836 4100 1041 4181 Riederbart‚
1057 4100 1173 4185 nepoti
1198 4120 1258 4166 suo
1268 4107 1289 4181 ⁵,
1314 4100 1403 4181 cler„
1419 4100 1561 4165 similem

201 4226 249 4291 gr.
273 4205 383 4273 iacere
407 4206 588 4290 dignemini
613 4206 648 4271 in
674 4206 756 4271 eccl.
783 4205 984 4289 l'rajecten.,
1012 4224 1088 4269 cum
1115 4204 1268 4269 clausulis
1291 4203 1498 4290 supradictis.
1519 4244 1561 4253 —

205 4306 291 4389 Fiat,
308 4310 367 4375 sed
381 4308 424 4375 de
439 4308 518 4374 data
535 4308 705 4393 sequentis
720 4308 797 4374 diei.
814 4308 855 4374 R.

248 4412 324 4478 bat.
341 4413 442 4477 Avin.
463 4432 497 4475 11
513 4411 583 4479 kal.
600 4433 678 4477 nov.
695 4422 727 4475 a⁰
748 4422 786 4476 1''.
803 4412 847 4490 (l,
866 4419 955 4494 275).

237 4655 257 4702 1.
268 4653 308 4702 On
321 4659 413 4702 trouve
424 4655 440 4701 ia
451 4652 546 4702 lndste
558 4654 593 4701 du
607 4656 636 4703 19
648 4654 753 4703 octobre
765 4655 796 4714 (1,
810 4654 1192 4715 276)unedemandede1.ouis
1203 4654 1233 4703 do
1245 4655 1409 4704 Saoroeeaare
1419 4656 1562 4715 (sinceris.)

202 4726 280 4784 cher„
292 4742 324 4775 en
343 4727 435 4775 invent
453 4726 486 4775 de
505 4728 571 4777 Jean
590 4728 687 4775 Rsbuti
708 4728 741 4776 de
761 4728 839 4787 Mota,
858 4743 904 4775 son
924 4728 1065 4791 chemlam,
1085 4730 1130 4789 qui
1148 4742 1165 4777 o
1183 4728 1328 4791 egolement
1347 4731 1413 4777 servi
1434 4744 1479 4777 son
1497 4729 1563 4778 trem

202 4798 300 4859 desunt,
321 4800 376 4859 Tb,
391 4800 433 4849 eiu
453 4801 486 4850 de
504 4802 622 4862 Tonrnoi,
643 4816 703 4850 sens
721 4816 806 4861 sucun
824 4802 910 4861 doute,
932 4803 1051 4861 'lhibeut
1073 4803 1231 4852 archidincre
1242 4803 1274 4851 de
1288 4802 1406 4864 Bourges,
1420 4803 1521 4851 nomme
1540 4804 1562 4852 lc

203 4876 231 4921 31
243 4876 295 4922 mai
309 4876 378 4934 1333,
388 4881 456 4923 mort
467 4874 491 4923 le
505 4876 534 4923 13
545 4876 608 4924 aobt
619 4878 724 4923 suivant
736 4874 821 4935 (Gall.
831 4875 926 4926 ιἸιήετ..
938 4868 994 4935 111,’
1002 4880 1048 4924 226
1061 4892 1066 4933 3
1078 4876 1167 4937 Euboi,
1180 4878 1197 4935 1,
1208 4879 1274 4936 516).
1284 4906 1315 4911 --
1328 4882 1350 4925 2.
1361 4877 1442 4939 Brom,
1455 4892 1481 4925 n.
1493 4880 1562 4926 1039,

205 4976 234 4981 --
246 4950 268 4996 3.
280 4948 363 5008 Brom,
377 4964 401 4996 u.
416 4950 484 4997 loro.
496 4978 528 4983 --
540 4951 562 4998 4.
575 4949 637 4996 Voir
648 4964 673 4998 n.
685 4951 740 4998 251.
752 4978 783 4983 -
796 4953 818 4998 5.
831 4950 915 5008 Brom,
929 4966 954 4999 n.
969 4952 1037 5001 1041.
