3650 5675
714 518 717 525 .
737 467 825 541 1849,
848 464 889 533 25
905 471 993 538 nott.
1483 476 1546 541 468

181 662 186 669 -
224 619 343 687 Petrus
358 621 618 707 Dauquengues,
641 621 751 688 dictus
766 620 789 685 li
806 619 883 696 Bos,
900 620 1040 688 clericus
1060 620 1248 688 Tomacen.
1273 622 1371 705 dioc,
1395 625 1483 712 petit
1505 627 1549 693 ad

182 726 258 791 coll.
274 724 407 791 abbatis
423 732 458 790 et
472 724 669 791 monasterii
684 725 716 790 S.
733 722 874 789 Martini
890 722 1090 805 Tomacen.,
1107 723 1149 790 Ο.
1166 724 1198 790 S.
1215 723 1255 791 B.

226 826 374 905 Jacobus
391 827 595 909 Moletieste,
621 829 760 895 clericus
779 826 984 893 Tomacen..
997 826 1095 908 dioc,
1111 828 1198 913 petit
1213 828 1257 895 ad
1272 832 1350 897 coll.
1367 832 1487 900 decani
1512 842 1547 900 et

181 932 320 1018 capituli
334 934 532 999 Atrebaten.

228 1096 326 1157 1779.
344 1087 512 1155 Henricus
528 1090 682 1171 Sworter,
699 1090 838 1154 clericus
853 1088 1015 1154 Leodien.
1030 1087 1129 1169 dioc,
1157 1089 1243 1174 petit
1260 1089 1304 1156 ad
1319 1089 1397 1156 coll.
1414 1090 1547 1158 abbatis

183 1192 214 1257 S.
231 1190 396 1258 Trudonis
411 1198 435 1273 ⁸,
451 1192 494 1257 0.
511 1192 543 1258 S.
561 1191 611 1273 Β,
627 1192 720 1258 (11010
735 1192 823 1257 (1100.
1214 1250 1217 1257 .
1513 1254 1517 1260 .

227 1294 395 1361 Henricus
411 1294 521 1361 dictus
537 1295 753 1375 Rodinetere,
770 1295 910 1359 clericus
926 1294 1089 1362 Leodien.
1100 1296 1199 1377 dioc,
1209 1298 1296 1383 petit
1311 1297 1547 1365 adcoll.abba·

182 1398 226 1464 tis
240 1407 276 1464 et
290 1398 485 1465 monasterii
501 1397 541 1465 B.
559 1397 609 1465 M.
625 1399 667 1464 de
683 1398 852 1485 Tongerlo
867 1397 889 1480 ¹³,
906 1397 949 1463 O.
961 1398 1081 1479 Prcm.,
1093 1399 1313 1466 Cameracen.
1328 1401 1416 1468 dioc.

226 1500 389 1568 Nicolaus
404 1502 514 1569 dictus
530 1500 655 1583 Locrit‚
672 1502 812 1567 clericus
829 1501 992 1596 Leodien.
1008 1502 1108 1584 dioc,
1119 1503 1207 1590 petit
1228 1503 1272 1570 ad
1284 1506 1361 1571 coll.
1377 1506 1547 1573 abbatisse

181 1614 216 1670 et
231 1606 425 1671 monasterii
440 1605 482 1671 de
498 1601 613 1687 Blisia,
628 1603 671 1671 O.
688 1605 719 1670 S.
736 1603 787 1685 Β,
803 1604 895 1671 (11010
911 1605 999 1671 dioc.
1017 1606 1088 1692 (19,
1108 1610 1194 1692 133).

227 1766 329 1826 1780.
346 1758 514 1838 Gonterus
530 1761 712 1843 Godefridi,
729 1762 869 1827 clericus
895 1761 1058 1830 Leodien.
1074 1764 1172 1845 dioc,
1197 1765 1284 1851 petit
1300 1785 1376 1831 can.
1392 1769 1452 1831 sub
1468 1786 1544 1853 exp.

180 1864 273 1948 preb.
291 1864 433 1930 ecclesie
449 1863 481 1930 S.
498 1864 640 1931 Dionisii
658 1864 819 1931 Leodien.

227 1964 388 2033 Nicolaus
403 1966 512 2034 dictus
527 1968 655 2051 Lacrie,
672 1970 811 2035 clericus
827 1968 989 2037 Leodien.
1004 1971 1102 2052 dioc,
1118 1971 1205 2057 petit
1220 1970 1264 2038 ad
1278 1972 1355 2041 coll.
1376 1972 1544 2038 abbatisse

183 2080 218 2137 et
233 2072 425 2138 monasterii
441 2073 483 2139 de
498 2072 624 2155 Thorn,
642 2073 684 2139 0.
701 2074 733 2139 S.
749 2071 788 2139 B.
806 2074 876 2159 (19,
897 2095 909 2138 1
917 2077 1001 2160 331).

225 2174 400 2253 Johannes
414 2178 456 2244 de
482 2176 616 2259 Haussi,
639 2178 787 2244 clericus·
802 2176 992 2245 Tomacen.
1008 2178 1106 2258 dioc,
1130 2177 1216 2263 petit
1242 2177 1286 2243 ad
1302 2177 1377 2243 coll.
1394 2178 1542 2264 episcopi

182 2280 397 2347 Cameracen.
415 2282 485 2367 (19,
506 2282 610 2366 1341).

227 2436 325 2499 1781.
338 2430 522 2499 Balduinns
538 2432 672 2499 Buillon
688 2434 798 2500 dictus
818 2434 861 2499 de
877 2433 1037 2513 Wissant,
1053 2431 1193 2498 clericus
1205 2432 1383 2515 Morinen.,
1399 2434 1485 2520 petit
1500 2434 1545 2499 ad

182 2536 257 2601 coll.
273 2536 422 2623 episcopi
437 2544 472 2602 et
496 2538 632 2623 capituli
658 2536 828 2603 Morinen.

226 2636 394 2706 Martinus
409 2639 458 2705 Le
476 2638 1089 2725 11160,010110113Μο1111011.,ρε1110(1
1113 2639 1188 2705 coll.
1213 2639 1345 2706 abbatis
1368 2647 1403 2704 et
1426 2658 1544 2704 mona-

183 2744 272 2811 sterii
288 2745 320 2811 S.
336 2743 502 2823 Jobannis
514 2747 611 2833 juxta
628 2744 811 2812 Morinum.
827 2744 869 2811 O.
886 2745 919 2810 S.
936 2743 974 2811 B.
990 2785 1034 2795 -
1050 2743 1126 2810 Fiat
1141 2744 1175 2808 in
1192 2742 1298 2809 forma
1312 2762 1375 2829 pro
1390 2742 1546 2808 omnibus

183 2849 399 2935 suprapositis
414 2870 559 2935 usque...
579 2850 619 2917 R.
644 2850 703 2916 sed
726 2850 886 2917 recedant
910 2849 954 2916 de
979 2849 1078 2929 curia,
1094 2868 1157 2913 nec
1182 2847 1306 2914 faciant
1331 2847 1414 2913 alios
1429 2847 1543 2912 venire

183 2952 261 3037 quia
276 2973 338 3039 pro
351 2953 479 3020 nichilo
493 2955 685 3021 laborarent
701 2954 771 3020 sine
786 2954 933 3021 lectione
950 2952 991 3019 R.

227 3056 306 3122 Dat.
321 3047 421 3123 Ario.
442 3077 477 3143 15
495 3056 561 3124 kal.
578 3066 664 3144 sept.
681 3065 715 3123 a⁰
732 3060 775 3124 8⁰.
791 3059 860 3142 (19,
882 3059 965 3143 ¹35)-

237 3210 376 3292 1782.
1242 3242 1337 3306 1349,
1354 3239 1396 3302 25
1412 3227 1500 3288 acret.

226 3326 327 3413 Supp.
345 3325 476 3412 Helyas
497 3326 540 3392 de
556 3325 716 3408 Corsone,
743 3329 879 3414 magio
906 3327 1021 3408 theol,
1046 3326 1226 3393 canonicus
1247 3323 1405 3391 Parisien.
1421 3335 1442 3407 ¹,
1451 3334 1544 3410 quat.

184 3425 350 3517 [Jobanni
377 3429 540 3496 Blankart
566 3445 587 3511 ²,
613 3431 798 3517 presbitero
823 3430 1010 3497 Tomacen.
1035 3429 1133 3511 dioc,
1160 3449 1249 3514 mag.
1276 3430 1310 3493 in
1338 3437 1411 3508 art„
1432 3428 1541 3516 socio]

182 3533 302 3600 domus
316 3533 358 3600 de
382 3534 531 3601 Sorbona
547 3533 715 3617 Parisien.,
733 3536 788 3620 qni
805 3534 889 3601 duos
914 3555 1029 3601 cursus
1055 3535 1089 3600 in
1105 3554 1201 3600 sacra
1216 3532 1388 3618 theologia
1404 3533 1546 3618 perlegit

183 3635 216 3700 in
233 3634 363 3718 eadem,
379 3637 421 3703 de
436 3637 591 3723 parroch.
613 3639 755 3705 ecclesia
781 3637 813 3704 S.
831 3636 1011 3704 Michaelis
1037 3635 1236 3716 Gaudensis,
1252 3636 1342 3702 dicte
1357 3634 1544 3702 Tomacen.

182 3739 280 3820 dioc,
296 3761 370 3806 vac.
386 3740 429 3806 ad
443 3761 580 3827 presens
605 3761 666 3828 per
690 3745 745 3807 ob.
770 3741 931 3828 Symonis
958 3741 1137 3826 vulgariter
1162 3739 1244 3805 dicti
1260 3740 1302 3805 de
1318 3738 1421 3826 Papo,
1436 3739 1546 3805 ultimi

182 3843 320 3909 rectoris
332 3843 491 3930 ejusdem,
504 3843 560 3929 qui
576 3853 670 3910 extra
685 3845 811 3910 curiam
832 3843 932 3910 Rom.
948 3843 1102 3924 decessit,
1117 3851 1197 3908 ante
1213 3846 1283 3928 ejus
1298 3843 1428 3910 obitum
1443 3843 1546 3909 dona-

183 3945 267 4011 tioni
284 3956 392 4033 apost.
410 3956 590 4030 reservata,
607 3966 665 4014 sen
682 3949 749 4014 alio
765 3949 884 4033 quovis
899 3947 1002 4013 modo
1017 3954 1129 4028 vacet,
1145 3947 1255 4012 eidem
1270 3946 1416 4025 Jobanni
1431 3947 1545 4033 digne-

183 4049 266 4114 mini
281 4050 456 4136 providere
470 4074 479 4132 ;
496 4071 564 4118 non
581 4055 666 4117 obst.
683 4053 773 4136 quod
788 4051 943 4138 parroch.
958 4050 1041 4117 eccl.
1057 4050 1089 4115 S.
1106 4049 1215 4135 Egidii
1231 4049 1266 4116 in
1280 4047 1404 4133 wasia,
1420 4059 1455 4118 et
1471 4072 1544 4118 can.

183 4171 260 4217 cum
270 4151 409 4220 'dimidia
430 4157 522 4241 preb.
547 4155 580 4219 in
597 4155 679 4221 eccl.
695 4155 727 4221 S.
743 4154 833 4221 Petri
861 4155 894 4220 in
911 4155 1042 4234 Duaco,
1058 4174 1099 4219 ac
1123 4153 1292 4248 quandam
1317 4157 1482 4242 capellan.
1510 4155 1543 4222 in

183 4256 336 4340 parroch.
360 4257 501 4323 ecclesia
516 4256 558 4324 de
571 4256 754 4341 Lembeke,
770 4258 960 4324 Tomacen.
977 4266 1011 4322 et
1034 4259 1248 4324 Attrebaten.
1263 4258 1361 4339 dioc„
1377 4276 1544 4325 summam

185 4375 226 4442 50
241 4357 313 4424 libr.
330 4357 487 4426 Parisien.
512 4369 721 4446 portatarum
747 4363 899 4429 valorem
915 4380 1063 4426 annuum
1088 4381 1157 4427 non
1184 4361 1396 4443 excedentes,
1419 4370 1454 4428 et
1469 4383 1543 4430 can.

183 4463 244 4526 sub
260 4482 335 4548 exp.
351 4466 444 4549 preb.
460 4463 492 4530 S.
508 4461 527 4542 J
531 4464 673 4531 ohannis
688 4466 723 4530 in
735 4463 874 4547 Leodio,
890 4465 1040 4530 noscitur
1062 4463 1212 4530 obtinere
1225 4487 1234 4546 ;
1251 4483 1351 4548 quam
1368 4465 1544 4531 ecclesiam

218 4666 246 4728 a)
263 4665 319 4716 (bd.
329 4667 457 4744 ν(1111101113.
471 4695 502 4704 --
521 4669 550 4730 b)
567 4667 624 4718 (bd.
637 4669 750 4732 Trogelo.

219 4895 242 4944 l.
253 4893 317 4944 Voir
327 4910 354 4946 n.
365 4895 404 4946 83.
416 4923 448 4932 -
461 4899 484 4946 2.
498 4897 558 4947 Voir
570 4913 595 4947 n.
607 4901 661 4960 526,
682 4901 751 4949 1686.
