3650 5675
294 474 335 537 32
853 472 940 545 1342,
964 473 1000 537 13
1020 475 1101 539 aollt

352 624 454 703 157.
1356 658 1451 720 1342,
1468 658 1508 721 15
1526 642 1615 703 auat.

340 739 731 826 Sign.S.V.Wilhelmus,
743 739 914 823 quondam
925 739 1106 820 Wilhelmi,
1116 738 1226 805 dictus
1238 739 1340 820 Paris,
1349 740 1661 807 acolitusLeodien.

294 846 393 925 dioc,
410 845 443 907 in
469 843 515 909 U.
540 841 566 907 Ι.-
592 842 737 923 scolaris,
755 843 855 926 quod,
877 864 955 908 cum
982 844 1062 909 olim
1087 863 1184 929 super
1207 844 1343 911 defectu
1365 846 1530 910 natalium
1556 865 1658 929 quem

297 949 423 1033 patitur
445 947 488 1012 de
514 948 624 1013 soluto
648 947 780 1031 genitus
804 955 839 1012 et
853 948 974 1025 soluta,
997 954 1034 1011 ut
1054 946 1176 1011 eodem
1196 968 1266 1012 non
1287 950 1373 1012 obst.
1390 947 1526 1013 defectu
1545 958 1661 1034 posset

297 1051 340 1117 ad
370 1072 487 1117 omnes
513 1050 646 1116 ordines
672 1051 872 1137 promoveri,
898 1058 934 1116 et
962 1053 1040 1115 ben.
1066 1053 1149 1117 eccl.
1181 1051 1342 1132 obtinere,
1359 1052 1463 1117 etiam
1489 1052 1516 1117 si
1543 1072 1660 1117 curam

298 1154 435 1219 haberet
464 1153 659 1233 animarum,
685 1160 773 1218 auct.
800 1153 887 1218 sedis
914 1161 1033 1240 apost,
1058 1174 1174 1219 secum
1199 1154 1429 1241 dispensatum
1452 1155 1567 1221 fuisset
1589 1180 1599 1237 ς
1624 1165 1660 1221 et

296 1256 512 1342 postmodum
539 1255 710 1340 quandam
735 1257 887 1341 parroch.
913 1257 997 1322 eccl.
1019 1257 1182 1323 canonice
1209 1266 1389 1339 assecutus,
1405 1257 1550 1323 eandem
1564 1259 1658 1336 eccl,

296 1380 365 1424 non
381 1362 521 1424 obtenta
536 1358 787 1443 dispensatione
804 1360 880 1439 alia,
897 1379 957 1444 per
983 1359 1235 1445 simplicitatem
1262 1370 1297 1426 et
1318 1361 1400 1445 juris
1424 1361 1658 1445 ignorantiam,

296 1463 436 1529 credens
450 1471 532 1527 tunc
554 1464 619 1528 hoc
635 1462 697 1527 sibi
726 1463 835 1543 licere,
863 1484 941 1527 cum
957 1470 1038 1529 tunc
1061 1466 1136 1549 jura
1160 1463 1273 1548 aliqua
1299 1484 1369 1529 non
1393 1463 1584 1543 audivisset,
1601 1464 1661 1527 sed

296 1565 513 1652 postmodum
529 1587 588 1652 per
603 1566 857 1650 quadriennium
872 1569 993 1633 ultimo
1013 1569 1210 1653 preteritum
1232 1569 1392 1634 continue
1405 1570 1479 1653 jura
1494 1569 1660 1634 canonica

297 1678 333 1735 et
349 1669 459 1735 civilia
476 1669 613 1750 audivit,
630 1690 708 1735 cum
730 1670 797 1735 alio
811 1672 888 1736 ben.
905 1672 989 1736 alias
1014 1671 1128 1737 officio
1151 1692 1221 1737 non
1245 1679 1363 1737 curato
1386 1672 1592 1757 permutavit
1617 1670 1660 1736 de

299 1776 400 1855 fact0,
417 1773 507 1857 quod
522 1774 722 1839 beneficium
744 1794 805 1859 per
820 1774 948 1839 dictam
970 1776 1256 1860 permutationem
1279 1778 1468 1856 obtentum,
1484 1783 1660 1860 comperto

301 1901 336 1944 se
348 1879 401 1964 jus
416 1901 483 1945 non
500 1880 624 1943 habere
642 1880 674 1943 in
699 1900 750 1960 eo,
766 1879 868 1945 libere
893 1887 928 1943 et
949 1887 1069 1965 sponte
1093 1879 1229 1945 dimisit.
1245 1878 1330 1943 Cum
1355 1886 1469 1944 autem
1493 1899 1609 1964 nuper,
1625 1878 1660 1941 in

301 1984 415 2068 gratiis
440 2004 500 2069 per
524 1982 563 2047 V.
588 1983 620 2047 S.
646 1981 815 2048 defectum
839 1984 1007 2047 natalium
1031 1984 1237 2068 patientibus
1260 1984 1459 2067 generaliter
1482 1984 1660 2062 concessis,

300 2086 466 2173 petitione
481 2108 541 2172 per
555 2088 664 2172 ipsum
681 2096 844 2172 porrecta,
862 2108 971 2171 eoque
997 2107 1057 2172 per
1074 2088 1322 2152 examinatores
1345 2108 1443 2173 super
1467 2088 1532 2152 hoc
1556 2086 1660 2172 depu-

300 2198 392 2256 tatos
418 2191 614 2255 examinato
635 2199 670 2256 et
693 2199 827 2275 reperto
848 2190 993 2275 ydoneo,
1011 2210 1051 2255 ac
1077 2190 1169 2257 dicta
1193 2191 1358 2276 petitione
1385 2191 1447 2255 sibi
1473 2190 1627 2256 restituta
1642 2212 1662 2253 a

300 2294 583 2375 ricecancellaria,
600 2293 642 2359 ad
659 2294 690 2359 S.
707 2294 746 2359 V.
763 2301 860 2380 super
873 2295 1044 2380 premissis
1072 2304 1124 2360 est
1140 2295 1305 2360 remissus.
1322 2295 1434 2378 Quare
1453 2294 1542 2359 idem
1568 2295 1599 2359 S.
1622 2294 1662 2357 V.

300 2419 394 2484 supp.
412 2407 501 2482 quat.
517 2418 560 2462 ne
575 2419 596 2462 a
610 2405 688 2462 cetu
704 2398 849 2463 clericali
876 2398 1054 2482 studioque
1069 2419 1129 2484 per
1144 2419 1220 2464 eum
1232 2398 1404 2481 inchoat0,
1420 2399 1538 2482 quibus
1553 2399 1662 2463 inten-

300 2503 350 2569 dit
374 2510 408 2567 et
432 2501 591 2587 proponit
614 2501 766 2566 inherere
795 2510 830 2566 et
857 2501 1000 2567 fructum
1024 2502 1060 2568 in
1086 2503 1150 2567 Dei
1175 2502 1317 2569 ecclesia
1343 2503 1508 2588 optimum
1533 2501 1661 2582 afferre,

301 2614 498 2691 segregetur,
515 2612 549 2670 et
573 2605 607 2669 in
633 2605 711 2671 cleri
736 2606 962 2692 obprobrium,
988 2606 1080 2672 omni
1104 2607 1284 2673 destitutus
1311 2607 1444 2686 auxilio,
1461 2607 1487 2671 si
1512 2607 1546 2671 in
1571 2608 1661 2672 clero

300 2718 484 2789 remaneat,
512 2708 703 2775 mendicare
734 2718 880 2794 cogatur,
908 2709 968 2774 sibi
997 2731 1060 2795 pro
1084 2719 1225 2795 paterno
1256 2710 1501 2796 compatientes
1525 2710 1660 2787 affectu,

299 2814 480 2900 specialem
510 2812 654 2898 gratiam
679 2813 841 2881 facientes
871 2814 981 2880 eidem
1009 2835 1107 2900 super
1136 2814 1347 2880 inhabilitate
1374 2813 1476 2879 modo
1500 2814 1661 2900 premisso

299 2927 485 2997 contracta,
502 2925 536 2980 et
557 2917 648 3000 quod
668 2917 858 3002 hujusmodi
874 2938 943 2983 non
959 2920 1045 2983 obst.
1060 2918 1196 2983 defectu
1210 2919 1315 3004 possit
1332 2918 1376 2983 ad
1391 2939 1508 2983 omnes
1529 2918 1662 2984 ordines

301 3021 499 3106 promoveri,
516 3028 551 3083 et
566 3020 650 3085 eccl.
666 3023 752 3101 ben,
768 3021 873 3085 etiam
888 3022 914 3085 si
931 3042 1005 3086 can.
1021 3030 1056 3087 et
1071 3024 1164 3107 preb.
1180 3021 1214 3085 in
1230 3022 1313 3086 eccl.
1326 3021 1509 3087 cathedrali
1520 3023 1575 3086 vel
1585 3020 1661 3099 alia,

301 3148 361 3192 seu
386 3123 726 3210 archipresbiteratus
753 3124 807 3188 vel
838 3123 938 3208 dign,
970 3133 1029 3188 aut
1061 3145 1157 3210 pers,
1188 3125 1243 3189 vel
1269 3123 1336 3203 off,
1363 3144 1422 3188 seu
1451 3129 1527 3190 ben.
1557 3125 1660 3190 etiam

299 3251 414 3296 curam
429 3228 556 3292 habens
571 3227 757 3292 animarum
773 3227 906 3308 existat,
923 3237 958 3292 et
971 3248 1074 3291 unum
1088 3228 1144 3291 vel
1159 3229 1265 3313 plura,
1281 3228 1379 3292 simul
1393 3229 1448 3292 rel
1464 3228 1660 3306 successive,

302 3335 392 3400 licite
408 3332 568 3412 obtinere,
584 3351 626 3395 ac
641 3330 722 3396 illud
737 3331 792 3394 vel
808 3331 873 3412 illa,
884 3331 989 3395 etiam
998 3332 1102 3397 semel
1117 3334 1171 3397 vel
1187 3332 1320 3417 pluries,
1336 3338 1528 3417 permutare
1539 3332 1660 3408 valeat,

302 3459 341 3502 ac
357 3437 383 3501 si
399 3436 585 3522 predictum
601 3455 669 3499 non
685 3441 855 3520 pateretur
870 3434 1050 3515 defectum,
1065 3435 1147 3500 dum
1162 3443 1280 3501 tamen
1307 3436 1388 3500 alias
1411 3435 1472 3500 sibi
1497 3435 1661 3501 canonice

302 3541 522 3620 conferantur,
549 3539 730 3622 dignemini
760 3539 802 3605 de
832 3539 924 3605 dono
949 3540 1110 3605 uberioris
1138 3541 1244 3624 gratie
1268 3561 1382 3605 secum
1405 3537 1662 3604 misericorditer

300 3645 491 3732 dispensare
507 3651 583 3722 etc,
599 3651 636 3707 ut
652 3643 685 3706 in
703 3644 818 3709 forma.
835 3684 878 3696 —
893 3643 1135 3730 Dispensamus
1159 3645 1249 3728 quod
1275 3645 1379 3730 possit
1403 3643 1472 3708 duo
1498 3642 1662 3708 beneficia

298 3751 460 3830 obtinere,
467 3749 568 3814 etiarn
585 3747 611 3811 si
627 3747 769 3812 alterum
785 3739 827 3812 sit
845 3757 1007 3828 curatum,
1018 3757 1052 3813 et
1068 3749 1139 3833 ipsa
1149 3750 1252 3813 semel
1265 3757 1463 3835 permutare.
1474 3788 1517 3795 —
1533 3745 1610 3810 Fiat
1620 3745 1662 3809 R.

344 3854 431 3919 Item
447 3874 542 3940 supp.
559 3852 590 3917 S.
606 3851 646 3917 V.
662 3852 753 3917 idem
770 3852 969 3918 Wilhelmus
993 3873 1121 3939 pauper
1147 3853 1298 3935 acolitus,
1315 3861 1406 3938 quat.
1423 3853 1498 3917 coll.
1514 3850 1575 3916 sibi
1602 3870 1663 3937 per

299 3957 545 4022 examinatores
560 3977 618 4022 sue
634 3957 815 4042 provincie,
832 3959 866 4022 in
878 3978 926 4043 gr.
936 3958 1084 4042 generali
1097 3957 1139 4022 de
1149 3966 1260 4022 vestra
1271 3958 1478 4042 benignitate
1491 3975 1662 4034 concessa,

297 4059 508 4125 distributam
525 4081 623 4146 super
637 4061 801 4147 petitione
817 4082 877 4146 per
892 4081 970 4125 eum
986 4062 1020 4125 in
1036 4060 1127 4126 dicta
1141 4061 1249 4145 gratia
1266 4061 1484 4146 personaliter
1497 4061 1603 4126 tacito
1618 4059 1663 4125 de

299 4162 393 4228 dicto
408 4162 542 4228 defectu
557 4165 690 4246 tradita,
707 4166 763 4249 qui
779 4166 887 4251 ipsum
903 4165 1149 4251 supplicantem
1169 4165 1204 4228 in
1220 4163 1265 4230 U.
1283 4164 1309 4229 Ι.
1325 4165 1476 4251 predicto
1492 4164 1660 4230 examina-

302 4274 431 4344 verunt,
448 4274 483 4330 et
498 4267 699 4333 sufficienter
715 4269 886 4354 ydoneum
901 4267 944 4332 ad
960 4269 1042 4333 eccl.
1058 4271 1134 4333 ben.
1145 4268 1364 4333 obtinendum
1381 4273 1661 4354 approbaverunt,

302 4368 452 4433 obtinere
468 4377 503 4433 et
518 4373 673 4455 prosequi
692 4374 804 4439 valeat
829 4394 905 4438 cum
931 4371 1063 4451 effectu,
1080 4393 1150 4436 non
1177 4375 1262 4437 obst.
1287 4371 1380 4436 dicto
1403 4371 1547 4455 defectu,
1562 4393 1663 4458 super

302 4492 369 4555 quo
385 4471 607 4538 antedictum
628 4496 770 4541 examen
786 4485 822 4541 et
844 4476 1016 4560 hucusque
1032 4496 1145 4540 secum
1169 4495 1229 4562 per
1254 4475 1367 4540 sedem
1383 4483 1491 4560 apost.
1506 4496 1575 4540 non
1598 4475 1663 4540 fuit

301 4576 539 4660 dispensatum,
556 4577 666 4643 eidem
682 4579 866 4644 concedere
883 4578 1066 4661 dignemini
1082 4588 1117 4642 et
1142 4577 1342 4663 dispensare,
1359 4586 1397 4643 ut
1424 4578 1457 4641 in
1473 4578 1580 4643 forma
1595 4584 1661 4642 etc.

301 4719 344 4727 -
359 4677 534 4744 Cassamus
548 4679 674 4744 dictam
699 4681 849 4765 gratiam,
866 4681 925 4769 sed
940 4680 1078 4746 facimus
1089 4681 1150 4746 sibi
1171 4680 1213 4745 de
1241 4701 1314 4746 can.
1340 4683 1400 4746 sub
1427 4701 1502 4767 exp.
1518 4683 1610 4766 preb.
1627 4680 1661 4743 in

302 4783 383 4849 eccl.
401 4783 432 4848 S.
450 4782 542 4848 Pauli
559 4782 720 4849 Leodien.
739 4783 778 4850 R.

347 4887 425 4953 Dat.
441 4909 494 4974 ap.
511 4887 756 4955 villamnovam
773 4889 816 4956 id.
833 4911 905 4976 aug.
922 4899 955 4956 a⁰
974 4898 1013 4957 1⁰.
1030 4890 1074 4976 (1,
1095 4893 1190 4976 16ol')
