3650 5675
290 489 347 554 156
800 488 887 561 1344,
911 488 999 552 21-22
1021 488 1138 554 ferrier.

342 642 459 725 669.
1303 676 1398 740 1344,
1416 680 1455 723 21
1466 660 1607 747 samar.

334 761 435 846 Supp.
449 758 712 845 R(aymundus),
730 758 832 845 episc.
850 757 1031 837 Morinen.,
1047 767 1140 843 quat.
1150 762 1230 824 nob.
1242 760 1315 824 viro
1326 760 1417 826 dom.
1429 763 1651 830 Ademarode

292 864 482 929 lllotelauro
498 863 595 927 militi
605 872 640 927 et
650 863 720 947 ejus
734 862 826 928 uxori
837 870 872 926 et
881 864 981 927 matri
993 862 1129 947 plenam
1138 863 1263 927 remiss.
1276 872 1494 949 peccatorum
1507 867 1541 931 in
1552 876 1650 933 mort.

290 976 350 1033 art.
367 966 552 1033 concedere
568 966 751 1051 dignemini
769 966 855 1031 utin
873 966 990 1030 forma.
1013 1002 1045 1014 -
1066 965 1142 1031 Fiat
1160 966 1199 1031 R.

334 1073 413 1138 Dat.
431 1093 484 1160 ap.
501 1072 752 1137 Villarnnovam
770 1093 787 1151 9
804 1071 871 1135 kal.
887 1079 986 1136 mart.
1005 1078 1039 1135 a⁰
1055 1078 1097 1136 2⁰.
1115 1072 1166 1156 (4,
1185 1073 1274 1154 217).

341 1211 458 1294 670.
1302 1243 1398 1306 1344,
1415 1245 1455 1288 21
1464 1225 1605 1312 seorr'er.

333 1330 434 1415 Supp.
451 1327 682 1412 Raymundus,
699 1325 801 1412 episc.
830 1323 1010 1407 Morinen.,
1028 1334 1120 1410 quat.
1137 1325 1285 1393 Gnidoni
1300 1327 1343 1392 de
1359 1326 1464 1410 Bova,
1482 1328 1650 1398 Morinen.

288 1435 385 1513 dioc,
403 1433 480 1497 cler.
497 1452 557 1497 suo
572 1439 608 1496 et
634 1431 737 1495 famil.
764 1430 962 1511 domestico,
988 1430 1173 1496 concedere
1199 1431 1393 1516 dignemini,
1410 1441 1447 1498 ut
1472 1455 1541 1501 non
1565 1439 1650 1502 obst.

288 1544 382 1621 gna
403 1536 435 1602 S.
452 1536 491 1601 V.
519 1536 551 1599 in
576 1534 746 1601 communi
771 1534 877 1600 forma
901 1554 1087 1620 pauperum
1110 1535 1171 1600 sibi
1194 1535 1285 1601 facta
1306 1535 1349 1601 de
1372 1539 1448 1603 ben.
1471 1540 1554 1606 eccl.
1576 1562 1606 1605 c.
1623 1561 1650 1606 c.

290 1643 343 1706 vel
359 1662 384 1706 s.
402 1661 441 1720 c.,
458 1646 634 1725 spectante
650 1638 695 1703 ad
710 1638 807 1704 coll...
832 1634 1001 1703 abbatisse
1016 1646 1052 1702 et
1068 1659 1166 1704 conv.
1185 1639 1380 1705 monasterii
1403 1639 1441 1706 B.
1467 1640 1516 1708 M.
1533 1641 1651 1708 Messi-

288 1744 412 1824 nensis,
440 1743 481 1808 O.
507 1742 538 1807 S.
565 1740 614 1822 B,
638 1740 725 1807 dioc.
750 1740 910 1826 predicte,
936 1741 1160 1826 quodcunque
1190 1745 1267 1807 ben.
1294 1744 1376 1808 eccl.
1401 1745 1463 1811 sibi
1488 1748 1651 1813 canonice

289 1847 530 1913 conferendum
560 1854 749 1931 acceptare,
776 1845 935 1930 recipere,
960 1846 1104 1910 retinere
1129 1846 1235 1931 possit
1259 1853 1293 1912 et
1320 1847 1424 1912 etiam
1448 1846 1618 1931 possidere
1641 1870 1649 1927 ;

288 1952 379 2018 dicta
402 1951 510 2036 gratia
533 1950 703 2016 communi
736 1949 1012 2035 processibusque
1035 1958 1070 2015 et
1097 1950 1171 2015 aliis
1193 1949 1314 2015 exinde
1340 1952 1489 2036 sequutis
1511 1951 1650 2018 nichilo

287 2056 399 2119 minus
422 2055 455 2119 in
479 2075 539 2120 suo
561 2056 680 2119 robore
703 2052 890 2131 duraturis;
913 2063 1047 2119 etcum
1071 2054 1145 2119 aliis
1167 2074 1236 2119 non
1260 2058 1369 2121 obst...
1394 2054 1536 2137 -Fiat,
1559 2057 1587 2122 si
1609 2056 1651 2121 sit

289 2157 516 2243 compatibile.
530 2156 570 2222 R.

333 2262 413 2327 Dat.
430 2282 484 2347 ap.
500 2260 749 2327 Villamnovam
766 2281 784 2342 9
801 2261 868 2327 lral.
885 2269 981 2326 mart
998 2268 1032 2327 a⁰
1048 2270 1090 2327 2⁰.
1108 2263 1160 2345 (4,
1179 2264 1268 2345 218).

343 2398 450 2480 671,
1306 2429 1402 2494 1344,
1418 2433 1459 2475 22
1467 2412 1608 2499 fcvrier.

333 2515 421 2600 Sign.
438 2513 620 2593 Johannes,
633 2512 699 2578 dux
713 2510 906 2593 Brabantie,
925 2512 1016 2596 quod
1030 2512 1164 2577 illustris
1179 2512 1330 2579 dom.rex
1345 2516 1465 2599 Anglie
1479 2516 1543 2582 fide
1553 2516 1653 2602 digna

290 2618 454 2684 relatione
471 2625 632 2705 percepto
648 2616 739 2701 quod
763 2617 796 2681 in
812 2616 1020 2683 monasterio
1047 2617 1078 2682 S.
1096 2615 1275 2683 Michaelis
1289 2620 1565 2707 Antwerpiensis,
1583 2620 1652 2687 ord.

290 2722 620 2803 Premonstratensis,
638 2722 857 2787 Carneracen.
882 2722 980 2802 dioc,
997 2722 1129 2787 divinus
1146 2724 1254 2788 cultus
1283 2724 1420 2808 vigebat
1446 2731 1480 2789 et
1495 2725 1652 2809 regularis

290 2829 506 2895 observantia
518 2826 729 2893 laudabiliter
738 2829 942 2907 serrabatur,
959 2833 1097 2912 propter
1111 2826 1177 2893 hoc
1193 2848 1326 2893 necnon
1340 2834 1476 2915 propter
1491 2828 1651 2894 sanctita-

252 2965 260 2972 ·
289 2942 358 2997 tem
369 2953 588 3018 personarum
599 2931 701 3017 ipsius
711 2931 905 2996 monasterii
915 2952 956 2995 ac
968 2931 1371 3016 hospitalitatis,caritatis
1383 2942 1417 2997 et
1426 2932 1649 2997 misericordie

290 3056 402 3122 opera,
419 3057 483 3120 que
500 3036 580 3100 inibi
593 3037 716 3120 jugiter
733 3043 940 3116 exercentur,
958 3056 998 3101 ac
1014 3043 1150 3122 propter
1166 3037 1310 3122 ipsorum
1326 3037 1527 3101 tenuitatem
1542 3036 1651 3101 reddi-

291 3148 386 3205 tuum
402 3147 436 3204 et
463 3139 611 3225 dampna
635 3140 787 3226 plurima,
805 3160 870 3223 que
894 3160 936 3202 ex
961 3139 1181 3204 inundatione
1203 3138 1378 3204 fluviorum
1407 3139 1652 3204 maritimorum

292 3265 331 3308 ac
348 3243 439 3307 fluxu
454 3251 489 3308 et
504 3243 630 3310 refluxu
646 3243 746 3309 maris
764 3243 798 3306 in
808 3242 906 3307 bonis
916 3243 983 3308 suis
993 3250 1027 3307 et
1036 3243 1301 3329 possessionibus
1315 3263 1450 3329 passum
1460 3242 1530 3324 luit,
1540 3251 1654 3309 motus

292 3349 364 3412 zelo
380 3346 569 3412 devotionis
585 3354 619 3412 et
643 3347 789 3433 pietatis,
803 3348 856 3431 jus
871 3354 1071 3432 patronatus
1098 3355 1133 3412 et
1160 3348 1376 3413 advocatiam
1392 3367 1475 3431 quos
1501 3355 1535 3412 et
1551 3369 1653 3432 quarn

292 3452 363 3538 ipse
378 3471 436 3514 rex
452 3451 484 3514 in
502 3451 653 3536 parroch.
680 3453 762 3516 eccl.
778 3450 981 3536 Thyngden,
1003 3449 1200 3517 Lincolnen.
1228 3451 1325 3533 dioc,
1348 3452 1505 3530 babebat,
1521 3451 1654 3537 prefato

290 3554 495 3619 monasterio
508 3574 548 3618 ea
564 3553 753 3619 intentione
770 3554 920 3634 donavit,
937 3562 974 3619 ut
991 3555 1062 3640 ipsa
1078 3555 1220 3620 ecclesia
1235 3553 1367 3642 prefato
1391 3556 1597 3621 monasterio
1618 3557 1650 3620 in

281 3651 507 3743 ¹augmentum
524 3657 763 3743 hospitalitatis
779 3667 813 3722 et
828 3662 994 3748 bonorum
1023 3679 1161 3744 operum
1182 3658 1409 3744 predictorum
1426 3658 1652 3745 incorporare-

289 3770 342 3827 tur
357 3762 603 3849 imperpetuum
620 3782 660 3827 ac
671 3762 773 3826 etiam
790 3762 948 3827 uniretur.
960 3763 1072 3845 Quare
1087 3783 1182 3849 supp.
1196 3762 1284 3827 idem
1300 3763 1368 3828 dux
1383 3771 1476 3846 quat.
1486 3762 1652 3848 prefatam

288 3865 440 3951 parroch.
471 3866 553 3930 eccl.
581 3865 615 3928 in
645 3873 861 3950 augmentum
892 3865 1128 3951 premissorum
1157 3865 1238 3930 dicti
1270 3865 1465 3931 monasterii
1496 3887 1652 3931 exnunc

288 3968 534 4054 imperpetuum
561 3970 763 4034 auctoritate
790 3977 897 4054 apost.
933 3969 1144 4054 incorporare
1169 3969 1363 4056 dignemini,
1389 3977 1591 4035 connectere
1617 3978 1651 4034 et

288 4073 391 4152 unire,
407 4079 577 4138 reservata
600 4080 715 4137 tamen
743 4072 784 4137 de
809 4073 910 4158 ipsius
934 4075 1016 4138 eccl.
1038 4073 1238 4138 fructibus...
1257 4093 1405 4158 congrua
1420 4074 1576 4160 portione
1591 4093 1652 4159 pro

287 4197 379 4262 perp.
393 4177 519 4242 vicario
535 4177 579 4242 ad
594 4185 739 4264 present.
752 4178 883 4242 abbatis
895 4184 930 4242 et
946 4186 1134 4243 conventus
1145 4177 1226 4243 dicti
1239 4178 1434 4243 monasterii
1445 4177 1651 4243 instituendo

287 4302 346 4367 per
362 4282 427 4348 loci
444 4281 657 4362 ordinarium,
682 4303 723 4346 ex
747 4302 813 4365 qua
837 4302 985 4366 congrua
1008 4282 1197 4362 sustentari,
1211 4282 1285 4367 jura
1301 4282 1507 4368 episcopalia
1522 4282 1651 4348 solvere

287 4393 322 4450 et
337 4385 402 4450 alia
419 4385 479 4450 sibi
504 4385 733 4451 incumbentia
756 4405 859 4450 onera
882 4386 997 4450 valeat
1020 4394 1227 4472 supportare,
1251 4385 1298 4450 ita
1320 4385 1411 4470 quod
1433 4385 1575 4451 cedente
1596 4385 1650 4450 vel

287 4487 472 4553 decedente
498 4497 628 4554 rectore
656 4489 757 4574 ipsius
782 4489 932 4568 ecclesie,
958 4489 1013 4573 qui
1037 4510 1128 4554 nunc
1149 4497 1210 4569 est,
1230 4489 1333 4554 liceat
1355 4489 1454 4554 dictis
1477 4489 1589 4554 abbati
1615 4497 1650 4553 et

287 4593 469 4657 conventui
487 4592 636 4677 ejusdem
651 4593 792 4658 ecclesie
810 4594 1012 4660 auctoritate
1027 4593 1162 4680 propria
1178 4593 1388 4679 corporalem
1404 4591 1650 4678 possessionem

286 4695 539 4781 apprehendere
555 4704 589 4761 et
604 4705 730 4777 tenere,
747 4696 917 4762 diocesani
934 4698 999 4762 loci
1015 4698 1069 4762 vel
1093 4697 1229 4762 alterius
1254 4696 1491 4781 cujuscumque
1513 4695 1650 4761 licentia

285 4799 424 4864 minime
440 4799 608 4884 requisita,
626 4822 702 4867 cum
719 4801 873 4866 omnibus
888 4822 958 4867 non
975 4801 1186 4867 obstantibus
1202 4809 1236 4866 et
1252 4799 1406 4866 clausulis
1427 4799 1601 4885 oportunis
1615 4806 1651 4864 et

286 4903 529 4970 executoribus.
545 4946 588 4955 -
604 4904 714 4970 Possit
731 4906 800 4970 fieri
816 4927 875 4992 per
898 4904 1114 4972 diocesanum
1142 4914 1231 4972 auct.
1255 4913 1375 4991 apost,
1402 4905 1430 4971 si
1452 4911 1651 4991 patronatus
