3650 5675
692 527 1028 601 taralossw're'rmr.
1502 531 1542 594 63

219 688 300 747 303.
316 679 408 746 ‘Item
424 701 516 766 supp.
534 679 623 745 idem
640 700 764 758 comes,
775 687 862 763 quat
873 681 963 762 [cler.
980 700 1040 744 suo
1056 678 1229 744 Gherardo
1244 679 1286 744 de
1309 679 1539 767 Novimag0¹,]

173 785 361 870 Trajecten.
377 785 473 864 dioc,
489 784 741 869 gr.'dignemini
766 783 874 848 facere
898 782 941 848 de
966 792 1088 849 canet
1112 785 1200 868 preb.
1218 785 1296 848 eccl.
1323 784 1351 847 S.
1377 782 1543 861 Johannis

174 889 374 975 Trajecten,
390 891 475 972 [vac.
492 889 685 971 reluceat]
701 908 801 972 quam
818 887 906 952 idem
931 886 1062 952 duxerit
1086 887 1335 970 acceptandam.
1354 891 1397 936 -’
1413 887 1488 954 Fiat
1505 888 1541 953 R.

219 1035 304 1105 304.
332 1026 420 1091 Item
445 1047 540 1112 supp.
567 1026 654 1091 idem
680 1045 803 1106 comes,
828 1034 918 1109 quat.
935 1027 1010 1108 [suo
1035 1025 1112 1090 cler.
1137 1032 1172 1089 et
1204 1023 1281 1089 fam.
1306 1024 1469 1112 Johan'ni]
1501 1027 1543 1091 de

179 1129 402 1210 Nederlrem²,
422 1128 579 1196 Leodien.
602 1129 698 1210 dioc,
722 1149 766 1212 gr.
792 1129 976 1212 dignemini
1000 1129 1109 1193 facere
1132 1128 1178 1192 de
1201 1148 1272 1194 can.
1295 1135 1330 1194 et
1354 1132 1442 1213 preb.
1462 1132 1541 1198 eccl.

176 1233 206 1297 S.
228 1234 373 1298 Dionisii
399 1232 556 1299 Leodien.
574 1234 659 1316 [vac.
675 1233 729 1297 vel
751 1233 885 1314 vacat.,]
896 1253 997 1315 quam
1016 1231 1104 1298 idem
1123 1230 1254 1314 duxerit
1272 1233 1513 1317 acceptandam
1533 1257 1541 1312 ;

175 1359 245 1402 non
260 1330 349 1402 obst.
371 1336 463 1422 quod
485 1337 743 1402 matriculariam
772 1357 830 1400 seu
851 1335 1205 1420 custodiamparroclr.
1223 1335 1304 1400 eccl.
1321 1334 1363 1400 de
1390 1335 1543 1401 Hairlem

175 1442 361 1523 dinoscitur
376 1443 539 1520 obtinere,
556 1460 621 1524 que
636 1440 861 1505 matricularia
876 1459 934 1503 seu
951 1439 1103 1522 custodia
1118 1458 1283 1522 summam
1301 1459 1341 1504 20
1354 1439 1384 1504 fl.
1395 1461 1484 1525 parv.
1501 1441 1543 1506 de

178 1544 348 1611 Florentia
363 1546 465 1610 annui
482 1545 629 1611 redditus
645 1566 713 1610 nou
730 1545 870 1610 excedit.
886 1585 930 1592 —
946 1542 1021 1609 Fiat
1039 1543 1076 1608 R.

219 1689 306 1749 305.
326 1681 414 1747 Item
429 1704 513 1768 supp
539 1682 627 1747 idem
644 1703 767 1762 comes,
784 1676 874 1766 quat.
890 1681 966 1766 [suo
982 1682 1058 1746 cler.
1074 1689 1109 1746 et
1133 1669 1207 1746 fam.
1225 1681 1408 1766 Y'seboldo]
1424 1683 1466 1748 de
1481 1686 1543 1748 As·

177 1806 289 1870 peren,
305 1785 491 1870 Trajecten.
507 1787 603 1865 dioc,
618 1806 666 1870 gr.
676 1786 859 1870 dignemini
872 1785 980 1850 facere
989 1785 1031 1850 de
1042 1806 1113 1850 can.
1124 1793 1159 1850 et
1171 1787 1261 1870 preb.
1273 1785 1385 1851 eccl.S
1400 1785 1543 1852 Victoris

178 1889 573 1989 Zanctensis,Colonien.
589 1889 686 1968 dioc,
702 1891 780 1972 [vac
804 1891 858 1961 rel
883 1889 1016 1972 vacat,]
1032 1908 1132 1972 quam
1157 1889 1245 1954 idem
1270 1879 1403 1955 duxerit
1424 1910 1541 1976 accep-

180 1993 316 2057 tandam
340 2035 383 2041 —
400 1993 427 2056 F
430 1993 476 2059 iat
493 1993 530 2058 R.

221 2138 303 2198 306.
329 2130 418 2197 Item
442 2153 537 2219 supp.
563 2133 652 2198 idem
678 2153 802 2212 comes
828 2140 916 2215 quat.
933 2133 1007 2215 [suo
1032 2133 1158 2197 cieret
1183 2132 1256 2196 fam.
1282 2130 1412 2209 Jacobo
1436 2131 1542 2216 dicto]

178 2234 304 2320 Tycke,
321 2234 481 2324 Leodien.
498 2237 593 2316 dioc,
609 2257 653 2321 gr.
670 2237 853 2321 dignemini
870 2236 979 2302 facere
995 2236 1036 2302 de
1052 2257 1123 2301 can.
1141 2244 1175 2300 et
1191 2238 1279 2321 preb.
1296 2237 1375 2302 eccl.
1387 2235 1415 2300 S.
1427 2235 1543 2302 Crucis

180 2337 348 2420 Leodien.,
369 2339 454 2426 [vac.
471 2343 527 2405 vel
541 2342 675 2426 vacat.,]
691 2360 791 2425 quam
809 2340 897 2405 idem
921 2341 1051 2430 duxerit
1067 2341 1317 2430 acceptandam.
1333 2381 1377 2389 —
1402 2339 1476 2406 Fiat
1504 2341 1540 2406 R.

221 2442 298 2507 Dat.
314 2443 411 2507 Arin.
429 2467 448 2529 4
466 2445 506 2511 id.
523 2445 601 2511 febr.
617 2455 651 2511 a⁰
670 2455 705 2509 1⁰.
725 2445 774 2528 (2,
793 2445 873 2529 28⁹).
1414 2436 1417 2446 ⁴

230 2581 343 2664 307.
397 2631 400 2634 ’
1198 2615 1213 2657 1
1216 2615 1258 2677 34
1259 2615 1292 2677 3,
1310 2617 1351 2659 ro
1359 2595 1497 2682 sarrier.

222 2698 318 2784 Supp.
335 2700 708 2781 AmalduS,vicecomes
725 2697 937 2777 Caramanni,
954 2705 1041 2780 quat
1059 2697 1247 2762 consiliario
1263 2719 1417 2783 suomag.
1428 2699 1541 2764 Geral-

178 2803 280 2871 dode
297 2805 458 2872 Pomeriis
473 2804 649 2891 providere
672 2803 856 2889 dignemini
873 2801 915 2868 de
940 2823 1011 2867 can.
1037 2803 1119 2867 eccl.
1145 2800 1367 2879 Cameracen.
1384 2804 1443 2868 sub
1468 2823 1540 2888 exp.

178 2911 281 2993 preb,
296 2930 366 2975 non
383 2912 466 2975 obst.
483 2910 574 2994 quod
588 2910 737 2995 parroclr.
754 2910 836 2973 eccl.
854 2907 882 2970 S.
900 2905 984 2990 Lupi
1002 2927 1078 2971 cum
1095 2905 1165 2990 ejus
1186 2907 1334 2987 annexis,
1351 2906 1542 2972 Tholosane

177 3013 275 3093 dioc,
291 3034 426 3079 necnon
442 3035 513 3080 can.
530 3016 609 3079 eccl.
627 3013 806 3078 Camoten.
823 3013 883 3076 sub
900 3032 972 3096 exp.
989 3013 1079 3096 preb.
1096 3020 1131 3074 et
1155 3010 1243 3095 dign.
1259 3030 1299 3075 ac
1314 3030 1396 3095 pers,
1414 3030 1471 3074 seu
1488 3009 1540 3073 oli.

178 3138 208 3182 c.
225 3137 253 3181 c.
271 3119 323 3181 vel
339 3138 362 3183 s.
378 3140 406 3183 c.
421 3128 580 3184 noscatur
596 3118 755 3183 obtinere.
772 3157 815 3164 —
832 3115 906 3180 Fiat
925 3114 961 3179 R.

223 3220 299 3285 Dat.
314 3222 415 3286 Avin.
432 3245 452 3306 4
468 3222 509 3288 id
526 3222 604 3287 febr.
620 3230 652 3287 a⁰
672 3230 709 3285 1⁰.
728 3222 778 3304 (2,
796 3226 876 3302 29‘).

231 3362 345 3446 308·
1199 3390 1216 3434 Ι
1217 3390 1260 3455 34
1261 3392 1293 3453 3,
1312 3392 1351 3435 12
1359 3372 1498 3459 sevrier.

225 3480 323 3566 Supp.
341 3480 478 3564 Egidius
493 3478 604 3543 Onelli
622 3497 643 3559 ³,
659 3480 765 3564 presb.
788 3475 957 3554 Leodien.,
973 3484 1061 3559 quat.
1087 3472 1147 3554 sibi
1172 3475 1214 3573 de
1240 3495 1310 3540 can.
1327 3476 1406 3541 eccl.
1432 3474 1467 3538 B.
1495 3472 1541 3538 M.

184 3583 365 3669 Hoyensis,
391 3583 549 3648 Leodien.
574 3583 667 3660 dioc,
689 3590 723 3645 et
740 3584 828 3667 preb.
845 3600 916 3644 vac.
941 3581 996 3643 v'el
1021 3585 1126 3644 vacat.
1151 3578 1333 3663 dignemini
1358 3578 1542 3665 providere,

182 3709 250 3753 non
267 3692 350 3753 obst.
367 3687 457 3772 quod
471 3686 621 3772 parroch.
638 3688 719 3751 eccl.
735 3686 777 3750 de
793 3684 936 3767 Odaing,
950 3680 1106 3748 Leodien.
1119 3683 1214 3763 dioc,
1225 3683 1374 3747 noscitur
1384 3682 1543 3745 obtinere.

181 3833 225 3840 -
269 3814 278 3855 1
366 3843 372 3855 .

226 3791 417 3961 gadtrllrin.
434 3918 452 3960 2
469 3896 513 3962 id.
528 3896 606 3961 febr.
622 3902 656 3960 a⁰
675 3902 712 3958 1⁰.
730 3896 778 3977 (2,
797 3895 863 3976 36).

234 4034 350 4120 309.
1183 4059 1200 4102 1
1202 4058 1243 4121 3,(
1245 4056 1278 4119 3,
1303 4054 1344 4119 17
1360 4036 1499 4122 s‘r‘urt'er:

226 4154 328 4239 Supp.
351 4152 520 4217 Antonius
543 4152 585 4217 de
608 4151 746 4236 Bugella
765 4162 782 4229 ⁸,
799 4148 984 4212 l'crcellen.
1008 4145 1105 4224 dioc,
1128 4164 1201 4207 can.
1220 4140 1389 4218 Leodien.,
1406 4138 1544 4223 deputa-

183 4265 236 4321 tus
263 4279 340 4322 cum
366 4257 563 4342 quibusdam
589 4256 661 4321 aliis
686 4254 821 4335 collegis
846 4252 913 4317 suis
942 4270 1000 4335 per
1035 4248 1176 4314 eandem
1208 4245 1239 4308 S.
1267 4241 1307 4307 V.
1338 4240 1545 4306 examinator

184 4382 367 4446 pauperum
391 4362 585 4426 ciericomm
610 4357 781 4446 provincie
804 4356 994 4433 Treveren,
1018 4361 1107 4435 quat.
1132 4347 1308 4435 [Antonio
1331 4348 1426 4430 nato]
1454 4344 1543 4409 Petri

183 4464 225 4529 de
248 4466 368 4531 Anolis
394 4466 437 4531 de
462 4464 609 4551 Bugella,
636 4464 722 4529 dioc.
747 4460 905 4547 ejusdem,
930 4456 1039 4520 fratris
1062 4454 1122 4533 sui,
1145 4453 1276 4518 decan.
1294 4452 1545 4535 etpreb.,quos

185 4564 254 4652 ipse
269 4569 439 4633 Antonius
454 4570 488 4633 in
504 4569 586 4634 eccl.
603 4567 787 4633 Vercellen.
804 4563 989 4640 obtinebat,
1006 4566 1040 4623 et
1056 4556 1191 4637 eisdem,
1204 4556 1246 4621 de
1269 4554 1429 4619 mandato
1446 4552 1476 4617 S.
1494 4552 1544 4633 V,

185 4669 217 4734 in
241 4674 396 4737 manibus
422 4673 462 4737 R.
480 4672 516 4738 P.
532 4673 622 4738 dom.
648 4670 779 4755 G[otii],
795 4670 847 4733 tit.
875 4667 906 4730 S.
925 4664 1036 4729 Prisce
1063 4665 1171 4747 presb.
1188 4660 1276 4726 card.
1292 4666 1313 4741 ⁵,
1329 4658 1544 4737 renuntiarit,

218 4844 238 4889 l.
260 4842 344 4901 Rrom,
365 4846 519 4892 1111117.-
539 4846 562 4890 2.
585 4842 713 4892 Derillers.
732 4844 799 4888 (lrrt.
820 4839 862 4887 dm
886 4838 978 4886 (liniter
995 4835 1025 4883 de
1045 4834 1087 4887 II..
1103 4832 1257 4889 11127.-
1273 4832 1294 4877 3.
1316 4830 1395 4877 Gillen
1407 4826 1486 4875 Oneul
1499 4826 1544 4889 (al.

184 4915 282 4967 (lucain,
302 4918 387 4972 Onia«,
405 4918 566 4980 0311111111).-
583 4919 605 4965 4,
619 4916 811 4964 (lf,‹leTl1mrx;
828 4915 860 4971 ll,
873 4914 944 4960 50-51
962 4926 967 4968 ;
988 4910 1070 4966 Brom,
1084 4922 1108 4957 11.
1122 4908 1187 4963 869;
1206 4904 1306 4961 11111011,
1319 4902 1394 4961 111111,
1407 4904 1453 4949 27ῖ
1466 4917 1471 4949 :
1486 4901 1544 4949 llor-

186 5004 263 5047 maus,
280 4991 326 5042 lll.
340 4994 394 5041 337.
406 5021 438 5027 --
455 4998 477 5041 .’1
490 4993 582 5040 Gotius·
596 4990 726 5050 llutlugliu
738 4988 842 5049 (Eubel.
858 4988 875 5040 l,
889 4986 943 5045 lt).
