3650 5675
719 572 806 648 1315,
830 574 868 638 ter
889 575 1015 641 octobre.
1486 581 1548 647 233

185 734 340 792 mentum
355 724 457 792 officii
474 724 662 792 cessionum
678 726 767 793 curie
793 724 962 794 Morinen.
989 731 1113 814 absque
1138 728 1250 815 aliquo
1274 732 1549 802 contradictionis

186 851 245 897 6611
259 830 484 896 revocationis
494 832 679 912 obstaculo,
693 838 728 897 et
738 831 820 897 illud
829 831 978 898 officium
991 833 1078 899 idem
1089 832 1238 902 Thomas
1253 837 1352 904 166161
1369 859 1428 926 per
1442 860 1478 905 se
1493 839 1548 906 vel

184 955 246 1021 per
267 934 439 1021 ydoneum
464 935 632 1001 notarium
658 936 745 1000 bene
772 942 807 1001 et
833 936 1045 1002 laudabiliter
1069 940 1225 1021 exerceri,
1241 942 1296 1006 vel
1321 942 1347 1007 si
1373 944 1548 1028 contingat

185 1060 290 1106 unum
313 1060 436 1106 vacare
460 1038 502 1105 (16
527 1039 655 1105 duobus
680 1038 798 1106 officiis
824 1040 917 1126 virge
947 1062 1005 1107 seu
1038 1044 1239 1127 sarganterie
1264 1044 1353 1111 curie
1379 1044 1547 1114 Morinen.

185 1164 245 1231 per
260 1144 466 1211 amotionem
481 1144 537 1209 vel
553 1142 645 1225 alias,
669 1151 705 1210 et
730 1143 818 1209 idem
843 1142 995 1212 Thomas
1019 1145 1100 1211 illud
1124 1148 1288 1230 maluerit,
1314 1150 1404 1234 quod
1419 1150 1547 1216 dictum

186 1246 334 1316 officium
349 1249 440 1336 virge
456 1246 579 1315 habeat
605 1248 648 1314 ad
662 1248 768 1314 vitam
784 1268 877 1314 suam
904 1249 1079 1317 dumtaxat
1094 1252 1289 1334 tenendum,
1305 1261 1341 1318 et
1360 1253 1546 1340 predictum

185 1352 333 1420 officium
346 1353 535 1420 cessionum
552 1352 691 1418 omnino
707 1352 858 1420 dimittat
872 1376 881 1435 ;
899 1361 934 1420 et
948 1354 1097 1440 prefatus
1112 1356 1214 1443 episc.
1227 1365 1262 1423 et
1277 1378 1485 1425 successores
1497 1360 1546 1425 sui

184 1458 332 1545 episcopi
351 1456 519 1524 Morinen.
536 1459 693 1540 habeant,
710 1457 912 1544 possideant,
938 1460 1126 1546 percipiant
1153 1470 1187 1526 61
1203 1461 1318 1528 levent
1333 1470 1497 1551 perpetuo
1512 1472 1547 1530 et

183 1563 384 1629 hereditario
396 1564 469 1648 jure
485 1562 621 1628 seudum
633 1570 792 1628 vocatum
807 1562 926 1648 gallice
953 1585 971 1627 (1
987 1563 1037 1629 Le
1042 1565 1123 1653 sies
1135 1567 1194 1650 qui
1207 1565 1380 1653 faselum
1399 1568 1544 1634 Vairet»

182 1667 330 1733 existens
345 1675 416 1733 tam
431 1667 466 1732 111
482 1666 619 1733 civitate
647 1664 816 1733 Morinen.
832 1688 933 1751 quam
949 1675 1052 1749 extra,
1070 1668 1161 1753 quod
1175 1668 1311 1737 feudum
1327 1680 1422 1738 tenet
1437 1672 1547 1740 dictus

182 1769 333 1839 Thomas
348 1779 383 1837 et
398 1770 548 1859 possidet
564 1792 583 1837 a
600 1771 693 1837 dicto
709 1771 821 1857 episc,
837 1772 974 1836 nomine
990 1773 1203 1860 episcopatus
1215 1782 1250 1839 et
1266 1778 1348 1843 eccl.
1365 1774 1545 1859 Morinen.,

185 1884 219 1941 et
235 1876 283 1941 sic
298 1874 501 1962 permutatio
516 1874 597 1941 (11611
614 1874 703 1940 leudi
720 1896 797 1941 cum
823 1896 891 1942 uno
915 1876 1083 1943 dictorum
1110 1876 1297 1946 officiorum
1323 1884 1383 1946 sub
1400 1881 1546 1967 disjunc-

185 1980 279 2046 tione
295 1980 383 2047 facta
399 1978 460 2045 fuit
477 2000 554 2045 cum
569 1980 876 2047 renunciationibus
899 1989 934 2045 et
958 1982 1113 2048 clausulis
1137 1984 1426 2067 convenientibus
1446 1993 1546 2072 prout

185 2084 219 2149 111
234 2084 354 2152 11116116
369 2104 469 2171 super
484 2084 547 2150 hiis
563 2085 726 2151 6611166116
742 2086 839 2151 latius
856 2086 1058 2152 continetur.
1083 2086 1194 2169 Unde,
1211 2109 1254 2153 ne
1269 2088 1379 2155 dictus
1394 2098 1546 2157 contrac-

183 2198 237 2254 tus
247 2187 503 2275 permutationis
516 2186 646 2274 infringi
659 2188 771 2255 valeat
780 2189 834 2255 vel
848 2188 1036 2274 aliqualiter
1049 2189 1217 2273 infirmari,
1228 2212 1269 2257 eo
1281 2192 1457 2279 presertim
1469 2194 1547 2278 quia

182 2292 291 2359 dictus
307 2293 407 2380 episc.
424 2292 577 2381 promisit
592 2292 684 2359 dicto
710 2292 842 2359 Thonre
867 2316 901 2359 se
929 2301 1119 2361 curaturum
1143 2303 1179 2361 et
1204 2294 1369 2363 facturum
1394 2307 1546 2365 contrac-

182 2406 255 2464 tum
280 2398 468 2484 hujusmodi
495 2418 555 2485 per
582 2397 695 2464 sedem
711 2406 818 2484 apost.
834 2398 944 2465 facere
960 2399 1149 2465 confimran'
1165 2423 1173 2481 ;
1191 2421 1286 2487 supp.
1305 2402 1406 2489 episc.
1417 2424 1544 2469 11161116

181 2510 273 2569 ratus
289 2510 379 2587 quat.
394 2502 522 2570 dictum
539 2494 752 2569 contractum
767 2502 1034 2589 permutationis,
1047 2503 1134 2569 sicut
1149 2511 1201 2569 est
1216 2504 1347 2585 initum,
1358 2505 1541 2591 dignemini

181 2606 381 2673 confirmare
397 2614 487 2674 auct.
502 2615 622 2690 vestra,
639 2607 824 2673 tribuentes
839 2606 949 2673 eidem
974 2607 1107 2673 solitam
1130 2608 1259 2677 roboris
1282 2609 1485 2677 firmitatem.
1501 2651 1544 2663 —

184 2708 259 2776 Fiat
276 2710 317 2777 R.

223 2855 307 2918 926.
335 2847 423 2915 Item
439 2851 521 2936 sign.
538 2850 628 2936 quod
644 2850 714 2936 ipse
738 2851 875 2937 cupiens
899 2850 1080 2916 utilitatem
1107 2853 1189 2917 eccl.
1206 2872 1264 2917 sue
1281 2848 1447 2924 Morinen.
1463 2874 1541 2940 aug-

179 2961 343 3036 meritare,
359 2953 482 3020 habitis
498 2954 739 3021 deliberatione
764 2962 799 3020 et
815 2963 961 3021 tractatu
977 2953 1153 3041 diligenter
1177 2977 1254 3022 cum
1270 2956 1417 3044 capitulo
1435 2955 1537 3024 Mori·

178 3081 256 3125 nen.
284 3079 448 3144 causaque
472 3060 617 3145 cognita,
635 3060 712 3146 quia
738 3059 847 3125 visum
874 3059 937 3125 fuit
963 3059 1088 3126 eisdem
1111 3060 1144 3125 111
1171 3061 1352 3127 utilitatem
1378 3063 1459 3130 eccl.
1483 3083 1541 3130 sue

176 3162 373 3244 redundare,
389 3163 674 3250 permutationem
690 3163 769 3231 16611
786 3185 862 3230 cum
874 3163 893 3242 J
897 3165 1030 3231 ohanne
1043 3163 1235 3248 Lombardi,
1252 3165 1367 3233 franco
1382 3187 1445 3254 pro
1461 3175 1543 3235 tunc

182 3265 320 3333 homine
341 3267 422 3334 dicti
450 3267 610 3354 episcopi,
627 3269 758 3335 ratione
783 3290 841 3334 seu
865 3269 1002 3334 nornine
1018 3271 1100 3336 eccl.
1117 3291 1176 3336 sue
1190 3269 1351 3357 predicte,
1377 3272 1419 3338 de
1444 3272 1542 3340 infra·

181 3371 313 3458 scriptis
328 3375 426 3438 rebus
444 3382 478 3438 et
494 3373 528 3437 in
544 3373 650 3439 forma
674 3395 739 3458 que
755 3374 903 3458 sequitur
930 3395 938 3440 :
962 3373 1119 3442 videlicet
1136 3376 1226 3461 quod
1245 3376 1355 3443 dictus
1369 3376 1542 3456 Johannes

179 3475 312 3557 habeat,
324 3476 505 3563 possideat,
521 3477 685 3564 percipiat
709 3486 744 3543 et
770 3480 861 3544 levet
886 3499 987 3545 omne
1013 3481 1280 3546 emolumenturn
1297 3481 1398 3548 officii
1421 3481 1541 3567 signeti

179 3580 269 3646 curie
296 3578 464 3646 Morinen.
480 3581 605 3664 absque
631 3581 743 3666 aliquo
759 3581 1036 3648 contradictionis
1050 3584 1105 3648 vel
1120 3585 1343 3670 oppositionis
1366 3588 1541 3652 obstaculo

180 3683 339 3768 quamdiu
355 3684 460 3750 vitam
476 3682 607 3751 duxerit
623 3685 656 3750 in
673 3685 836 3768 humanis
853 3694 888 3752 et
903 3686 994 3771 quod
1010 3687 1091 3753 illud
1107 3687 1254 3754 officium
1277 3710 1337 3775 per
1363 3711 1398 3755 se
1413 3691 1467 3755 vel
1482 3710 1542 3776 per

179 3788 325 3873 aliquem
340 3789 512 3875 ydoneum
528 3789 706 3872 notarium,
724 3790 796 3877 ipso
822 3790 985 3877 impedito
1007 3792 1166 3877 legitime,
1193 3793 1336 3859 fideliter
1362 3795 1541 3875 exercebit,

178 3902 279 3978 prout
294 3894 396 3960 moris
411 3902 463 3960 est
477 3892 640 3960 hactenus
656 3893 765 3980 ipsum
781 3896 943 3975 exerceri3
958 3902 993 3962 et
1009 3896 1034 3961 si
1048 3897 1223 3981 contingat
1232 3898 1323 3981 quod
1340 3896 1447 3964 Maria
1459 3918 1541 3966 uxor

179 4017 238 4064 sua
265 3999 459 4085 supervivat
483 3997 544 4085 ipsi
561 3997 580 4076 J
584 3998 721 4080 ohanni,
742 3999 869 4084 prefate
887 3999 1005 4078 Marie,
1017 4020 1079 4087 pro
1095 4009 1130 4067 et
1146 4001 1179 4066 111
1194 4003 1541 4088 recompensationem

179 4121 236 4166 sue
252 4101 341 4168 dotis
356 4103 399 4169 ad
414 4103 520 4189 ipsam
537 4101 736 4188 pertinentis
763 4103 795 4168 111
820 4103 920 4170 leudo
937 4104 1154 4191 infrascripto,
1171 4114 1249 4192 post
1263 4106 1437 4172 decessum
1459 4106 1540 4174 dicti

178 4198 197 4278 J
201 4200 352 4284 ohannis,
371 4223 410 4268 20
426 4203 483 4269 lib.
500 4204 601 4271 Paris.
617 4207 714 4272 annis
730 4208 875 4292 singulis,
896 4208 1044 4293 qualibet
1057 4209 1245 4296 septimana
1269 4211 1445 4296 cujuslibet
1461 4213 1540 4295 anni

180 4305 275 4389 equis
289 4307 500 4392 portionibus
516 4309 713 4393 dividendis,
730 4311 877 4398 prelatus
900 4313 1002 4398 episc.
1018 4321 1053 4378 et
1066 4334 1271 4380 successores
1287 4315 1337 4380 sui
1352 4313 1490 4380 reddere
1506 4324 1541 4381 et

178 4410 1399 4502 solveretenebuntur,quamdiuipsapostdecessumdictiJohannisvitam
1409 4419 1541 4487 duxerit

178 4511 211 4578 in
222 4513 287 4581 hoc
298 4513 625 4604 mund0.Episc0pus
634 4540 715 4585 vero
725 4528 931 4586 memoratus
941 4529 976 4587 et
987 4540 1194 4587 successores
1203 4522 1252 4587 sui
1263 4526 1540 4607 tenebunt,habe-

175 4619 270 4698 bunt,
286 4618 505 4705 possidebunt
532 4643 574 4686 ex
603 4621 735 4707 integro
756 4644 831 4689 cum
849 4624 1003 4690 omnibus
1030 4623 1241 4710 pertinentiis
1257 4634 1291 4692 et
1306 4627 1540 4714 dependentiis

173 4721 247 4806 jure
263 4721 464 4789 hereditario
480 4733 645 4811 perpetuo
660 4748 776 4793 mense
792 4725 976 4814 episcopali
989 4749 1156 4794 annexum
1173 4729 1308 4796 lendum
1319 4724 1400 4800 dicti
1414 4731 1433 4810 J
1437 4733 1539 4801 ohan-

175 4825 237 4905 1116,
254 4825 379 4910 quoda
405 4827 497 4895 dicta
513 4831 595 4896 eccl.
612 4851 671 4896 seu
687 4832 729 4897 ab
746 4831 829 4918 ipso,
846 4832 984 4898 nomine
1000 4833 1090 4899 dicte
1106 4835 1188 4900 eccl.
1206 4833 1373 4903 Morinen.
1388 4842 1538 4919 tenebat,

175 4937 336 4996 vocatum
351 4932 471 5015 gallice
500 4955 517 4998 (
543 4931 593 5000 Le
596 4936 675 5024 fies
687 4940 728 5002 de
751 4935 932 5022 Bruges»,
960 4945 1030 5002 16111
1048 4939 1080 5001 in
1098 4938 1235 5005 civitate
1253 4939 1420 5008 Morinen.
1437 4965 1537 5028 quam

175 5042 270 5099 extra
286 5035 445 5101 situatum
462 5045 497 5102 et
512 5037 669 5120 existens,
686 5047 720 5104 et
736 5041 784 5107 sic
799 5041 1005 5127 permutatio
1020 5039 1100 5108 (11611
1118 5042 1206 5110 leudi
1223 5066 1300 5111 cum
1316 5043 1408 5113 dicto
1424 5045 1536 5114 officio
1613 5116 1616 5122 ,
