3650 5675
294 509 361 575 112·
714 512 802 587 1819,
823 509 865 575 27
885 509 1086 588 septembred
1107 513 1234 577 oetobre.

296 663 408 731 dare...
438 682 525 748 mag.
556 662 707 728 Arnaldo
736 660 866 728 Alberti
894 672 913 741 ¹,
938 662 1110 747 preposito
1141 662 1283 729 ecclesie
1310 663 1467 745 Ariensis,
1491 664 1659 735 Morinen.

298 766 395 845 dioc„
411 766 465 831 lic.
483 766 515 830 in
531 766 606 850 leg,
622 766 739 852 nepoti
756 765 858 851 ipsius
883 763 1071 845 cardinalis
1088 785 1164 830 cum
1179 766 1350 832 vacaverit
1372 788 1432 853 per
1445 788 1567 837 munus
1581 792 1660 838 con-

298 869 493 937 secrationis
509 869 771 955 impendendum
787 868 897 933 electo
912 866 1097 952 predicto...
1111 892 1120 948 ;
1137 890 1206 935 non
1231 872 1317 935 obst.
1333 871 1424 955 quod
1438 872 1528 939 idem
1543 874 1661 939 Amal-

298 972 360 1037 dus
374 972 500 1037 dictam
515 972 760 1058 preposituram
776 971 925 1037 Ariensis
941 972 1084 1036 ecclesie
1106 981 1141 1038 et
1157 973 1190 1037 in
1214 973 1331 1039 eadem
1348 976 1439 1041 acin
1455 974 1490 1041 N
1492 977 1660 1044 oviomen.

190 1074 192 1079 ’
300 1076 448 1141 ecclesiis
463 1076 683 1142 canonicatus
699 1084 734 1141 et
748 1077 840 1161 preb.
856 1073 1007 1140 noscitur
1021 1075 1183 1141 obtinere.
1205 1114 1237 1125 —
1265 1074 1343 1142 Fiat
1359 1076 1399 1143 R.

347 1221 443 1280 1813.
468 1212 557 1279 Item
572 1235 668 1301 supp.
684 1222 776 1300 quat.
792 1213 896 1280 modo
911 1213 1010 1278 simili
1036 1234 1206 1278 reservare
1227 1212 1409 1298 dignemini
1436 1224 1470 1280 et
1492 1217 1659 1302 provideri

300 1318 460 1402 mandare
476 1338 562 1403 mag.
580 1318 681 1385 Petro
695 1318 739 1383 de
749 1317 866 1399 BracO,
877 1317 1090 1383 decretorum
1105 1317 1207 1398 doct,
1219 1317 1396 1403 capellano
1405 1326 1521 1383 nostro
1531 1327 1566 1383 et
1574 1320 1659 1384 sacri

300 1420 413 1505 palatii
429 1422 531 1485 vestri
547 1421 723 1507 apostolici
739 1421 894 1502 auditori,
909 1421 952 1487 de
965 1442 1038 1487 can.
1054 1429 1089 1485 et
1104 1423 1197 1507 preb.
1213 1423 1295 1487 eccl.
1323 1421 1481 1502 Ariensis,
1493 1420 1659 1488 Morinen.

300 1525 397 1604 dioc,
414 1544 497 1607 quos
511 1534 606 1590 tenet
621 1527 770 1611 prefatus
788 1527 914 1592 electus
927 1548 936 1605 3
952 1546 1023 1590 non
1040 1527 1126 1591 obst.
1142 1525 1233 1610 quod
1246 1526 1336 1592 idem
1351 1546 1438 1611 mag.
1454 1524 1604 1612 Pletrus)
1626 1527 1658 1591 in

301 1628 417 1712 majori
433 1627 614 1695 Bituricen.
630 1638 665 1695 et
681 1630 712 1696 S.
730 1630 842 1697 Ursini
859 1629 1019 1710 ecclesiis,
1042 1624 1235 1710 Bituricen,
1252 1650 1325 1694 can.
1341 1637 1376 1693 et
1390 1632 1482 1715 preb.
1498 1650 1540 1696 ac
1554 1631 1660 1696 archi-

299 1731 434 1815 presbit.
449 1731 492 1797 de
508 1730 724 1815 Loberciaco,
749 1731 967 1799 Lemovicen.
982 1730 1081 1813 dioc,
1096 1719 1247 1798 noscitur
1273 1734 1434 1797 obtinere.
1450 1773 1493 1783 -
1519 1732 1594 1799 Fiat
1618 1732 1659 1799 R.

302 1841 374 1917 (18,
397 1836 437 1918 1).

346 1978 448 2037 1814.
472 1971 560 2037 Item
586 1973 690 2039 modo
716 1973 815 2039 simili
842 1993 1010 2038 reservare
1035 1982 1070 2037 et
1095 1972 1263 2057 provideri
1286 1973 1450 2038 mandare
1475 1973 1659 2058 dignemini

300 2074 485 2159 Reginaldo
502 2074 748 2157 Maubemardi,
764 2078 949 2142 camerario
957 2097 1028 2158 suo,
1038 2076 1081 2142 de
1096 2096 1170 2142 can.
1185 2084 1220 2141 et
1227 2080 1321 2161 preb.
1333 2078 1473 2142 ecclesie
1486 2077 1659 2159 Leodien.,

301 2200 386 2263 quos
407 2189 504 2246 tenet
519 2181 688 2267 sepefatus
699 2182 827 2247 electus
842 2203 850 2261 ;
867 2202 937 2247 non
961 2184 1038 2247 obst
1052 2181 1143 2265 quod
1158 2201 1232 2246 can.
1247 2193 1283 2245 et
1296 2184 1389 2266 preb.
1404 2190 1440 2246 et
1456 2181 1660 2248 archidiaco-

299 2292 416 2348 natum
432 2282 586 2350 Tirachie
603 2285 636 2349 in
652 2286 735 2351 eccl.
753 2284 949 2350 Laudunen.
966 2291 1001 2349 et
1016 2284 1364 2370 archipresbiteratum
1375 2284 1418 2350 de
1434 2283 1659 2369 Nigromonte

298 2407 375 2451 cum
391 2388 534 2453 ecclesia
551 2388 582 2453 S.
601 2387 740 2454 Martini
757 2388 818 2453 sibi
835 2408 979 2469 annexa,
995 2388 1162 2453 Albiensis
1176 2388 1274 2468 dioc,
1286 2388 1437 2453 noscitur
1452 2389 1659 2460 obtinere.-

301 2490 376 2556 Fiat
393 2490 433 2557 R.

342 2592 430 2660 Item
445 2594 548 2660 modo
564 2595 702 2661 simili...
722 2595 892 2662 Bernardo
915 2597 957 2661 de
973 2594 1077 2660 Turre
1105 2596 1186 2661 alias
1210 2595 1252 2660 de
1268 2594 1517 2681 Combornaria,
1533 2599 1659 2682 presbi-

299 2708 382 2779 tero,
395 2698 438 2764 de
454 2720 527 2764 can.
543 2708 578 2765 et
593 2702 685 2785 preb.
701 2700 784 2765 eccl.
799 2699 831 2764 S.
848 2698 1024 2783 Gaugerici
1041 2698 1267 2778 Cameracen,
1284 2718 1368 2783 quos
1382 2707 1479 2764 tenet
1491 2721 1658 2767 memora·

298 2810 352 2868 tus
367 2802 494 2869 electus
508 2826 517 2884 ;
535 2823 603 2869 non
620 2806 706 2869 obst.
723 2802 812 2888 quod
829 2803 1006 2869 ecclesiam
1030 2802 1167 2889 paroch.
1190 2802 1232 2868 de
1258 2800 1417 2884 Melhars,
1433 2799 1520 2871 dioc.
1536 2803 1658 2872 Lemo·

296 2907 416 2988 vicen,
447 2914 481 2972 et
505 2906 686 2991 quamdam
713 2907 877 2993 capellan.
894 2927 987 2992 perp.
1005 2906 1038 2970 in
1064 2907 1341 2973 vicecancellaria
1364 2917 1479 2973 nostra
1509 2911 1659 2975 noscitur

297 3011 459 3076 obtinere.
480 3047 513 3058 -
534 3009 611 3076 Fiat
628 3009 668 3076 R.

342 3112 420 3179 Dat.
436 3134 489 3199 ap.
506 3111 535 3175 V
538 3114 754 3180 illamnovam
773 3135 789 3198 5
807 3112 874 3180 kal.
891 3124 958 3180 oct.
976 3121 1009 3179 a⁰
1026 3117 1068 3180 8⁰.
1085 3115 1156 3199 (18,
1177 3122 1230 3198 rt).

352 3248 487 3331 1815.
1253 3287 1350 3351 1349,
1366 3284 1407 3347 27
1423 3269 1613 3353 septembre.

341 3366 444 3452 Supp.
462 3362 623 3445 P(etrusl,
649 3365 702 3430 tit.
719 3365 750 3430 S.
772 3365 924 3430 Susanne
947 3366 1110 3451 presbiter
1135 3368 1313 3434 cardinalis
1328 3383 1350 3450 ²,
1365 3379 1456 3454 quat.
1482 3371 1659 3457 capellano

297 3469 448 3535 familiari
476 3491 537 3535 suo
564 3467 705 3534 Matheo
720 3470 763 3534 de
778 3466 997 3554 Longebraie,
1012 3471 1197 3555 presbitero
1214 3470 1382 3540 Morinen.
1398 3473 1495 3554 dioc,
1512 3475 1554 3541 de
1580 3479 1658 3541 ben.

296 3575 411 3639 eccl...
426 3572 469 3638 ad
485 3573 583 3639 coll...
594 3571 731 3658 capituli
749 3569 1110 3656 Morinen.dignemini
1125 3576 1334 3658 providere...
1348 3602 1356 3657 ;
1380 3599 1450 3644 non
1465 3582 1551 3646 obst.
1567 3580 1657 3665 quod

297 3677 477 3762 quamdam
502 3676 665 3762 capellan.
691 3675 726 3739 in
752 3676 835 3741 eccl.
853 3675 885 3740 S.
909 3673 1029 3753 Jacobi
1055 3676 1098 3742 de
1123 3676 1332 3763 Valencenis,
1357 3702 1421 3766 que
1447 3691 1584 3770 propter
1607 3685 1657 3749 sui

296 3782 499 3846 tenuitatem
514 3780 557 3846 ad
583 3779 749 3845 decimam
776 3801 845 3845 non
872 3787 1020 3862 taxatur,
1045 3789 1081 3846 et
1106 3784 1245 3867 paroch.
1272 3787 1351 3852 eccl.
1379 3787 1422 3852 de
1448 3787 1657 3854 Cousturella

296 3885 419 3950 modici
434 3885 564 3965 valoris,
581 3887 776 3950 Atrebatem
791 3883 889 3964 dioc,
905 3884 1054 3949 noscitur
1069 3886 1230 3952 obtinere.
1248 3925 1288 3938 -
1306 3889 1382 3955 Fiat
1398 3889 1438 3956 R.

343 3989 421 4054 Dat.
437 4009 491 4075 ap.
509 3988 760 4054 Villamnovam
779 4009 795 4071 5
814 3987 881 4053 kal.
898 3995 966 4053 oct.
982 3995 1016 4053 a⁰
1032 3990 1075 4053 8⁰.
1092 3991 1162 4070 (18,
1181 3994 1221 4074 5).

351 4125 483 4208 1816.
1326 4163 1420 4228 1349,
1437 4146 1456 4228 ,i
1473 4147 1611 4211 octobre.

340 4243 486 4309 Rotulris
508 4244 799 4330 confirmacionem
824 4249 855 4307 et
876 4243 1078 4306 electionum.

342 4347 431 4414 Item
446 4347 544 4414 simili
561 4347 664 4413 modo
684 4347 882 4434 [dignemini
899 4345 1113 4432 continuare]
1144 4348 1346 4414 electionem
1360 4350 1484 4416 factam
1499 4353 1542 4417 de
1558 4351 1656 4437 lnge-

297 4471 403 4518 ranno
418 4452 461 4517 de
475 4450 694 4517 Grandisarto
710 4463 731 4532 ³,
749 4453 914 4517 canonico
930 4451 1071 4516 ecclesie
1088 4450 1258 4533 Leodien.,
1274 4452 1317 4518 ad
1332 4456 1538 4534 scolastriarn
1554 4457 1656 4542 ipsius

299 4557 449 4638 ecclesie,
466 4555 557 4641 quod
572 4554 720 4621 officium
736 4556 850 4621 existit
865 4575 890 4620 s.
907 4576 935 4621 c.

200 4751 203 4758 ·
298 4699 300 4706 >
332 4733 352 4780 l.
371 4729 476 4778 Amaurl
489 4730 595 4788 hubert,
609 4729 801 4792 provotd'nrre.
814 4730 865 4778 cite
876 4745 975 4779 comme
995 4731 1031 4778 tel
1051 4730 1106 4779 let
1125 4732 1177 4780 mai
1200 4733 1262 4779 1319
1279 4730 1412 4793 (Berliere,
1431 4732 1526 4780 Iit-reat.
1548 4730 1655 4794 aaalyt,

297 4819 323 4854 n.
334 4807 380 4852 118
391 4805 462 4862 3voir
474 4803 532 4866 plus
543 4803 609 4852 haut
620 4819 646 4854 n.
659 4803 727 4864 113).
738 4831 770 4838 -
780 4807 803 4853 2.
815 4805 899 4853 Pierre
912 4804 1045 4864 Bertmnd,
1056 4807 1148 4853 ancien
1159 4804 1256 4866 eroque
1266 4805 1378 4854 d’Arras.
1388 4831 1421 4840 —
1432 4806 1455 4853 3.
1467 4804 1530 4852 Voir
1537 4806 1620 4854 noar.
1632 4805 1656 4852 ll

296 4884 335 4927 ost
347 4876 398 4927 erte
410 4877 433 4928 le
444 4875 574 4939 dojuillet
586 4879 649 4926 1332
660 4877 740 4939 (Piot,
763 4877 868 4927 Clurtea
884 4877 928 4926 dea
945 4883 1032 4926 conclea
1047 4877 1080 4926 de
1090 4878 1198 4938 hhnror,
1210 4891 1237 4927 n.
1249 4880 1316 4939 513),
1328 4882 1356 4928 et
1371 4892 1405 4927 eu
1418 4878 1479 4927 1313
1488 4877 1619 4941 (Hoosem,
1631 4893 1654 4929 c.

295 4952 347 5013 30).
