3650 5675
708 519 790 591 1351,
814 517 911 581 26-27
934 518 1017 582 mai..
1477 524 1542 587 559

178 671 317 749 mitan0,
334 668 492 735 dederitis
527 670 560 734 in
586 669 756 735 mandatis
779 676 817 734 ut
843 668 981 733 fratrem
1008 667 1201 746 Johannem
1227 667 1269 731 de
1296 668 1327 732 S.
1354 667 1505 736 Martino
1521 682 1541 751 ¹,

178 771 337 837 Leodien.
353 771 451 853 dioc,
469 772 594 839 ordinis
620 772 659 839 B.
688 770 738 837 M.
763 771 805 836 de
833 770 1138 851 MonteCanneli,
1165 771 1268 836 libros
1295 772 1540 839 sententiarum

178 876 323 941 Parisius
338 876 372 940 in
388 876 491 943 domo
506 875 588 943 dicti
605 877 729 943 ordinis
744 877 854 959 legere
869 882 1074 960 procuraret,
1090 874 1228 960 ipseque
1260 876 1449 960 patriarcha
1465 898 1543 943 suos

178 1000 350 1065 processus
366 979 445 1046 fecit
460 982 494 1046 in
506 982 630 1048 talibus
642 988 830 1061 consuetos,
841 989 877 1044 et
888 988 1079 1066 presentem
1092 1000 1218 1045 annum
1233 979 1324 1044 dom.
1342 978 1542 1046 MCCCLI'n

180 1084 288 1148 eidem
304 1084 395 1149 fratri
421 1084 569 1163 Johanni
594 1086 868 1153 determinaverit
894 1104 953 1149 seu
979 1083 1197 1167 assignaverit
1221 1082 1264 1148 ad
1289 1084 1480 1167 legendum,
1505 1094 1543 1150 ut

179 1188 393 1274 premittitur,
422 1190 478 1274 qui
493 1190 555 1257 iuit
571 1192 604 1256 in
621 1190 741 1255 ultimo
764 1188 914 1274 capitulo
937 1188 1082 1272 generali
1099 1208 1159 1273 per
1181 1188 1374 1271 generalem
1403 1196 1438 1252 et
1454 1188 1541 1254 diffi-

181 1292 306 1357 nitores
333 1292 457 1359 ordinis
484 1296 709 1375 conlinnatus,
737 1292 874 1379 ipseque
900 1292 1001 1357 irater
1027 1289 1202 1367 Johannes
1229 1289 1361 1356 dubitet
1383 1311 1443 1376 per
1467 1312 1545 1357 suos

182 1397 312 1461 emulos
328 1416 426 1482 super
441 1397 609 1482 premissis
624 1396 794 1462 molestari
810 1418 819 1474 ;
837 1395 1020 1479 dignemini
1036 1414 1116 1478 ergo
1126 1393 1286 1479 premissa
1299 1393 1413 1459 omnia
1429 1402 1546 1459 aucto-

181 1500 281 1564 ritate
297 1507 405 1585 apost.
423 1520 464 1564 ex
480 1508 572 1565 certa
587 1500 728 1565 scientia
739 1500 938 1565 confirmare
949 1508 983 1564 et
995 1501 1182 1585 approbare
1198 1519 1207 1577 ;
1224 1518 1294 1562 non
1310 1500 1396 1563 obst.
1412 1498 1546 1582 quibus-

181 1622 312 1686 cunque
329 1603 625 1668 constitutionibus
641 1624 699 1667 seu
715 1602 980 1669 ordinationibus
1002 1601 1101 1667 factis
1117 1600 1261 1665 Parisius
1276 1599 1311 1664 in
1327 1600 1547 1680 contrarium,

181 1706 285 1769 etiam
298 1706 493 1790 juramento
509 1706 654 1786 vallatis,
679 1727 742 1772 nec
769 1706 860 1791 quod
886 1706 984 1769 fuerit
1012 1704 1148 1770 alterius
1173 1702 1343 1787 religionis
1367 1702 1544 1788 professus,

182 1809 309 1873 scilicet
327 1806 521 1889 Minorum;
538 1818 573 1883 et
589 1810 679 1894 quod
702 1810 913 1895 magistretur
936 1816 1090 1894 tempore
1113 1814 1148 1871 et
1171 1808 1247 1872 loco
1264 1807 1433 1872 consuetis
1454 1805 1546 1870 Pari-

183 1912 259 1992 sius,
275 1920 351 1993 etc,
364 1920 402 1977 ut
418 1912 451 1976 in
466 1914 589 1977 talibus
604 1912 674 1977 fieri
692 1914 877 1979 consuevit.
899 1950 931 1959 -
953 1911 1031 1976 Fiat
1047 1919 1084 1975 ut
1099 1911 1226 1996 petitur
1243 1908 1283 1974 R.

225 2015 303 2081 Dat.
320 2036 373 2101 ap.
390 2014 637 2081 villamnovam
655 2038 673 2097 9
689 2016 755 2081 kal.
770 2017 853 2101 junii
870 2024 903 2081 a⁰
923 2024 984 2080 10⁰.
1002 2016 1074 2099 (21,
1096 2015 1177 2097 12').

235 2152 375 2236 2158.
1251 2184 1347 2247 1351,
1363 2162 1406 2227 26
1422 2165 1500 2227 moi.

227 2270 315 2355 Sign.
341 2270 372 2336 S.
400 2270 439 2336 V.
464 2270 635 2348 Johaunes
659 2272 701 2337 de
728 2270 878 2351 Varenis,
904 2272 988 2335 alias
1014 2269 1123 2335 dictus
1143 2268 1270 2333 Parvus
1297 2267 1406 2332 socius
1422 2278 1442 2347 ²,
1470 2287 1543 2332 can.

184 2374 324 2440 ecclesie
340 2374 372 2439 S.
389 2373 479 2438 Petri
495 2375 652 2455 AriensiS,
671 2374 840 2441 Morinen.
857 2375 955 2454 dioc,
972 2373 1063 2458 quod
1085 2372 1212 2438 dudum
1229 2371 1269 2437 E.
1285 2371 1316 2435 S.
1333 2371 1392 2435 sibi
1410 2371 1453 2435 de
1470 2390 1543 2435 can.

184 2485 219 2541 et
235 2479 327 2563 preb.
342 2477 446 2563 ipsius
461 2477 602 2545 ecclesie
618 2479 650 2543 S.
674 2478 764 2543 Petri
780 2478 938 2557 Ariensis,
955 2497 1029 2542 vac.
1045 2497 1105 2561 per
1129 2484 1274 2540 mortem
1302 2473 1335 2539 N
1339 2473 1438 2539 icolai
1465 2472 1544 2537 Put-

183 2580 255 2660 tini,
280 2582 363 2646 alias
387 2581 429 2647 de
456 2579 611 2662 Pistorio,
636 2581 812 2647 mandavit
838 2580 1034 2667 provideri3
1061 2579 1104 2645 de
1134 2578 1263 2664 quibus,
1289 2578 1414 2641 virtute
1438 2576 1545 2662 gratie

186 2684 345 2770 Ejusdem
361 2685 564 2767 SanctitatiS,
581 2685 642 2750 suit
665 2685 725 2750 sibi
752 2684 916 2751 canonice
942 2683 1123 2770 provisum,
1150 2691 1185 2747 et
1208 2680 1380 2765 quandam
1404 2680 1545 2765 preben-

186 2788 308 2871 dulanr,
340 2809 442 2874 quam
472 2789 506 2855 in
533 2788 624 2856 dicta
649 2789 792 2857 ecclesia
817 2796 919 2856 antea
948 2807 1009 2872 per
1035 2786 1182 2871 quinque
1209 2804 1317 2849 annos
1343 2783 1546 2861 obtinuerat,

187 2893 398 2974 dimitteud0,
414 2894 661 2979 possessiouem
677 2893 844 2959 dictorum
860 2891 1082 2957 canonicatus
1097 2898 1132 2954 et
1154 2887 1324 2974 prebende
1340 2887 1459 2951 habuit
1474 2906 1546 2952 cor-

187 2998 347 3080 poralem,
371 2996 477 3060 tacito
501 3015 560 3082 per
586 2996 819 3079 ignorantiam,
848 2995 939 3079 quod
963 2993 1064 3079 ipsius
1090 2991 1254 3069 Johanuis
1280 2998 1386 3078 pater,
1412 2998 1547 3056 tantum

187 3099 417 3178 subdiaconus
434 3100 467 3163 in
484 3099 555 3185 ipsa
571 3100 712 3165 ecclesia
735 3107 859 3165 canet
886 3100 979 3184 preb.
1006 3117 1046 3162 ac
1066 3096 1273 3161 scolastriam
1296 3095 1448 3160 obtinere
1470 3113 1547 3158 uos-

188 3210 291 3267 catur.
308 3202 419 3286 Quare
436 3221 530 3288 supp.
548 3203 637 3268 idem
653 3201 835 3283 Johanues,
852 3209 944 3286 quat.
961 3221 1038 3266 cum
1061 3221 1113 3280 eo,
1130 3207 1168 3264 ut
1191 3198 1349 3285 predictis
1364 3219 1433 3264 non
1450 3199 1547 3276 obst,

187 3305 295 3370 dictos
310 3326 387 3370 can.
402 3313 438 3369 et
454 3308 546 3390 preb.
563 3306 714 3371 obtinere
730 3315 765 3371 et
780 3307 872 3371 licite
887 3306 1032 3370 retinere
1055 3304 1180 3383 valeat,
1204 3302 1387 3386 dignemini
1404 3301 1547 3367 auctori-

186 3416 259 3473 tate
275 3416 384 3494 apost.
399 3409 590 3494 dispensare
605 3408 647 3474 de
663 3410 771 3494 gratia
793 3408 1015 3494 amplioriac
1031 3407 1056 3472 si
1080 3406 1122 3471 de
1145 3407 1303 3492 predictis
1325 3426 1394 3472 uon
1411 3408 1496 3470 obst.
1513 3406 1548 3470 in

186 3512 293 3596 gratia
308 3513 370 3577 sibi
385 3512 428 3577 (10
444 3513 547 3578 dictis
569 3533 640 3578 can.
669 3522 704 3578 et
727 3515 819 3598 preb.
847 3533 907 3598 per
932 3532 993 3576 vos
1009 3511 1098 3576 facta
1125 3510 1278 3596 specialis
1302 3510 1430 3575 mentio
1457 3509 1547 3574 facta

188 3616 274 3681 soret
287 3639 295 3696 ;
310 3637 387 3682 cum
404 3616 523 3681 ceteris
538 3637 608 3682 non
624 3619 711 3682 obst.
727 3658 770 3666 -
787 3616 865 3681 Fiat
882 3616 922 3681 R.

232 3719 310 3785 Dat.
328 3739 382 3805 ap.
399 3719 648 3786 Villamnovam
665 3739 683 3804 7
700 3721 766 3786 kal.
779 3721 863 3805 junii
880 3727 913 3785 a⁰
934 3727 997 3784 10⁰.
1013 3719 1170 3798 (21,12).

241 3854 547 3938 2159-2160.
1257 3886 1352 3949 1351,
1370 3883 1411 3948 27
1427 3868 1506 3930 mai.

233 3973 335 4058 Supp.
353 3971 456 4058 Hugo
471 3974 513 4040 de
530 3972 696 4057 Lisignen,
718 3973 803 4038 filius
824 3969 1066 4057 primogenitus
1087 3969 1174 4054 regis
1190 3967 1290 4054 Cipri,
1307 3979 1399 4053 quat.
1414 3969 1550 4052 [clerico

191 4086 226 4140 et
241 4075 392 4142 familiari
409 4097 469 4142 suo
484 4077 503 4154 J
507 4075 649 4162 ohanui]
669 4076 767 4142 Paiot
782 4076 825 4142 de
841 4075 1010 4155 Vernolia,
1028 4072 1277 4138 Claromonteu.
1302 4072 1400 4152 dioc,
1417 4073 1459 4137 de
1475 4093 1549 4139 can.

190 4186 226 4243 et
241 4181 332 4264 preb.
350 4179 566 4244 ecclesiarum
593 4180 625 4244 S.
643 4179 818 4264 Gangerici
845 4178 1064 4243 Cameracen.
1091 4186 1126 4242 et
1152 4175 1191 4242 B.
1219 4173 1268 4240 M.
1291 4177 1337 4241 de
1364 4176 1550 4256 Anthoni0,

191 4282 407 4348 Cameracen.
424 4282 521 4364 dioc,
538 4303 680 4368 quorum
695 4285 850 4370 primum,
863 4283 960 4366 juxta
974 4281 1183 4346 taxationem
1198 4279 1336 4364 antique
1351 4280 1492 4361 decime,
1508 4280 1550 4347 ad

191 4388 341 4452 valorem
357 4407 397 4471 42
415 4387 573 4452 librarum
588 4387 740 4454 ascendit
756 4411 764 4467 ;
781 4387 945 4468 reliquum
968 4392 1081 4449 autem
1097 4404 1165 4448 non
1182 4391 1232 4448 est
1253 4384 1339 4448 tanti
1356 4384 1488 4465 valoriS,
1515 4391 1550 4448 et

192 4491 326 4555 vacavit
342 4491 376 4555 in
392 4491 483 4556 curia
498 4491 642 4576 primurn
658 4511 717 4576 per
741 4493 794 4555 ob.
821 4488 840 4566 J
844 4488 988 4554 ohannis
1014 4487 1056 4552 de
1082 4485 1240 4552 Nexonio
1255 4497 1276 4567 ³,
1294 4486 1384 4552 aliud
1410 4508 1469 4573 per
1495 4490 1549 4553 ob.

192 4592 329 4658 Gerardi
347 4593 490 4675 Clarart,
507 4595 563 4679 qui
579 4597 681 4659 ambo
697 4601 792 4659 extra
810 4591 907 4657 Rom.
919 4591 1046 4656 curiam
1059 4591 1223 4672 obierunt,
1240 4598 1275 4654 et
1289 4590 1552 4656 reservationem

227 4733 248 4780 l.
260 4732 320 4778 l'oir
332 4747 357 4782 n.
371 4735 440 4781 10911,
453 4731 476 4780 11
487 4732 578 4781 devint
589 4731 687 4793 evaque
698 4732 730 4781 de
741 4729 826 4794 «Ioppe
846 4730 869 4778 le
890 4730 919 4776 17
942 4743 1010 4777 mars
1031 4730 1093 4777 1357
1106 4727 1206 4789 (Eubel,
1221 4727 1239 4781 Ι,
1253 4729 1314 4789 297)
1326 4735 1352 4776 et-
1364 4729 1510 4791 sullrogant
1522 4729 1554 4776 dc

193 4803 277 4866 nugo.
299 4805 321 4852 ll
339 4811 443 4852 mourut
464 4805 488 4853 le
505 4807 537 4853 24
555 4805 688 4854 decembre
707 4805 881 4867 lbllfflrnst,
897 4801 1363 4864 8101100000,111-117ςο1,11001110,
1381 4801 1503 4862 Clurtrrl„
1517 4803 1551 4861 II,

194 4880 240 4926 599
253 4893 258 4936 ;
272 4878 320 4936 Ill,
333 4880 413 4938 9-10).
425 4905 457 4912 -
469 4881 491 4926 2.
505 4879 569 4927 Sans
579 4878 658 4927 doute
678 4879 771 4928 biturd
790 4877 826 4926 du
845 4878 984 4927 collecteur
1002 4875 1035 4924 de
1051 4889 1152 4924 cenom
1164 4891 1171 4933 3
1184 4877 1238 4924 voir
1249 4889 1274 4922 n.
1292 4879 1364 4926 2082.
1377 4905 1408 4914 -
1420 4879 1443 4926 3.
1458 4878 1517 4924 voir
1528 4891 1553 4925 u.

197 4953 248 5002 193.
262 4953 315 5008 685,
330 4953 339 4998 1
345 4953 476 4999 obblatio.
