3650 5675
276 464 338 531 224
805 461 892 536 1345,
915 458 1008 524 28-29
1030 462 1110 524 aollt.

329 611 440 695 901.
1337 640 1432 706 1345,
1449 624 1493 687 28
1506 626 1594 688 norit.

322 730 353 796 S.
371 730 410 795 V.
426 727 552 796 dudum
579 725 658 792 fecit
673 746 720 811 gr.
736 723 905 790 Bernardo
922 721 1069 806 Consilii,
1093 727 1201 811 presb.
1218 722 1433 792 Lemovicen.
1449 725 1537 793 dioc.
1554 736 1573 809 ¹,
1596 725 1640 792 de

278 834 444 902 decanatu
460 833 542 899 eccl.
558 831 589 896 S.
606 830 721 896 Amati
734 828 930 910 Duacensis,
941 830 1138 897 Atrebatem
1150 830 1248 913 dioc,
1260 840 1342 897 tunc
1362 852 1435 898 vac.
1447 853 1507 918 per
1521 832 1639 917 resign.

278 940 332 1005 vel
349 938 438 1018 alias,
447 935 491 1002 ad
505 934 760 1022 dispositionem
775 942 921 1013 vestram
933 944 1119 1021 spectante,
1136 936 1235 1001 certis
1250 936 1311 1002 sibi
1326 955 1424 1023 super
1439 936 1505 1003 hoc
1520 956 1640 1003 execu-

168 1120 170 1133 .
277 1042 405 1109 toribus
419 1040 598 1128 deputatis.
615 1038 737 1105 Verum
754 1038 908 1105 canonici
924 1046 960 1103 et
973 1038 1157 1124 capitulum
1173 1038 1263 1104 dicte
1279 1039 1360 1105 eccl.
1373 1038 1482 1125 ipsum
1499 1038 1641 1105 Bernar-

278 1146 359 1211 dum
375 1143 419 1211 ad
428 1143 556 1211 dictum
572 1143 776 1209 decanatum
792 1150 827 1208 et
843 1142 913 1228 ejus
929 1143 1173 1231 possessionem
1190 1143 1369 1210 admittere
1384 1152 1577 1211 recusarunt
1601 1152 1637 1210 et

279 1256 443 1331 recusant,
460 1268 521 1335 pro
537 1268 580 1315 eo
595 1247 682 1313 inter
693 1255 806 1313 cetera
830 1245 920 1329 quod
935 1247 1025 1313 idern
1053 1246 1240 1314 Bernardus
1255 1268 1323 1314 non
1340 1257 1392 1315 est
1407 1270 1481 1316 can.
1498 1249 1640 1315 ecclesie

281 1353 455 1441 prelibate.
481 1352 592 1437 Quare
619 1371 714 1438 supp.
732 1350 771 1416 F..
785 1350 816 1415 S.
834 1348 872 1416 V.
886 1358 978 1435 quat.
995 1351 1056 1417 sibi
1082 1352 1125 1418 de
1150 1374 1223 1419 can.
1250 1354 1353 1440 ipsius
1375 1356 1457 1420 eccl.
1473 1358 1534 1421 sub
1563 1374 1641 1441 exp.

282 1460 374 1545 preb.
404 1455 586 1543 dignemini
617 1454 815 1543 providere3
847 1476 916 1521 non
943 1458 1029 1522 obst.
1060 1457 1151 1543 quod
1181 1477 1256 1524 can.
1286 1461 1346 1526 sub
1381 1479 1456 1546 exp.
1487 1460 1577 1546 preb.
1608 1458 1643 1524 in

283 1564 364 1629 eccl.
382 1562 412 1628 S.
430 1560 622 1644 Andomari,
639 1568 673 1626 et
688 1557 841 1648 parroch.
863 1561 945 1627 eccl.
966 1557 1009 1627 de
1029 1559 1186 1647 Vassiers,
1205 1561 1371 1630 Morinen.
1387 1573 1422 1630 et
1442 1563 1531 1630 dicte
1547 1565 1644 1629 Atre·

282 1670 397 1735 baten.
413 1666 511 1749 dioc,
527 1665 674 1732 noscitur
690 1664 862 1747 obtinere;
878 1685 979 1751 quam
995 1667 1077 1733 eccl.
1093 1666 1261 1734 dimittere
1276 1666 1445 1736 tenebitur
1457 1688 1518 1756 per
1531 1665 1644 1734 decre·

285 1780 358 1839 tum
383 1770 413 1838 S.
431 1770 481 1854 V.,
498 1772 743 1857 quamprimum
767 1769 1011 1857 possessionem
1037 1768 1118 1837 dicti
1141 1770 1325 1838 decanatus
1348 1771 1525 1860 pacificam
1546 1772 1646 1839 fuerit

288 1881 466 1944 assecutus.
480 1874 525 1942 Et
539 1895 608 1942 non
624 1876 709 1942 obst.
722 1874 812 1960 quod
828 1895 889 1961 pro
911 1884 1007 1962 parte
1022 1876 1188 1944 dictorum
1204 1876 1441 1945 canonicorum
1457 1887 1491 1945 et
1507 1875 1645 1966 capituli

288 1989 406 2047 eontra
432 1980 655 2068 provisionem
683 1978 744 2047 sibi
770 1977 894 2045 factam
918 1979 961 2045 de
985 1979 1077 2046 dicto
1101 1979 1269 2048 decanatu
1291 1981 1389 2049 fuerit
1413 1982 1645 2069 appellatum

287 2104 346 2151 seu
361 2081 450 2171 quod
466 2083 574 2171 primo
589 2104 657 2151 uon
673 2082 771 2149 fuerit
786 2090 919 2150 creatus
934 2084 1114 2152 canonicus
1129 2107 1230 2172 quam
1246 2086 1401 2153 decanus.
1432 2122 1469 2134 -
1490 2085 1647 2153 Provide·

287 2210 361 2255 mus
387 2189 448 2255 sibi
464 2188 506 2254 de
522 2208 612 2255 novo
632 2187 674 2255 de
701 2188 889 2261 dictiscan.
906 2192 967 2255 sub
982 2210 1058 2277 exp.
1083 2193 1184 2277 preb,
1201 2197 1237 2256 et
1252 2190 1355 2257 etiam
1382 2189 1424 2256 de
1440 2189 1532 2257 dicto
1547 2189 1647 2257 deca·

286 2302 379 2377 natu,
390 2293 522 2360 etiamsi
532 2293 632 2380 dign,
648 2294 779 2361 etiamsi
789 2315 819 2361 c.
836 2314 875 2376 c.,
889 2294 1021 2361 etiamsi
1037 2293 1230 2383 principalis
1245 2294 1399 2382 dignitas,
1416 2303 1451 2362 et
1466 2296 1501 2361 iu
1517 2295 1647 2362 meliori

290 2399 407 2467 sonna.
421 2398 460 2466 R.

331 2504 410 2572 Dat.
425 2503 526 2570 Avin.
544 2524 561 2589 5
578 2503 644 2571 kal.
660 2513 746 2593 sept.
762 2511 794 2573 a⁰
810 2512 853 2593 4⁰.
870 2506 920 2590 (9,
941 2504 1029 2591 164).

339 2640 592 2727 902·9Ο3.
1347 2676 1407 2740 134
1410 2674 1441 2737 5,
1458 2675 1499 2742 29
1515 2661 1603 2723 aurit.

331 2763 433 2851 Supp.
449 2762 486 2829 fr.
503 2762 630 2845 Petrus,
652 2760 752 2850 episc.
768 2759 811 2826 de
829 2756 997 2846 Hardany
1007 2776 1028 2842 ²,
1039 2766 1130 2844 quat.
1143 2758 1355 2826 Theodorico
1366 2759 1409 2825 de
1421 2758 1593 2843 Bemeem‚
1610 2768 1645 2825 et

290 2866 480 2955 Margarete
496 2875 530 2933 et
548 2865 665 2948 Marie,
679 2866 843 2933 sororibus
858 2865 939 2951 ejus,
957 2863 1102 2949 Georgio
1114 2864 1157 2931 de
1174 2863 1396 2931 Machenaers
1411 2874 1446 2932 et
1462 2865 1643 2946 Elisabeth,

288 2972 381 3038 uxori
397 2972 477 3058 ejus,
493 2971 679 3038 Tomaceu.
695 2970 792 3053 dioc,
814 2969 899 3057 [ind.
915 2968 950 3034 in
977 2977 1037 3035 art.
1053 2977 1152 3036 mort.
1168 2969 1353 3037 concedere
1377 2967 1587 3056 dignemini].
1608 3006 1639 3017 —

290 3074 367 3142 Fiat
381 3075 420 3142 R.

332 3221 416 3283 903.
434 3213 522 3280 Item
545 3212 626 3298 sign.
650 3213 739 3278 idem
764 3211 876 3299 episc,
894 3209 985 3297 quod
1000 3233 1076 3280 cum
1091 3210 1163 3300 ipse
1177 3211 1331 3279 habuerit
1346 3213 1410 3280 aS.
1427 3212 1467 3280 V.
1483 3212 1527 3278 de
1541 3211 1649 3299 gratia

289 3318 435 3405 speciali,
451 3326 489 3384 ut
511 3318 546 3382 in
563 3317 744 3383 subsidium
759 3315 861 3382 Terre
877 3317 1000 3382 Sancte
1016 3337 1149 3383 crucem
1169 3338 1229 3405 per
1245 3317 1436 3384 Flandriam
1452 3325 1554 3404 atque
1569 3317 1648 3384 Bra-

289 3423 443 3502 bantiam
455 3431 490 3488 et
505 3421 708 3503 Zelandiam,
724 3442 801 3487 cum
816 3420 1031 3506 indulgentiis
1046 3421 1089 3487 ad
1111 3423 1177 3488 hoc
1200 3422 1356 3508 elargitis,
1371 3422 1462 3490 idem
1477 3421 1514 3489 fr.
1532 3422 1649 3488 Petrus

289 3528 415 3615 populo
430 3528 541 3594 valeat
556 3525 737 3613 predicare,
753 3533 788 3591 et
804 3524 914 3592 eidem
940 3546 1073 3592 crucem
1088 3527 1261 3613 imponere
1285 3536 1374 3594 auct.
1398 3535 1517 3615 apost,
1533 3526 1575 3593 de
1599 3527 1648 3592 sui

289 3631 465 3718 superioris
475 3629 660 3697 immediati
673 3631 829 3712 licentia;
847 3650 942 3718 supp.
959 3639 1050 3716 quat.
1067 3632 1173 3718 gratia
1185 3631 1245 3698 sibi
1262 3633 1352 3719 prius
1367 3631 1471 3699 aS.V.
1488 3651 1648 3699 concessa

288 3736 337 3803 uti
352 3737 468 3804 valeat
483 3736 517 3802 in
532 3735 714 3802 subsidium
730 3743 847 3802 contra
863 3735 1024 3818 Turchos,
1041 3745 1118 3820 etc,
1134 3736 1220 3804 utin
1236 3736 1354 3805 forma.
1376 3775 1408 3787 —
1426 3736 1504 3804 Fiat
1521 3734 1562 3804 R.

333 3841 411 3908 Dat.
427 3841 528 3907 Avin.
547 3863 566 3926 4
582 3838 647 3908 kal.
664 3848 748 3928 sept.
765 3848 798 3907 a⁰
814 3849 857 3928 4⁰.
875 3841 925 3926 (9,
946 3843 1049 3927 162V).

341 3978 597 4066 904·905·
1349 3994 1410 4080 134
1413 4014 1443 4077 5,
1461 4012 1502 4081 29
1517 3998 1606 4062 auat.

335 4097 434 4167 Pater
449 4100 581 4168 Sancte.
599 4098 718 4189 Nuper
733 4101 763 4169 S.
780 4100 820 4168 V.
837 4100 880 4168 ad
895 4101 1072 4188 supplicat.
1093 4099 1334 4189 [Raymundi],
1345 4100 1447 4188 episc.
1472 4099 1649 4182 Morinen.,

291 4201 371 4271 iecit
385 4225 432 4290 gr.
449 4202 620 4274 Bernardo
635 4205 677 4272 de
694 4205 906 4272 Castanhaco
921 4214 942 4288 ³,
958 4205 1075 4292 nepoti
1090 4205 1171 4270 dicti
1187 4205 1346 4292 episcopi,
1363 4203 1405 4270 de
1421 4225 1494 4271 can.
1507 4214 1542 4271 et
1557 4206 1649 4291 preb.

292 4308 374 4377 eccl.
391 4309 430 4377 B.
448 4305 496 4376 M.
513 4309 556 4376 de
572 4309 880 4397 Fauquemberghe,
906 4317 941 4376 et
965 4329 1050 4396 pers.
1073 4309 1116 4376 de
1133 4307 1279 4392 Merues,
1301 4307 1468 4376 Morinen.
1484 4308 1582 4392 dioc,
1609 4328 1651 4375 ac

325 4555 347 4604 1.
359 4553 420 4601 Voir
432 4568 456 4603 n.
469 4557 506 4614 65,
526 4555 580 4602 772.
592 4581 624 4588 —-
635 4555 657 4602 2.
671 4552 717 4602 Cet
734 4551 836 4614 tueque,
857 4551 890 4600 de
910 4550 1001 4601 l'ordre
1018 4550 1050 4600 de
1068 4551 1092 4599 S.
1112 4551 1272 4611 Domiuique,
1285 4552 1479 4615 probablemcnt
1491 4551 1605 4600 titulaire
1616 4550 1652 4598 du

291 4626 358 4686 siege
369 4628 401 4676 de
415 4629 501 4676 llnmu
522 4627 624 4690 (Rubel,
644 4629 663 4686 l,
682 4628 749 4689 282),
771 4629 862 4675 assisto
874 4626 897 4674 le
910 4629 925 4672 6
941 4625 999 4688 juin
1011 4628 1074 4673 1350
1086 4627 1102 4673 ir
1113 4624 1138 4673 la
1150 4622 1325 4673 contrectation
1336 4627 1368 4675 de
1380 4627 1471 4684 Plorrc,
1483 4624 1522 4674 er.
1533 4625 1566 4674 dc
1579 4627 1653 4674 coria

292 4701 337 4762 (rb.
352 4703 385 4755 11.
399 4703 466 4762 325).
481 4703 515 4750 Le
530 4705 557 4748 17
570 4703 673 4749 octobre
685 4704 794 4757 suivant,
807 4703 825 4748 rl
837 4716 957 4750 consur-ra
973 4702 999 4749 ln
1016 4699 1130 4762 chnpullo
1147 4700 1179 4746 do
1198 4700 1221 4746 tl.
1235 4700 1347 4748 Laurent
1360 4703 1373 4748 ir
1387 4701 1532 4759 Ooslaclsor,
1545 4697 1602 4762 pri-s
1621 4700 1653 4746 dc

293 4774 368 4822 (lund
381 4776 469 4837 (Arclr.
481 4777 513 4824 rle
525 4775 606 4823 l'Elat
619 4778 634 4824 ir
646 4775 727 4830 (laud,
745 4774 843 4823 (lrr'trrl.
855 4775 886 4822 do
898 4775 1036 4830 Nl-Burou,
1050 4783 1078 4820 11⁰
1092 4776 1111 4831 l,
1125 4775 1143 4821 f.
1158 4776 1186 4820 17
1197 4775 1235 4832 l'),
1248 4780 1281 4830 ot,
1295 4774 1318 4821 lc
1331 4777 1343 4820 7
1355 4773 1420 4821 nuril
1435 4776 1502 4822 1359.
1517 4772 1610 4832 l'dglisc
1621 4771 1652 4819 tle

292 4847 409 4910 l'lrbpital
429 4848 460 4898 ‹le
479 4849 505 4896 la
525 4849 637 4898 Potterie
656 4851 672 4897 b
694 4849 789 4909 Bruges
809 4849 945 4911 (Archives
963 4850 996 4896 dc
1012 4849 1038 4896 ln
1059 4849 1176 4901 Porterie,
1194 4849 1343 4896 chunutus
1356 4864 1362 4907 ς
1375 4848 1509 4907 Surnlerua
1523 4845 1651 4894 blandriu

295 4922 381 4984 illurn,
396 4923 444 4982 lll,
464 4925 506 4970 llil
526 4938 531 4980 ;
545 4923 629 4971 Herna
642 4921 799 4984 be'ucsdicline,
815 4925 882 4982 ltus,
896 4938 939 4987 pp.
952 4923 1080 4984 arr-274).
1092 4950 1124 4958 -
1140 4923 1163 4971 3.
1176 4921 1238 4970 voit
1249 4936 1274 4970 n.
1287 4923 1342 4970 797.
