3650 5675
641 537 729 616 1346,
753 534 841 600 18-22
863 534 1035 612 septembre.
1440 538 1518 600 ·277

158 687 250 764 dicta
272 689 347 754 ben.
370 688 437 754 sint
463 689 554 776 apud
579 689 693 756 sedem
717 695 824 773 apost.
848 694 1026 767 reservata,
1052 686 1201 752 conferre
1224 685 1428 771 dignemini3
1450 713 1519 757 non

158 794 245 857 obst.
261 791 351 876 quod
370 792 459 857 idem
476 792 652 867 ,Henricus
666 793 708 858 de
724 790 844 856 Salinis
857 789 892 854 in
908 789 1103 875 Lingonen,
1120 789 1151 854 S.
1179 788 1342 866 Johannis
1357 790 1518 861 Leodien.

159 903 195 960 et
216 893 259 960 de
270 895 431 980 Soyneyo
448 913 468 977 ¹,
484 896 699 963 Cameracen.
717 895 814 974 dioc,
831 894 990 973 ecclesiis,
1014 914 1086 959 can.
1110 901 1145 958 et
1154 896 1245 978 preb.
1266 896 1415 961 noscitur
1433 899 1519 963 obti-

160 1019 248 1064 nere.
260 1039 303 1048 -
317 998 394 1064 Fiat
405 1021 466 1086 pro
482 1010 634 1086 utroque.
651 999 691 1065 R.

204 1103 281 1167 Dat.
296 1104 397 1168 Avin.
417 1125 454 1188 14
470 1103 536 1169 kal.
553 1113 620 1170 oct.
636 1111 669 1169 a⁰
686 1110 728 1188 5⁰.
745 1103 817 1185 (12,
835 1101 903 1185 20).

216 1224 355 1307 1065.
1117 1234 1212 1317 1346,
1229 1235 1272 1298 18
1287 1237 1476 1321 septembre.

203 1341 305 1427 Supp.
320 1340 487 1423 Johanna,
503 1341 616 1427 regina
633 1339 795 1420 Navarre,
812 1346 902 1422 quat.
916 1337 1020 1424 [mag.
1038 1335 1218 1403 Guillelmo
1228 1337 1270 1403 de
1287 1337 1520 1419 Calvomonte,

160 1445 195 1508 in
212 1443 257 1510 U.
274 1443 302 1510 I.
317 1444 382 1525 lic.,
399 1446 599 1510 cancellario
614 1465 675 1510 suo
688 1443 730 1530 ²],
745 1442 788 1508 de
804 1462 878 1508 can.
895 1449 930 1506 et
950 1440 1224 1506 archidiaconatu
1248 1443 1329 1507 eccl.
1344 1442 1520 1509 Ebroicen.

159 1547 343 1633 dignemini
373 1548 602 1634 providere...;
630 1569 701 1613 non
725 1548 811 1613 obst.
842 1544 933 1631 quod
962 1544 997 1608 in
1020 1544 1051 1610 S.
1077 1543 1240 1610 Mederici
1257 1545 1413 1611 Parisien.
1431 1554 1466 1611 et
1482 1546 1520 1612 B.

162 1651 331 1717 Laurentii
346 1653 390 1718 de
405 1651 423 1729 J
428 1652 566 1717 oinvilla
581 1673 620 1718 ac
636 1650 675 1716 B.
697 1650 829 1715 Thome
845 1647 1092 1734 crispiacensis,
1108 1647 1354 1714 Cathalaunen.
1368 1659 1403 1714 et
1418 1650 1522 1715 Silva-

161 1758 294 1821 necten.
310 1756 408 1836 dioc,
424 1776 499 1821 can.
521 1757 670 1841 etpreb,
687 1775 821 1820 necnon
845 1753 877 1817 in
903 1751 1072 1818 Morinen.
1094 1752 1244 1818 ecclesiis
1268 1773 1339 1819 can.
1364 1756 1423 1818 sub
1447 1774 1522 1839 exp.

162 1862 254 1946 preb.
270 1860 421 1924 obtinere
436 1867 604 1925 noscatur.
625 1896 657 1906 -
679 1857 756 1922 Fiat
772 1856 826 1928 R..

206 1963 286 2028 Dat.
301 1963 401 2028 Avin.
422 1983 460 2047 14
475 1962 541 2029 kal.
558 1970 625 2029 oct.
642 1969 675 2027 a⁰
693 1969 734 2046 5⁰.
752 1960 823 2044 (12,
841 1959 906 2043 21).

217 2083 363 2166 1066.
1119 2091 1214 2174 1346,
1233 2094 1274 2156 18
1292 2095 1480 2177 septembre.

206 2201 307 2287 Supp.
322 2200 497 2279 Johannes
511 2201 554 2267 de
571 2200 601 2266 S.
620 2199 826 2278 Andomaro,
843 2199 921 2262 cler.
943 2196 1113 2276 Parisien,
1130 2215 1218 2280 mag.
1235 2196 1269 2259 in
1286 2205 1346 2260 art.
1364 2217 1404 2262 ac
1420 2199 1524 2262 scola·
1549 2235 1550 2238 =

162 2306 206 2369 ris
221 2305 254 2369 in
281 2306 354 2390 jure
381 2305 456 2387 civ,
483 2311 573 2389 quat.
601 2303 662 2370 sibi
689 2303 731 2368 de
756 2305 834 2367 ben.
859 2303 940 2366 eccl.
957 2299 1000 2365 ad
1016 2300 1091 2365 coll.
1108 2299 1209 2385 episc.
1226 2306 1259 2363 et
1276 2319 1349 2384 cap.
1367 2299 1524 2366 Parisien.

162 2408 346 2494 dignemini
373 2409 603 2495 providere...,
618 2429 688 2474 non
704 2409 790 2472 obst.
812 2405 902 2489 quod
926 2405 1045 2490 capell.
1061 2403 1239 2488 leprosarie
1255 2402 1297 2467 de
1313 2401 1525 2484 LandrecieS,

162 2511 379 2578 Cameracen.
395 2512 492 2594 dioc,
509 2521 543 2578 et
559 2513 661 2578 aliam
676 2510 796 2595 capell.
812 2508 846 2572 in
863 2509 945 2573 eccl.
961 2507 1113 2592 parroch.
1126 2505 1157 2570 S.
1176 2504 1352 2570 Michaelis
1369 2504 1526 2570 (301111011-

163 2615 413 2697 si3,Tornacen.
425 2614 523 2698 dioc,
533 2616 683 2681 noscitur
697 2614 858 2692 obtinere,
870 2631 1009 2695 quarum
1022 2610 1199 2689 fructus...,
1217 2629 1283 2674 sec.
1300 2616 1369 2672 tax.
1386 2607 1526 2688 decime,

165 2739 207 2784 20
224 2719 296 2784 libr.
312 2718 437 2785 Turon.
447 2740 541 2806 parv.
557 2721 710 2784 valorem
726 2737 876 2783 annuum
891 2735 961 2781 non
978 2712 1195 2780 excedunt-
1217 2711 1294 2777 Fiat
1311 2731 1413 2794 usque
1429 2711 1472 2776 ad
1488 2730 1528 2795 70

163 2846 194 2891 0.
210 2846 250 2905 0.,
268 2846 311 2910 40
327 2847 352 2891 s.
370 2846 398 2891 0.
416 2824 456 2890 R.

211 2929 290 2994 Dat.
312 2928 412 2993 Avin.
439 2950 476 3013 14
500 2927 566 2995 kal.
590 2937 657 2994 001.
674 2934 708 2992 a⁰
725 2935 767 3010 5⁰.
784 2927 855 3010 (12,
873 2927 941 3010 25).

220 3048 364 3131 1067.
1126 3062 1220 3145 1546,
1239 3083 1279 3127 22
1296 3067 1485 3150 septembre.

209 3166 309 3251 Supp.
327 3164 520 3245 KaroluS,in
536 3185 648 3250 regem
665 3162 895 3228 Romanorum
907 3162 1044 3244 0100100,
1058 3170 1092 3229 01
1103 3163 1327 3246 WaltrannuS,
1334 3168 1531 3254 archiepisc.

165 3267 752 3354 0010111011,01101011111111101011011.
768 3266 830 3331 viri
844 3264 1014 3331 Willrelmi
1025 3267 1067 3332 de
1080 3266 1220 3354 Genepe
1229 3279 1249 3350 ³,
1262 3269 1529 3354 can.Colonien.,

165 3371 344 3438 consiliarii
371 3370 519 3457 ejusdem
544 3370 750 3455 archiepisc,
765 3390 813 3455 gr.
829 3370 990 3437 facientes
1006 3392 1107 3457 spec,
1138 3372 1247 3438 eidem
1275 3373 1456 3441 Wilhelmo
1485 3377 1529 3443 de

164 3476 372 3541 thesauraria
396 3473 487 3540 dicte
515 3475 596 3541 eccl.
623 3473 810 3556 Colonien,
837 3495 912 3540 vac.
939 3495 999 3560 per
1022 3486 1167 3541 mortem
1191 3476 1329 3543 Henrici
1355 3479 1397 3543 de
1421 3480 1527 3563 Span-

165 3580 270 3666 heym
285 3593 306 3662 ⁴,
322 3582 404 3646 olim
424 3579 620 3645 thesaurarii
642 3580 791 3665 ejusdem
814 3581 907 3660 0001,
933 3580 1025 3665 cujus
1047 3583 1123 3646 ben.
1152 3582 1265 3647 omnia
1289 3582 1320 3646 S.
1338 3581 1375 3647 V.
1401 3583 1526 3648 dudum

167 3693 247 3749 ante
270 3684 373 3770 ipsius
397 3683 537 3749 Henrici
561 3686 626 3764 ob.,
650 3690 688 3747 ut
699 3683 829 3764 dicitur,
845 3683 1055 3770 dispositioni
1072 3706 1129 3750 sue
1145 3705 1185 3749 ac
1201 3684 1287 3749 sedis
1303 3694 1409 3770 apost.
1426 3708 1527 3751 reser-

167 3788 271 3869 vavit,
298 3787 481 3872 dignemini
507 3786 707 3872 providere;
736 3788 788 3853 cui
807 3786 989 3853 Wilhelmo
1015 3788 1104 3852 idem
1133 3787 1337 3872 archiepisc,
1365 3789 1408 3853 ed
1435 3791 1527 3875 cujus

167 3891 243 3955 coll.
266 3891 359 3956 dicta
381 3889 588 3956 thesauraria
608 3890 764 3976 pertinet,
781 3890 937 3956 dubitans
952 3891 1174 3955 verisimiliter
1190 3890 1377 3975 hujusmodi
1394 3892 1527 3958 thesau-

167 3994 289 4059 rariam
304 3994 403 4059 fuisse
419 4002 454 4058 et
469 4014 542 4059 esse
557 4003 772 4075 reservatam,
789 4003 878 4060 auct.
895 3993 1062 4060 ordinaria
1078 4015 1155 4059 eam
1172 3995 1314 4059 contulit
1330 4004 1364 4059 01
1381 3998 1525 4080 providit

167 4096 210 4163 de
233 4098 362 4164 eadem.
390 4098 471 4164 Non
492 4101 577 4163 obst.
601 4098 692 4184 quod
715 4098 803 4164 idern
820 4097 1019 4163 Wilhelmus
1035 4099 1068 4163 in
1085 4098 1265 4165 Sosatiensi
1282 4101 1525 4184 preposituram

167 4210 329 4284 curatam,
356 4202 390 4267 in
418 4202 450 4267 S.
478 4200 527 4267 M.
551 4202 700 4285 aquensi
727 4204 947 4286 scolastriam,
972 4224 1036 4288 que
1061 4204 1201 4289 simplex
1225 4204 1280 4268 off.
1302 4204 1414 4269 existit
1437 4226 1461 4270 s.
1486 4228 1525 4289 c.,

167 4304 342 4371 Colonien.
358 4313 393 4370 et
412 4304 572 4370 Leodien.
595 4304 693 4386 dioc,
710 4315 745 4372 et
760 4307 793 4372 in
810 4307 936 4372 eisdem
964 4328 1096 4372 necnon
1113 4306 1297 4387 Colonien,
1316 4306 1474 4373 Leodien.
1491 4319 1525 4373 et

167 4409 355 4494 Trajecten.
380 4408 528 4474 ecclesiis
553 4431 627 4476 can.
649 4418 684 4475 et
704 4413 807 4496 preb,
828 4431 867 4475 ac
891 4411 1008 4495 capell.
1032 4410 1064 4474 in
1090 4408 1244 4489 Bilrevel,
1260 4411 1349 4476 dicte
1365 4410 1525 4478 Leodien.

166 4512 265 4595 dioc,
281 4521 316 4578 et
331 4514 365 4577 in
384 4510 572 4597 Maguntin.
585 4515 734 4580 ecclesiis
757 4536 831 4580 can.
847 4518 907 4581 sub
924 4535 999 4600 exp.
1015 4518 1107 4600 preb.
1123 4525 1157 4580 et
1180 4515 1269 4599 dign.
1285 4537 1370 4602 pere.
1388 4538 1446 4583 seu
1469 4516 1524 4583 off.

166 4638 196 4684 0.
212 4638 241 4684 0.
256 4618 311 4682 vel
326 4638 351 4684 S.
369 4636 397 4682 c.
414 4636 456 4681 ex
471 4616 690 4704 dispositione
707 4618 793 4683 sedis
805 4628 914 4705 apost.
930 4618 1079 4685 noscitur
1094 4620 1256 4709 obtinere.
1272 4661 1315 4670 —
1333 4620 1410 4686 Fiat
1427 4621 1467 4689 R.

211 4722 292 4788 Dat.
307 4721 407 4787 Avin.
427 4742 465 4787 10
479 4720 546 4789 kal.
563 4731 630 4789 oct.
647 4730 680 4787 a⁰
697 4730 739 4806 5⁰.
756 4724 828 4807 (12,
847 4723 929 4808 27V).

201 4896 223 4945 l.
235 4895 356 4953 floignies.
368 4920 401 4928 -
411 4896 434 4942 2.
444 4892 506 4942 Voir
520 4909 545 4943 n.
563 4896 600 4954 34,
616 4897 720 4944 1091-
741 4896 764 4944 3.
778 4895 800 4943 11
812 4897 901 4944 derint
919 4897 977 4958 plns
994 4896 1052 4943 tard
1069 4896 1227 4957 archerbque
1244 4898 1277 4947 de
1289 4897 1399 4957 Cologne
1419 4913 1424 4955 ;
1447 4896 1480 4945 01.
1496 4896 1528 4944 ‹le

167 4968 263 5026 Tbeux,
277 4966 311 5025 ΙΙ,
326 4967 400 5014 72-73
412 4983 418 5026 ;
431 4968 578 5028 Seueriand,
592 4970 626 5028 ll,
639 4970 683 5017 611
698 4968 785 5027 ;.l[ea.
804 4970 857 5020 Vei.
871 4970 944 5031 Bet,
958 4971 977 5030 l,
991 4985 1016 5020 11.
1030 4971 1142 5019 raa-tal.
1154 4998 1187 5005 --
1198 4972 1220 5018 l.
1233 4970 1295 5019 Voir
1307 4986 1331 5019 n.
1343 4972 1399 5020 395.
