3650 5675
268 421 334 516 ¹ao
456 467 459 471 .
757 464 759 467 .
832 415 921 490 1343,
943 415 1032 482 15-16
1052 415 1122 480 mn.

293 571 449 636 manibus
464 569 497 634 S.
520 567 551 629 V
554 617 572 649 .‚
588 568 643 631 vel
659 566 896 651 cujuscumque
922 567 1067 647 alterius,
1083 567 1125 632 de
1148 565 1311 632 mandato
1335 567 1366 633 S.
1391 567 1430 632 V.
1456 567 1656 653 recipientis

293 675 443 759 legitime
458 672 680 738 constitutum
705 691 764 756 per
787 671 933 737 eundem
957 671 1047 737 dom.
1071 672 1248 736 Albertum
1264 677 1300 752 ⁰3
1326 672 1435 738 eidem
1462 671 1592 748 Jacobo
1615 673 1658 738 de

294 780 393 845 dictis
408 799 484 842 can.
500 785 536 841 et
549 778 643 862 preb.
670 777 718 841 sic
742 797 816 842 vac.
832 775 1015 861 dignemini
1040 774 1216 861 providere
1230 799 1238 856 ;
1255 796 1323 842 non
1349 779 1434 843 obst.
1451 777 1541 861 quod
1568 777 1601 841 in
1625 777 1656 843 S.

294 881 458 948 Antonini
478 881 669 946 Placentin.
689 880 933 966 preposituram
957 887 1118 960 curatam,
1135 888 1170 944 et
1195 879 1226 945 S.
1252 878 1432 946 Michaelis
1457 880 1594 966 Papien.
1623 889 1657 944 et

295 986 327 1051 S.
343 985 523 1051 Gaudentii
541 984 575 1048 in
592 983 755 1050 suburbiis
765 981 917 1049 Novarie
929 1003 1004 1048 can.
1016 985 1163 1068 etpreb,
1174 1003 1215 1048 ac
1228 983 1258 1047 S.
1274 982 1457 1049 Audomari
1473 984 1516 1048 de
1531 983 1657 1050 Sancto

294 1090 501 1168 Audomaro,
530 1087 701 1154 Morinen.
727 1087 825 1168 dioc,
852 1087 1012 1168 ecclesiis
1040 1107 1113 1152 can.
1140 1089 1201 1152 sub
1228 1107 1304 1172 exp.
1328 1089 1431 1172 preb,
1457 1088 1657 1152 auctoritate

295 1193 327 1258 S.
343 1192 383 1258 V.
398 1193 549 1257 noscitur
564 1191 727 1257 obtinere.
748 1229 782 1240 -
803 1190 880 1256 Fiat
897 1191 937 1257 R.

340 1296 419 1362 Dat.
435 1296 535 1360 Avin.
554 1316 571 1380 3
589 1296 632 1361 id.
648 1295 726 1361 maii
743 1302 776 1361 a⁰
796 1303 834 1360 1⁰.
852 1296 902 1378 (2,
920 1295 1007 1380 184).

347 1432 462 1517 376.
1365 1461 1517 1526 134315
1536 1443 1613 1507 armi.

340 1551 429 1636 Sign.
446 1551 477 1615 S.
495 1549 535 1614 V.
551 1548 664 1614 Guido
680 1557 699 1628 ¹,
716 1548 768 1614 tit.
784 1548 815 1612 S.
833 1547 958 1613 Cecilie
984 1550 1092 1633 presb.
1117 1546 1217 1628 card,
1234 1546 1323 1631 quod
1350 1554 1581 1632 procuratores
1597 1547 1656 1625 sui,

298 1655 347 1729 ad,
356 1653 628 1740 prosecutionem
643 1651 749 1737 gratie
760 1652 796 1716 in
811 1651 1002 1732 Treveren,
1013 1650 1199 1731 Colonien,
1213 1658 1248 1715 et
1264 1649 1453 1734 Maguntin.
1466 1650 1656 1735 provinciis,

299 1759 359 1824 sibi
376 1779 435 1844 per
449 1765 599 1822 vestram
615 1756 832 1822 clementiam
857 1755 992 1821 noviter
1014 1755 1114 1836 facte,
1132 1757 1174 1819 ab
1201 1775 1243 1819 eo
1268 1753 1452 1834 constituti,
1469 1755 1657 1821 custodiam

301 1861 511 1946 Hoyensem,
543 1859 703 1925 Leodien.
733 1858 831 1939 dioc,
863 1879 903 1925 ac
934 1879 1008 1924 can.
1023 1865 1058 1923 et
1088 1861 1180 1943 preb.
1211 1857 1371 1923 Leodien.
1402 1859 1494 1938 eccl,
1512 1879 1583 1924 vac.
1598 1878 1658 1943 per

299 1970 354 2031 ob.
371 1966 555 2050 Huguelini
580 1965 623 2030 de
647 1962 848 2029 Marchiano
863 1972 883 2044 ²,
900 1964 957 2047 qui
975 1983 1081 2049 nuper
1100 1970 1196 2028 extra
1219 1961 1316 2028 Rom.
1335 1983 1402 2030 cur.
1430 1962 1519 2027 diem
1540 1962 1658 2028 clausit

299 2078 496 2150 extremum,
521 2069 646 2133 virtute
672 2067 762 2133 dicte
787 2067 893 2152 gratie
918 2074 1147 2153 acceptamnt.
1184 2066 1284 2152 Supp.
1309 2066 1408 2151 igitur
1433 2066 1542 2132 dictus
1568 2066 1658 2133 card.

300 2182 392 2258 quat.
409 2172 608 2252 custodiam,
624 2191 697 2236 can.
708 2179 743 2236 et
757 2174 850 2256 preb.
865 2171 1045 2256 predictos,
1062 2170 1088 2235 si
1104 2191 1220 2235 eorum
1229 2162 1416 2255 dispositio
1428 2190 1488 2255 per
1512 2190 1659 2236 reserva·

299 2277 437 2358 tionem,
455 2278 508 2341 vel
524 2277 591 2341 alio
612 2276 732 2360 quovis
746 2274 850 2340 modo
864 2275 1063 2360 reperiretur
1087 2277 1141 2340 vel
1158 2282 1336 2360 appareret
1352 2296 1424 2341 esse
1440 2275 1530 2360 apud
1545 2275 1659 2341 sedem

300 2389 409 2466 apost.
424 2381 528 2447 modo
544 2381 658 2464 aliquo
673 2380 844 2460 devoluta,
860 2400 951 2446 nunc
966 2380 1020 2444 vel
1045 2380 1077 2444 in
1095 2380 1251 2460 futurum,
1268 2380 1378 2445 eidem
1394 2380 1545 2446 conferre
1564 2387 1659 2444 motu

299 2485 435 2570 proprio
451 2506 493 2551 eo
509 2506 590 2551 casu
604 2485 787 2570 dignemini
807 2485 899 2551 etde
915 2485 995 2570 ipsis
1011 2485 1070 2550 sibi
1088 2485 1191 2570 etiam
1207 2484 1394 2570 providere.
1406 2523 1449 2534 —
1471 2483 1549 2550 Fiat
1564 2491 1660 2549 motu

299 2589 434 2674 proprio
447 2588 487 2655 R.

344 2692 423 2758 Dat.
438 2694 539 2760 Avin.
556 2694 599 2760 id.
614 2694 695 2760 maii
710 2701 743 2759 a⁰
763 2701 802 2760 1⁰.
819 2695 834 2779 (
836 2699 870 2774 2,
891 2693 994 2778 177⁰).

349 2831 462 2914 377.
1079 2864 1081 2870 ·
1369 2863 1430 2927 134
1430 2865 1463 2928 3,
1482 2863 1522 2925 15
1539 2843 1614 2907 mai.

343 2948 444 3032 Supp.
461 2946 579 3011 Petrus
590 2946 633 3011 de
649 2948 680 3011 S.
699 2945 873 3027 Fusciano
890 2947 973 3012 civis
984 2956 1019 3013 et
1031 2948 1154 3033 hospes
1166 2947 1411 3027 AmbiauensiS,
1425 2956 1516 3031 quat.
1529 2946 1659 3032 [nepoti

298 3071 368 3130 suo,
380 3049 621 3143 Johanninato
631 3049 809 3134 Reginaldi
821 3049 864 3113 de
876 3050 907 3115 S.
922 3050 1099 3131 Fusciano,
1110 3050 1220 3116 fratris
1234 3051 1384 3135 genuani
1395 3050 1541 3135 ejusdem
1557 3049 1658 3129 Petri,

298 3154 499 3219 Ambianen.
524 3155 601 3219 cler.
617 3163 652 3219 et
668 3154 787 3219 scolari
805 3153 976 3240 Parisius],
992 3153 1035 3219 de
1056 3174 1130 3220 can.
1148 3155 1229 3220 eccl.
1246 3154 1460 3220 Cameracen.
1476 3152 1658 3239 dignemini

298 3258 474 3343 providere
486 3266 520 3322 et
534 3261 627 3343 preb.
643 3279 822 3324 reservare.
838 3300 881 3307 —
897 3258 975 3324 Fiat
991 3257 1031 3325 R.

344 3361 424 3427 Dat.
440 3362 539 3427 Avin.
555 3362 599 3428 id.
615 3363 693 3429 maii
704 3370 738 3427 a⁰
754 3369 793 3428 1⁰.
811 3363 861 3446 (2,
878 3363 966 3447 187).

349 3498 459 3581 378.
1369 3534 1387 3578 1
1388 3534 1430 3597 34
1431 3535 1464 3598 3,
1481 3514 1523 3577 1ό
1540 3514 1616 3578 omi.

344 3615 443 3682 Motu
472 3616 608 3702 proprio
638 3616 852 3701 providemus
872 3616 991 3701 Egidio
1016 3616 1143 3701 Vaguel
1164 3636 1185 3699 ³,
1210 3621 1318 3704 presb.
1344 3617 1528 3696 Parisiensi,
1556 3614 1659 3681 famil.

299 3729 423 3803 nostro,
445 3721 578 3786 decan.
595 3728 630 3785 et
646 3722 738 3805 preb.
755 3720 836 3785 eccl.
855 3719 1022 3785 Morinen.
1038 3741 1112 3786 vac.
1129 3720 1219 3806 apud
1235 3721 1348 3787 sedem
1365 3729 1472 3806 apost.
1488 3738 1548 3805 per
1571 3738 1660 3783 mor-

298 3834 368 3888 tem
385 3823 558 3889 Eustachii
574 3823 655 3889 dicti
673 3823 768 3908 Days
783 3835 804 3890 ⁴.
820 3862 861 3875 -
879 3822 955 3889 Fiat
977 3832 1072 3889 motu
1087 3824 1232 3910 proprio.
1250 3824 1290 3890 R.

342 3928 420 3992 Dat.
444 3928 543 3993 Avin.
572 3948 608 4011 17
632 3927 698 3993 kal.
719 3927 802 4012 junii
827 3928 986 4012 a⁰1⁰.(2,
1007 3928 1093 4012 185).

330 4117 359 4178 a)
375 4114 431 4165 (bd.
443 4116 580 4165 Abbatem.

334 4304 355 4349 l.
368 4303 427 4364 Guy
438 4304 470 4351 dc
482 4304 621 4363 Boulogne.
633 4304 695 4351 Voir
707 4318 732 4351 11.
745 4306 782 4361 29,
796 4305 890 4351 1511—
901 4306 924 4353 2.
934 4304 1032 4364 Kirseh,
1043 4306 1116 4365 11'011,
1127 4308 1174 4353 2138
1186 4322 1191 4363 ;
1203 4305 1234 4353 dc
1247 4304 1342 4363 thux,
1357 4306 1390 4360 Il,
1401 4306 1438 4352 79.
1451 4302 1622 4353 —3.Voi1n.
1636 4304 1659 4350 ὅ.

298 4401 331 4409 -
344 4375 366 4422 1.
379 4374 487 4434 Duchet,
500 4379 554 4425 219.
568 4377 608 4424 En
622 4379 684 4424 1329
696 4376 715 4424 il
726 4377 807 4437 figure
818 4391 917 4425 comme
928 4377 1037 4428 dcolfitre
1050 4379 1189 4442 (Gilliodts,
1205 4378 1279 4436 14113,
1294 4378 1312 4435 1,
1326 4380 1394 4440 1111).
