3650 5675
272 538 335 604 450
819 534 985 608 ,104013
1006 535 1074 600 mai.

272 692 359 777 petit
387 708 569 754 remanere.
606 724 638 734 —
670 685 807 752 Habeat
830 687 874 753 ad
901 688 978 754 coll.
1005 687 1136 754 abbatis
1163 695 1199 753 et
1223 695 1412 755 conventus
1441 690 1635 756 monasterii

275 791 544 881 Eptemacensis,
567 791 654 857 dioc.
677 789 868 872 Treveren,
889 790 931 856 Ο.
954 791 988 856 S.
1003 790 1063 872 .B.,
1077 793 1302 859 communiter
1317 794 1371 857 vel
1387 792 1532 874 divisim,
1549 802 1586 860 ut
1600 794 1635 858 in

274 899 392 965 forma.

320 1038 420 1100 1727.
437 1031 531 1118 Mag.
548 1031 728 1099 Goeswino
755 1033 797 1099 de
824 1032 958 1114 Werna,
977 1034 1068 1101 alias
1090 1034 1182 1101 dicto
1199 1035 1310 1101 Storm
1333 1035 1376 1101 de
1399 1035 1599 1102 Zantbomel
1615 1047 1635 1116 ¹,

274 1137 397 1205 clerico
411 1136 599 1222 Trajecten.
615 1135 713 1217 dioc,
724 1135 766 1201 de
781 1138 859 1203 ben.
874 1138 958 1202 0001.
974 1157 1003 1203 0.
1021 1139 1122 1204 c.'vel
1137 1158 1163 1204 s.
1176 1159 1216 1219 0.,
1227 1146 1403 1225 spectante
1417 1139 1552 1206 adcoll.
1568 1147 1634 1206 etc.

274 1241 404 1307 abbatis
430 1241 587 1307 secularis
615 1261 674 1306 seu
688 1240 850 1326 prepositi
868 1239 1037 1326 Eykensis
1059 1262 1159 1328 supra
1183 1240 1328 1324 Mosam,
1345 1241 1506 1308 Leodien.
1522 1241 1609 1309 dioc.
1626 1266 1634 1322 ς

273 1364 342 1409 non
359 1343 583 1436 obstzgratia
600 1343 747 1436 generali
773 1364 834 1429 per
849 1344 888 1410 S..
909 1343 950 1410 V.
977 1344 1037 1410 sibi
1066 1344 1157 1410 lacta
1182 1344 1227 1410 ad
1248 1346 1325 1411 coll.
1352 1345 1470 1412 decani
1496 1345 1637 1412 ecclesie

275 1447 306 1512 S.
323 1438 490 1524 Johannis
513 1445 714 1531 Trajecten.,
741 1467 843 1531 quam
869 1448 1021 1514 nondum
1046 1456 1099 1514 est
1116 1456 1299 1515 assecutus.
1323 1490 1367 1499 -
1380 1448 1526 1514 Habeat
1541 1457 1579 1514 ut
1603 1450 1637 1513 in

276 1549 392 1616 torma.
409 1556 480 1634 (19,
500 1553 600 1634 214l).
823 1559 825 1562 ’

323 1693 422 1754 1728.
440 1685 531 1772 Mag.
548 1682 732 1754 Wilhelmo
754 1689 797 1755 de
823 1687 1017 1755 Zidewinde
1045 1699 1064 1771 ²,
1092 1688 1254 1756 Leodien.
1280 1689 1380 1771 dioc,
1406 1688 1547 1755 decan.
1572 1692 1636 1754 sub

278 1810 354 1875 exp.
370 1789 462 1876 preb.
479 1791 512 1855 in
529 1791 612 1857 0001.
627 1787 782 1858 Bremen.
795 1813 891 1873 ;.non
909 1796 1001 1859 obst.
1029 1793 1272 1859 consuetudine
1287 1811 1347 1860 seu
1369 1801 1510 1874 statuto,
1527 1793 1554 1858 si
1570 1813 1635 1878 que

277 1895 354 1974 sint,
371 1894 490 1978 quibus
505 1893 539 1958 in
555 1895 627 1980 ipsa
642 1894 784 1962 ecclesia
798 1896 902 1963 fertur
910 1896 1091 1976 observari,
1108 1896 1200 1980 quod
1212 1895 1274 1962 nisi
1291 1897 1473 1962 canonicus
1487 1896 1637 1982 predicte

280 1997 456 2085 [ecclesie]
474 2000 622 2065 minores
645 1998 834 2086 prebendas
859 2000 962 2086 ipsius
988 2001 1176 2066 successive
1200 2008 1235 2065 et
1259 1998 1438 2085 gradatim,
1460 2001 1555 2085 juxta
1579 2020 1636 2066 sue

278 2101 481 2186 receptionis
497 2102 659 2185 ordinem,
674 2103 836 2193 primitus.
851 2104 950 2170 fuerit
973 2112 1153 2185 assecutus,
1169 2109 1317 2189 nequeat
1333 2104 1481 2189 aliquam
1496 2107 1637 2190 preben-

277 2205 356 2271 dam
383 2206 425 2272 de
451 2206 551 2287 dictis
574 2207 756 2292 majoribus
782 2207 950 2294 adipisci;
978 2228 1047 2275 non
1073 2211 1160 2275 obst.
1186 2207 1345 2294 parroch.
1359 2209 1452 2274 eccl.
1479 2207 1571 2274 dicta
1595 2207 1638 2273 de

278 2307 428 2393 Capella,
444 2306 606 2375 Leodien.
622 2310 720 2391 dioc,
737 2329 839 2394 quarn
862 2311 1012 2377 noscitur
1035 2312 1196 2376 obtinere.
1213 2311 1474 2378 -'Concessum
1489 2317 1527 2377 ut
1542 2311 1637 2397 petit.

321 2411 400 2478 Dat.
415 2413 516 2480 Avin.
536 2435 570 2478 11
589 2412 658 2480 kal.
670 2413 755 2499 junii
771 2420 804 2480 a⁰
817 2415 860 2480 8⁰.
877 2416 892 2497 (
898 2419 949 2494 19,
967 2415 1057 2500 216).

331 2551 466 2636 1729·
536 2614 539 2623 ·
650 2561 653 2566 ’
813 2612 818 2622 ·
1333 2565 1594 2652 1340030101.

320 2669 422 2756 Supp.
439 2667 601 2735 Nicolaus
616 2669 658 2735 de
674 2668 849 2759 Dordraco
863 2678 884 2750 ³,
900 2689 988 2753 mag.
1004 2669 1046 2733 in.
1065 2675 1127 2734 art.
1155 2674 1190 2733 et
1215 2667 1248 2732 in
1274 2670 1338 2754 leg.
1362 2669 1426 2749 lic,
1454 2676 1547 2752 quat.
1570 2667 1636 2732 sibi

277 2767 488 2859 prebendam·
499 2772 751 2858 presbiteralem
766 2772 906 2839 ecclesie
923 2763 1234 2839 Coloniendudum
1249 2791 1324 2840 vac.
1335 2792 1394 2860 per
1403 2773 1458 2839 ob.
1473 2770 1638 2850 Johannis

277 2873 319 2942 de
336 2876 440 2942 Pole⁴
462 2876 646 2961 dignemini
662 2873 882 2957 confirinare3
898 2898 968 2943 non
985 2880 1077 2943 obst:
1087 2877 1178 2962 quod
1190 2877 1223 2941 in
1236 2876 1426 2961 Trajecten.
1443 2884 1478 2941 et
1494 2874 1532 2941 B.
1548 2874 1637 2941 Wal-

277 2980 425 3046 detrudis
441 2977 572 3045 Montis
588 2979 758 3062 Hanonie,
772 2980 989 3047 Cameracen.
1011 2980 1109 3061 dioc,
1133 2980 1282 3047 ecclesiis
1305 3000 1380 3046 can.
1403 2987 1438 3045 et
1453 2982 1546 3066 preb.
1561 3000 1637 3044 nos-

277 3084 363 3149 citur
378 3084 562 3150 obtinere...
577 3123 621 3133 -
637 3082 714 3149 Fiat
730 3084 770 3165 R.

320 3188 399 3254 Dat.
414 3189 514 3253 Avin.
534 3208 572 3253 10
588 3187 656 3255 kal.
669 3188 753 3275 junii
770 3196 804 3254 a⁰
820 3191 863 3255 8⁰.
879 3189 949 3273 (19,
968 3208 985 3272 7
1005 3196 1029 3272 ).

330 3322 626 3409 1730-1731.
1346 3336 1594 3422 ramma.

277 3478 280 3484 ·
320 3440 466 3508 Rotulus
494 3439 729 3507 Universitatis
751 3440 1018 3505 Aurelianensis.

321 3544 411 3611 ltern
441 3553 531 3630 quat.
558 3543 707 3622 Johanni
732 3544 880 3609 Serclaes
905 3542 949 3608 de
976 3541 1148 3623 Brucellis,
1176 3544 1287 3627 legum
1316 3540 1459 3624 doctori,
1495 3541 1638 3607 similem

277 3649 418 3735 gratiam
434 3648 543 3715 lacere
558 3647 741 3733 dignemini
760 3646 897 3735 [=ben.
913 3645 1012 3733 eccl]
1039 3646 1084 3712 ad
1107 3647 1213 3712 coll...
1242 3646 1401 3733 episcopi,
1426 3645 1587 3733 prepositi
1603 3652 1639 3709 et

278 3754 414 3840 capituli
445 3754 586 3820 ecclesie
616 3751 777 3819 Leodien.
801 3751 1026 3818 communiter
1048 3752 1104 3816 vel
1130 3750 1264 3817 divisim
1288 3757 1456 3837 spectans,
1483 3749 1587 3815 etiam
1610 3748 1639 3813 si

277 3857 422 3942 dignitas
436 3866 531 3923 etc...
549 3876 608 3922 seu
624 3856 658 3920 in
674 3857 757 3921 eccl.
772 3854 968 3921 cathedrali.
985 3893 1028 3903 -
1050 3852 1128 3920 Fiat
1150 3874 1254 3939 usque
1276 3854 1320 3921 ad
1342 3874 1508 3919 summam
1525 3852 1639 3918 801ib.

278 3983 306 4027 c.
323 3981 351 4028 0.
367 3962 422 4026 vel
440 3965 479 4027 60
495 3982 520 4027 s.
537 3981 577 4041 c.,
593 3960 697 4026 etiam
714 3959 748 4026 in
765 3961 847 4026 eccl.
863 3958 1058 4025 cathedrali.
1080 3996 1112 4006 —
1134 3956 1174 4025 R.
1190 3959 1259 4043 (19,
1280 3960 1346 4043 18).

325 4103 417 4164 1731.
444 4095 532 4163 Item
548 4104 639 4182 quat.
656 4096 814 4183 Philippo
828 4096 871 4162 de
886 4095 1038 4182 Lyeden,
1061 4094 1251 4181 Trajecten.
1279 4093 1377 4177 dioc,
1402 4094 1455 4159 lic.
1482 4092 1515 4157 in
1540 4089 1639 4171 decr,

278 4201 419 4265 similem
434 4201 574 4286 gratiam
589 4201 698 4267 facere
713 4200 895 4287 dignemini
908 4200 953 4265 ad
965 4200 1041 4266 coll.
1054 4199 1185 4265 abbatis
1196 4206 1231 4264 et
1240 4196 1434 4264 monasterii
1447 4196 1478 4260 S.
1492 4192 1637 4261 Huberti

279 4306 312 4370 in
329 4304 497 4385 Ardenna,
513 4303 674 4371 Leodien.
689 4304 777 4371 dioc.
791 4344 836 4354 -
851 4290 987 4369 Fiat'n.
1181 4302 1182 4305 ’

322 4406 411 4473 Item
427 4405 609 4473 Wilhelmo
623 4409 773 4493 Agache,
788 4406 978 4474 Tornacen.
994 4406 1093 4488 dioc,
1110 4406 1164 4473 110.
1180 4406 1214 4471 in
1238 4406 1312 4491 leg„
1339 4404 1481 4471 similem
1496 4402 1638 4489 gratiam

278 4511 320 4576 ad
336 4512 412 4577 coll.
428 4510 575 4597 episcopi
589 4520 624 4577 et
639 4511 775 4598 capituli
791 4510 1031 4592 Tomacen.,...
1047 4510 1151 4576 etiam
1167 4510 1193 4575 si
1217 4511 1251 4576 in
1274 4507 1456 4576 cathedrali
1487 4505 1639 4573 ecclesia.

278 4653 321 4665 —-
338 4614 413 4680 Fiat
430 4612 501 4680 R...

325 4718 403 4785 Dat.
418 4718 519 4784 Avin.
540 4738 578 4784 10
593 4718 661 4785 kal.
673 4718 757 4805 junii
772 4725 806 4784 a⁰
821 4720 864 4784 8⁰.
881 4720 951 4804 (19,
972 4719 1052 4803 181).

317 4958 340 5008 1.
349 4954 399 5017 lb..
413 4957 448 5018 11,
461 4956 516 5007 ule.
528 4984 559 4994 —
571 4960 594 5008 2.
606 4955 654 5018 It,
667 4954 701 5017 11,
715 4957 771 5008 618.
782 4982 814 4994 -
826 4958 849 5008 3.
861 4954 964 5007 Nicolns
977 4957 1064 5017 Statue,
1078 4955 1292 5014 0000251952,
1305 4953 1360 5029 271.
1372 4979 1403 5029 -7
1415 4951 1438 4999 4.
1451 4948 1546 4999 Voirn.
1559 4948 1631 4998 153'i.
