3650 5675
689 580 780 653 4344,
804 579 894 645 17-22
917 581 1045 645 octobre.
1491 585 1549 648 179

239 731 355 813 744.
560 752 562 759 ’
971 756 975 761 ’
1041 766 1047 779 “
1196 766 1291 831 1344,
1309 766 1351 829 r7
1366 749 1504 813 octobre.

232 848 334 935 Supp.
359 848 549 914 Florentius
570 848 612 914 de
637 848 785 915 Barsalia
807 856 842 915 et
853 847 873 926 J
876 849 1026 914 ohannes
1039 849 1082 915 de
1098 849 1302 935 Gmnighen,
1318 851 1442 916 milites
1456 850 1549 917 dom.

185 954 322 1019 comitis
346 951 540 1033 Hannonie,
557 950 746 1038 Trajecten.
773 952 871 1034 dioc,
897 974 937 1018 ac
953 952 1130 1019 Elizabeth
1146 962 1182 1019 et
1198 954 1384 1034 Elizabeth‚
1402 954 1547 1040 ipsorum

185 1057 356 1141 conjuges,
380 1076 514 1121 necnon
541 1054 715 1133 Johannes
741 1056 784 1123 de
810 1056 982 1141 Stenghen
1008 1066 1044 1123 et
1068 1057 1198 1138 Paulus,
1215 1058 1302 1123 filius
1329 1056 1484 1142 Hugonis
1505 1058 1547 1124 de
1667 1100 1671 1109 ·

187 1160 391 1244 Crunighen,
422 1160 584 1244 armigeri,
616 1168 651 1225 et
680 1160 858 1244 Vulquina,
889 1160 1039 1245 ejusdem
1077 1160 1169 1226 Pauli
1206 1181 1299 1241 uxor,
1322 1161 1412 1228 dicte
1449 1162 1546 1243 dioc,

189 1272 284 1349 quat.
308 1263 387 1349 ipsis
402 1262 469 1329 ind.
486 1263 520 1328 in
535 1263 653 1329 mortis
668 1271 729 1329 art.
746 1262 931 1329 concedere
946 1262 1128 1347 dignemini
1145 1274 1165 1329 ¹.
1181 1304 1224 1313 -
1240 1262 1317 1329 Fiat
1333 1263 1374 1329 R.

232 1367 312 1433 Dat.
329 1366 427 1432 Avin.
448 1372 485 1431 16
500 1365 568 1432 kal.
583 1386 662 1433 nov.
678 1374 711 1431 a⁰
728 1374 770 1451 3⁰.
786 1368 832 1449 (7,
851 1388 867 1430 2
873 1369 932 1451 5l').

240 1523 355 1606 745.
1197 1556 1291 1620 1344,
1308 1558 1349 1600 22
1366 1538 1504 1601 octobre.

235 1640 296 1704 Βιιιῦ
311 1650 416 1726 pater.
426 1639 629 1726 'Supplicato
644 1660 750 1725 nuper
765 1640 797 1704 S.
814 1638 853 1705 V.
869 1660 930 1725 per
946 1638 1123 1724 Rigaldum
1139 1639 1182 1705 de
1196 1640 1399 1725 Arrigniaco
1412 1650 1433 1721 ²,
1450 1640 1550 1706 scuti-

189 1744 295 1809 serum
312 1745 454 1829 coquine
470 1744 597 1810 domini
613 1745 698 1828 regis
714 1744 864 1826 Francie,
877 1753 915 1810 ut
930 1765 1008 1810 cum
1023 1744 1182 1822 Johanne
1197 1744 1239 1810 de
1256 1744 1346 1811 Crok
1358 1753 1394 1810 et
1406 1744 1550 1811 Matilde

189 1847 232 1913 de
248 1847 431 1930 Colesbert,
447 1848 614 1914 nobilibus
631 1845 797 1913 Morinen.
813 1848 900 1913 dioc.
916 1872 925 1928 ;
947 1849 1002 1932 qui
1020 1847 1171 1913 Matildis
1187 1848 1267 1914 olim
1284 1848 1492 1935 impregnata
1507 1851 1550 1913 ab

191 1952 313 2017 eodem
343 1950 510 2032 Johanne,
538 1960 573 2016 et
601 1950 775 2029 Johannes
800 1952 995 2037 perterritus
1020 1952 1118 2016 minis
1147 1958 1161 1986 ⁸
1190 1953 1372 2018 amicorum
1402 1952 1551 2039 predicte

192 2055 354 2137 Matildis,
371 2057 443 2142 ipso
466 2054 486 2133 J
489 2056 623 2121 ohanne
646 2055 816 2121 nobilioris
832 2063 867 2121 et
881 2055 1081 2141 potentioris
1095 2055 1226 2140 generis
1241 2056 1466 2135 existentium,
1490 2056 1552 2141 ipsi

190 2159 340 2238 Johanni
367 2162 527 2227 mortales
553 2160 688 2225 insidias
711 2160 903 2245 parantium
928 2159 950 2241 ⁶,
979 2161 1152 2245 ipsumque
1180 2160 1437 2226 certificantium
1463 2159 1553 2243 quod

192 2265 421 2350 proculdubio
433 2264 541 2351 ipsum
552 2264 789 2345 interficerent,
803 2263 863 2329 nisi
877 2264 984 2349 ipsam
998 2262 1169 2329 Matildim
1184 2265 1347 2351 reciperet
1358 2264 1392 2329 in
1402 2285 1551 2344 uxorem,

189 2369 336 2435 scientes
361 2378 478 2433 tamen
505 2369 593 2452 quod
621 2367 790 2452 quondam
816 2367 953 2452 Egidius
977 2370 1020 2433 de
1044 2369 1126 2453 Ays,
1149 2367 1239 2434 dicte
1262 2367 1413 2434 Matildis
1427 2368 1554 2453 primus

191 2474 342 2553 maritus,
367 2473 476 2538 eidem
491 2470 640 2549 Johanni
662 2472 695 2535 in
714 2478 835 2555 quarto
858 2471 1158 2555 consanguinitatis
1179 2472 1294 2555 gradu,
1319 2472 1399 2537 dum
1413 2472 1552 2550 viveret,

190 2578 378 2657 attinebat;
401 2577 459 2643 sed
471 2597 539 2642 non
556 2574 730 2641 credentes
742 2573 832 2657 quod
847 2574 913 2639 hoc
931 2575 1017 2638 inter
1032 2596 1089 2640 eos
1098 2574 1350 2640 matrimonium
1367 2574 1552 2660 impediret,

190 2690 366 2766 tamquam
393 2678 561 2765 simplices
584 2688 620 2743 et
638 2678 719 2763 juris
742 2678 855 2762 ignari,
872 2679 1125 2744 matrimonium
1140 2679 1183 2744 ad
1198 2678 1343 2743 invicem
1358 2678 1392 2742 in
1408 2677 1553 2761 quadam

191 2786 332 2872 capella,
347 2783 555 2872 presentibus
570 2781 684 2848 multis
699 2782 815 2848 amicis
830 2782 1000 2868 utriusque
1022 2783 1137 2868 partis,
1158 2804 1218 2869 per
1232 2785 1334 2848 verba
1348 2782 1390 2850 de
1405 2780 1551 2869 presenti

192 2897 442 2968 contraxerunt,
470 2895 505 2952 et
528 2908 570 2951 ex
597 2887 670 2972 ipso
694 2886 910 2953 matrimonio
933 2895 1001 2952 tres
1028 2886 1113 2952 filios
1135 2886 1246 2952 adhuc
1267 2886 1420 2951 viventes
1442 2905 1552 2950 susce-

191 3000 314 3076 perunt
328 3016 337 3073 ;
353 2992 453 3077 quod,
466 2988 655 3076 hujusmodi
672 3010 740 3055 non
757 2993 842 3056 obst.
854 2991 998 3070 defectu,
1015 2990 1095 3055 dicti
1108 2988 1128 3067 J
1131 2989 1284 3055 ohannes
1300 2998 1335 3054 et
1351 2989 1501 3055 Matildis
1517 2989 1551 3052 in

189 3096 238 3161 sic
254 3104 429 3162 contracto
451 3093 666 3160 matrimonio
689 3093 780 3159 licite
796 3101 834 3159 ut
849 3095 1009 3179 conjuges
1031 3115 1228 3180 permanere
1250 3097 1412 3175 valerent,
1435 3093 1551 3178 digna-

189 3211 281 3266 retur
305 3209 394 3267 auct.
420 3210 529 3287 apost.
550 3200 752 3287 dispensare,
768 3206 803 3262 et
817 3198 1005 3285 predictam
1020 3199 1150 3284 prolem
1169 3199 1355 3284 legitimam
1369 3198 1527 3263 nunciare
1540 3221 1549 3277 ;

190 3312 302 3369 vestra
330 3303 539 3369 sanctissima
568 3323 687 3368 manus
717 3301 998 3388 supplicationem
1031 3313 1138 3388 super·
1165 3301 1323 3388 predictis
1360 3310 1548 3389 porrectam

189 3407 332 3491 signavit
354 3407 416 3472 hiis
438 3407 548 3473 verbis
568 3426 575 3472 :
594 3427 612 3470 <r
630 3405 705 3471 Fiat
727 3425 787 3490 per
809 3404 1048 3490 dyocesanum,
1065 3407 1227 3491 separatis
1242 3406 1286 3472 ad
1300 3415 1443 3492 tempus,
1459 3407 1549 3470 bona

188 3511 376 3596 penitentia
391 3509 452 3575 sibi
469 3510 627 3595 injuncta,
644 3517 678 3573 et
693 3517 871 3574 teneantur
886 3509 1024 3576 fundare
1034 3519 1069 3574 et
1078 3510 1194 3576 dotare
1209 3531 1310 3575 unam
1326 3510 1545 3595 capellaniam

187 3613 231 3680 de
248 3635 288 3679 20
303 3615 359 3680 lib.
376 3614 476 3679 annui
492 3613 641 3680 redditus
656 3613 734 3678 hinc
749 3613 793 3678 ad
807 3613 978 3678 biennium
995 3635 1024 3679 a.
1037 3614 1171 3696 Vemm,
1184 3614 1240 3678 S¹¹¹⁰
1251 3622 1355 3701 pater,
1372 3635 1448 3679 cum
1464 3613 1544 3678 dicti

187 3717 207 3796 J
211 3719 361 3784 ohannes
385 3728 420 3783 et
454 3716 606 3783 Matildis
632 3717 700 3782 sint
724 3718 831 3803 parati
860 3719 892 3782 in
929 3719 1084 3784 omnibus
1110 3719 1157 3784 eis
1193 3719 1404 3805 possibilibus
1430 3727 1545 3782 sancte

186 3825 304 3889 matris
320 3823 471 3889 Ecclesie
487 3821 622 3888 obedire
646 3822 824 3904 mandatis,
845 3818 974 3908 ipsique
999 3825 1100 3888 ambo
1126 3823 1234 3904 simul,
1257 3822 1290 3886 in
1317 3822 1363 3886 rei
1390 3820 1544 3900 veritate,

186 3947 256 3992 non
271 3928 420 3993 habeant
435 3926 469 3991 in
485 3925 602 3991 annuis
616 3925 786 4011 perpetuis
802 3926 984 3992 redditibus
1005 3927 1092 3992 ultra
1109 3948 1149 3991 20
1169 3926 1237 4007 lib,
1253 3934 1287 3990 et
1308 3926 1355 3991 sic
1377 3944 1446 3990 non
1468 3944 1544 4010 pos-

186 4036 263 4094 sent
286 4029 475 4113 aliqualiter
497 4027 634 4095 fundare
657 4050 721 4095 nec
745 4029 861 4096 dotare
885 4031 1003 4117 capell.
1027 4031 1232 4096 antedictam
1251 4053 1259 4110 ;
1284 4050 1379 4116 supp.
1402 4027 1543 4115 predicti

185 4130 358 4209 Johannes
384 4138 419 4197 et
446 4129 608 4215 Matildis,
646 4141 737 4218 quat.
774 4134 818 4198 ad
841 4133 1000 4199 evitanda
1026 4134 1196 4214 scandala,
1222 4132 1377 4218 pericula,
1408 4152 1543 4217 guerras

186 4243 223 4300 et
246 4235 436 4315 homicidia,
463 4256 527 4320 que
555 4236 642 4300 inter
667 4237 795 4303 amicos
815 4238 963 4323 ipsorum
985 4258 1028 4301 err
1050 4236 1205 4318 divorti0,
1221 4237 1247 4302 si
1263 4237 1357 4302 fieret
1373 4236 1460 4300 inter
1474 4257 1542 4318 eoS,

185 4340 408 4406 verisimiliter
446 4349 671 4424 sequerentur,
704 4341 746 4407 de
783 4340 927 4406 uberiori
961 4339 1187 4405 misericordie
1223 4338 1324 4420 don0,
1361 4339 1543 4425 dignemini

185 4443 234 4508 eis
248 4444 434 4530 predictam
450 4445 615 4530 capellam
631 4444 838 4510 fundandam
853 4445 1034 4524 remittere,
1051 4451 1086 4508 et
1101 4443 1182 4508 alias
1197 4442 1245 4507 de·
1254 4442 1412 4528 predictis
1427 4463 1543 4509 eorum

185 4547 356 4634 perpetuis
380 4545 574 4630 redditibus,
598 4569 682 4633 quos
708 4550 741 4614 in
768 4551 945 4615 voluntate
974 4557 1010 4614 et
1039 4547 1257 4634 dispositione
1279 4546 1320 4615 V.
1344 4547 1376 4614 S.
1406 4549 1544 4615 omnino

185 4649 370 4732 dimittunt,
396 4651 453 4737 pie
479 4658 514 4716 et
537 4652 794 4719 misericorditer
809 4652 974 4735 ordinare,
989 4652 1039 4718 ita
1054 4659 1180 4733 tamen,
1197 4651 1222 4716 sl
1239 4652 1361 4738 placet,
1377 4652 1468 4737 quod
1482 4653 1545 4738 ipsi

217 4839 246 4900 a)
262 4838 320 4888 coa,
332 4839 416 4887 unius.
428 4865 460 4874 -·
476 4839 506 4900 b)
522 4839 578 4890 (bd.
591 4845 736 4904 parentum.

220 5025 243 5072 l.
256 5023 340 5084 Brom,
354 5025 373 5084 1,
386 5039 412 5073 n.
427 5025 571 5074 1124-1125.
585 5053 617 5060 —
629 5027 653 5076 2.
664 5025 727 5074 Volr
738 5041 762 5075 n.
775 5027 831 5076 740.
