3650 5675
704 495 787 574 1351,
811 494 876 557 8-12
900 494 969 559 mn.
1456 498 1518 561 557

152 646 261 713 eidem
278 644 320 711 de
337 664 427 710 noro
442 643 623 727 dignemini
639 642 816 728 providere
835 665 843 721 ;
870 664 939 707 non
968 646 1053 709 obst.
1081 644 1172 728 quod
1196 644 1306 711 dictus
1328 644 1518 710 Bernardus

152 772 226 817 can.
242 758 277 814 et
293 751 383 835 preb.
409 748 626 813 ecclesiarum
643 747 696 811 SS.
714 746 810 811 Pauli
826 753 860 810 et
877 746 967 811 Petri
995 748 1157 814 Leodien.
1182 749 1331 815 noscitur
1355 750 1516 814 obtinere.

153 896 196 905 -
213 854 289 919 Fiat
306 852 346 917 R.

198 960 277 1023 Dat.
293 956 393 1021 Avin.
411 976 428 1038 3
446 954 513 1020 kal.
530 956 625 1041 april.
641 970 677 1019 a⁰
694 969 739 1035 9⁰.
756 955 832 1039 (20,
854 954 942 1039 186).

206 1094 342 1178 2I5I.
1247 1126 1342 1190 1351,
1359 1110 1381 1171 8
1397 1108 1475 1171 mai.

198 1216 299 1299 Supp.
312 1211 529 1295 Jlohannes),
556 1211 826 1295 archiepiscopus
853 1210 1112 1295 Rothomagen.,
1129 1218 1222 1294 quat.
1240 1209 1341 1275 Petro
1357 1209 1376 1287 J
1379 1210 1521 1276 ohannis

153 1319 196 1383 al.
213 1318 254 1382 de
270 1316 441 1381 Stelland¹
459 1314 653 1399 presbitero,
673 1313 731 1400 [de
753 1314 830 1379 ben.
855 1313 955 1399 eccl]
986 1315 1030 1379 ad
1054 1316 1130 1379 coll.
1158 1314 1306 1399 episcopi
1322 1322 1357 1378 et
1381 1314 1518 1399 capituli

156 1420 344 1485 Tornacen.
360 1418 543 1501 dignemini
559 1418 746 1504 providere.
762 1458 806 1467 -
823 1417 900 1482 Fiat
917 1417 957 1483 R.

202 1524 280 1589 Dat.
297 1543 351 1607 ap.
368 1520 618 1588 l'illamnovam
635 1525 654 1587 8
671 1520 715 1586 id.
730 1522 809 1586 maii
827 1535 862 1586 a⁰
880 1534 925 1601 90.
942 1522 1018 1603 (20,
1039 1524 1129 1605 185')

207 1660 237 1739 2
244 1658 509 1743 1¹52-2l54.
1227 1694 1323 1757 1351,
1340 1696 1381 1739 12
1399 1678 1476 1739 artai.

201 1778 347 1843 Rotalus
362 1779 653 1864 confirmationum
669 1779 867 1842 auctoritate
883 1778 1058 1842 ordinaria
1069 1784 1092 1841 ¹².

202 1882 289 1947 Item
319 1882 417 1945 simili
447 1882 552 1947 modo
567 1874 794 1947 'collationem
820 1881 1022 1946 auctoritate
1047 1879 1213 1945 ordinaria
1240 1881 1366 1947 saetam
1392 1881 1522 1959 Jacobo

157 1986 301 2065 Andree,
317 1986 372 2050 lic.
389 1984 422 2049 in
438 1987 513 2069 leg„
530 1984 572 2050 de
587 1995 771 2071 personatu
786 1984 828 2051 de
846 1984 961 2066 Melle,
983 1984 1201 2050 Cameracen.
1217 1986 1304 2051 dioc.

203 2088 290 2154 Item
314 2088 412 2153 simili
438 2088 540 2154 modo
565 2090 783 2155 collationem
809 2088 902 2155 dicta
930 2088 1132 2154 auctoritate
1158 2088 1285 2154 factam
1306 2088 1458 2154 Oliverio
1479 2089 1522 2155 de

158 2192 386 2275 Gremherghe
401 2191 444 2257 de
459 2191 626 2256 decanatu
642 2192 881 2274 Rothnacensi,
899 2192 1115 2258 Cameracen.
1130 2192 1228 2273 dioc,
1244 2201 1280 2258 et
1305 2192 1459 2279 Hergoto
1479 2193 1522 2259 de

157 2294 387 2361 Sccndelbeke
404 2294 447 2359 de
462 2294 632 2361 decanatu
648 2294 799 2381 Lyrensi,
816 2297 906 2362 dicte
931 2297 1029 2377 dioc,
1045 2317 1118 2362 vac.
1139 2317 1240 2361 causa
1266 2298 1522 2382 permutationis

159 2400 249 2465 lacte
264 2399 307 2464 de
323 2398 403 2483 ipsis
418 2398 452 2462 in
469 2399 623 2464 manibus
638 2397 794 2466 ordinarii
811 2420 871 2485 per
886 2400 1024 2467 eosdem
1041 2401 1091 2483 (6,
1112 2402 1200 2483 181).

201 2542 307 2603 2153.
323 2534 411 2600 Item
427 2536 524 2599 simili
550 2536 652 2601 modo
679 2536 897 2601 collationem
913 2544 948 2600 et
965 2536 1202 2601 commendam
1228 2537 1350 2601 saetam
1374 2558 1433 2623 per
1449 2558 1522 2623 pre-

157 2648 330 2726 ceptorem
345 2639 465 2705 domus
482 2638 843 2705 Pontismontionensis
858 2639 940 2705 alias
956 2637 1160 2719 Leodiensis,
1185 2638 1228 2704 Ο.
1252 2640 1284 2705 S.
1308 2642 1404 2725 Aug„
1421 2640 1522 2705 l'ien·

159 2742 270 2808 nensis
293 2742 390 2823 dioc,
418 2741 510 2806 fratri
536 2740 556 2819 J
558 2744 665 2808 acobo
680 2742 722 2807 de
739 2742 770 2807 S.
787 2742 922 2806 Andrea
937 2742 980 2807 de
995 2742 1206 2827 preceptoria
1218 2743 1320 2808 domo
1336 2753 1371 2809 et
1386 2744 1522 2808 bailivia

159 2848 192 2912 S.
216 2846 355 2912 Antonii
372 2846 415 2911 de
429 2845 596 2932 Traject0,
614 2846 738 2912 ordinis
753 2855 788 2911 et
804 2845 891 2912 dioc.
908 2847 1136 2932 predictorum
1154 2849 1202 2930 (6,
1223 2848 1326 2932 18r‘').

203 2993 311 3053 2154.
327 2984 417 3050 Item
433 2985 651 3052 collationem
666 2985 794 3050 factam
805 2985 907 3052 Petro
919 2986 962 3051 de
978 2985 1120 3071 Campo,
1135 2986 1320 3072 presbitero
1328 2985 1372 3051 de
1383 2986 1522 3071 paroch.

159 3089 303 3155 ecclesia
330 3089 372 3156 de
396 3089 485 3171 Zele,
510 3088 699 3155 Tomacen.
724 3088 822 3170 dioc„
850 3110 925 3156 vac.
953 3110 1012 3175 per
1037 3089 1176 3155 liberam
1201 3089 1461 3174 resignationem
1488 3090 1521 3154 in

162 3193 317 3258 manibus
333 3192 490 3258 ordinarii
506 3192 632 3258 factam
648 3213 708 3278 per
723 3191 928 3258 Balduinum
945 3193 988 3258 de
1003 3193 1144 3279 Campo,
1160 3193 1391 3278 presbiterum.

206 3295 293 3361 Item
318 3296 537 3362 collationem
561 3295 687 3362 factam
714 3295 862 3373 Johanni
885 3297 947 3362 Pul
974 3297 1016 3362 de
1042 3297 1206 3382 capellan.
1221 3317 1314 3384 perp.
1331 3296 1471 3364 lundata
1488 3297 1521 3362 in

160 3400 302 3465 ecclesia
318 3400 453 3485 paroch.
470 3398 512 3465 de
530 3399 771 3484 Eclrergheem,
795 3399 882 3466 dioc.
898 3400 1087 3467 Tomacen.

204 3505 281 3569 Dat.
298 3525 351 3589 ap.
368 3503 617 3570 villamnovam
634 3528 653 3588 4
671 3504 713 3570 id.
730 3504 809 3569 maii
825 3513 859 3570 a⁰
883 3513 923 3586 9⁰.
949 3508 1025 3591 (20,
1044 3509 1146 3592 184').

195 3693 222 3752 a]
233 3692 271 3740 La
282 3692 406 3756 premiere
417 3695 500 3756 partie
512 3693 543 3742 dc
555 3709 583 3742 cc
596 3694 694 3742 rotulas
705 3691 769 3741 adtc
779 3692 876 3742 inscide
885 3694 950 3742 dans
958 3695 982 3743 lc
994 3697 1101 3756 registro
1110 3697 1132 3753 6,
1142 3700 1167 3743 et
1177 3695 1201 3742 la
1213 3695 1247 3742 fin
1260 3693 1325 3742 dans
1335 3694 1360 3742 lc
1368 3695 1476 3754 registro
1486 3694 1525 3741 20.

162 3811 244 3821 a·—

199 3877 219 3925 1.
232 3875 294 3926 ron
305 3891 330 3924 n.
342 3879 413 3927 2122.
