3650 5675
694 535 781 609 tall.
804 536 891 600 29-31
909 536 1036 617 Janvier.
1476 550 1543 613 nuo

176 686 276 765 dioc.,
293 685 326 751 iu
343 686 550 753 monasterio
566 686 776 772 Sybergensi,
790 685 832 751 O.
846 687 877 751 S.
891 686 940 767 B,
954 687 1131 755 Colonien.
1143 689 1241 771 dioc.,
1257 693 1360 779 recipi
1374 694 1541 779 faciant..

178 830 222 839 -
238 788 316 855 Fiat
332 789 373 855 R.

223 892 303 957 Dat.
317 892 416 957 Avin.
434 916 453 977 4
470 893 537 959 kal.
554 894 633 959 febr.
651 902 684 960 a⁰
701 901 743 959 2⁰.
760 895 810 978 (4,
833 896 934 977 155⁸).

230 1030 481 1113 647-648.
1194 1070 1289 1135 1344,
1303 1072 1344 1135 29
1354 1052 1497 1133 y'rrnuz'er.

223 1148 323 1234 Supp.
353 1149 548 1215 Anthonius
578 1150 620 1216 de
650 1148 789 1234 Bugella
814 1162 834 1229 ¹,
863 1170 937 1215 can.
969 1149 1140 1231 Leodien.,
1166 1154 1221 1237 qui
1247 1154 1309 1219 fuit
1332 1158 1541 1225 examinator

176 1272 363 1337 pauperum
380 1253 576 1319 clericorum
591 1254 765 1339 provincie
780 1252 971 1334 Treveren,
988 1265 1080 1339 quat.
1100 1255 1268 1344 [Danieli]
1285 1258 1328 1324 de
1344 1259 1540 1345 Verguasto,

178 1354 365 1421 l'ercellen.
381 1356 479 1437 dioc.,
495 1358 537 1423 de
553 1378 626 1423 can.
643 1367 678 1423 et
694 1361 786 1444 preb.
806 1359 896 1446 [vac.
911 1360 966 1423 vel
981 1360 1111 1446 vacat,]
1135 1362 1217 1427 eccl.
1230 1362 1262 1428 S.
1279 1362 1329 1429 M.
1346 1364 1541 1449 Vercellen,

177 1460 272 1544 cujus
288 1461 442 1526 canonici
459 1482 494 1526 se
510 1462 690 1526 nominant
707 1461 937 1527 Vercelleuses
953 1464 1144 1545 canonicos,
1157 1474 1294 1551 propter
1308 1470 1433 1535 multos
1447 1480 1541 1537 actus

176 1564 211 1629 in
229 1564 348 1649 quibus
364 1565 579 1651 expediendis
595 1566 756 1632 interesse
771 1567 897 1633 debent
914 1589 991 1633 cum
1007 1569 1155 1653 capitulo
1171 1578 1205 1635 et
1222 1572 1393 1637 canonicis
1409 1572 1542 1639 Vercel-

176 1668 255 1747 len,
280 1667 389 1733 eidem
417 1668 562 1750 Danieli,
590 1690 658 1735 non
685 1672 771 1735 obst.
797 1670 887 1755 quod
912 1671 946 1735 in
971 1671 1053 1737 eccl.
1078 1672 1109 1737 S.
1126 1672 1216 1738 Petri
1240 1674 1401 1741 Leodien.
1417 1698 1491 1743 can.
1507 1686 1542 1743 et

175 1773 270 1857 preb.
287 1772 438 1836 obtinere
454 1782 622 1855 noscatur,
638 1775 821 1859 dignemini
841 1776 1028 1861 providere.
1044 1817 1087 1825 —
1104 1775 1181 1843 Fiat
1198 1778 1238 1845 R.

222 1914 306 1975 648.
326 1907 413 1973 Item
430 1932 525 1997 supp.
542 1912 629 1977 idem
654 1914 831 1993 Antonius,
856 1922 949 1998 quat.
969 1913 1149 2001 [Nicolao]
1163 1916 1206 1980 de
1220 1915 1368 1998 Meffia²,
1382 1918 1540 1985 Leodien

177 2012 275 2093 dioc.,
300 2014 342 2079 de
368 2034 442 2081 can.
467 2024 501 2081 et
525 2020 618 2103 preb.
635 2017 667 2084 S.
685 2012 836 2083 Materni
859 2018 893 2083 in
918 2020 1000 2085 eccl.
1022 2019 1194 2102 Leodien.,
1213 2020 1304 2107 [vac.
1328 2025 1382 2088 vel
1398 2024 1537 2111 vacat,]

176 2136 247 2179 non
278 2118 363 2182 obst.
394 2118 484 2202 quod
515 2120 547 2183 iu
579 2120 697 2185 eadem
728 2123 809 2187 eccl.
841 2120 1001 2188 Leodien.
1033 2144 1106 2188 can.
1122 2131 1157 2187 et
1172 2127 1264 2209 preb.
1295 2146 1399 2211 parve
1424 2148 1540 2192 mense

177 2219 342 2301 obtineat,
381 2242 465 2306 quos
502 2222 670 2289 dimittere
708 2232 864 2291 teneatur
901 2226 1036 2310 quando
1072 2227 1242 2313 predictos
1279 2250 1353 2295 can.
1383 2240 1418 2295 et
1448 2234 1540 2318 preb

177 2324 209 2389 S.
225 2322 373 2390 Materni
390 2326 532 2411 adeptus
549 2327 647 2394 fuerit
662 2330 812 2414 pacifice,
829 2330 1012 2415 dignemini
1029 2331 1214 2415 providere.
1227 2373 1271 2382 —
1288 2331 1363 2398 Fiat
1381 2334 1421 2400 R.

223 2428 304 2493 Dat.
320 2430 419 2495 Avin.
436 2452 455 2514 4
471 2428 539 2496 kal.
552 2431 633 2498 febr.
650 2438 684 2496 a⁰
701 2442 743 2498 2⁰.
759 2434 810 2517 (4,
831 2434 933 2515 160⁹).

231 2568 486 2652 649-650.
1187 2604 1281 2668 1344,
1298 2605 1341 2667 j!
1352 2583 1497 2665 Janvier.

222 2686 324 2773 Supp.
335 2687 407 2752 dec.
418 2695 453 2752 et
463 2687 645 2772 capitulum
659 2689 740 2753 eccl.
752 2686 963 2770 S.Gaugerici
973 2685 1287 2771 Cameracenquod
1300 2709 1376 2754 cum
1388 2690 1540 2754 nonnulli

177 2790 290 2856 clerici
307 2798 341 2856 et
356 2811 498 2877 persone
522 2790 759 2873 ecclesiastice,
775 2798 845 2856 tam
864 2790 1031 2874 regulares
1046 2811 1148 2876 quarn
1164 2793 1330 2858 seculares
1346 2792 1380 2858 in
1396 2792 1540 2879 diguita-

177 2895 267 2960 tibus
277 2903 311 2960 et
321 2896 554 2980 personatibus
565 2896 757 2976 constitute,
768 2915 903 2961 necnon
916 2895 1028 2974 duces,
1041 2895 1193 2976 comites,
1204 2899 1355 2978 barones,
1368 2897 1498 2964 nobiles
1507 2907 1542 2964 et

177 2999 415 3064 universitates
440 3008 634 3081 castrorum,
656 2999 809 3064 villarum
837 3007 872 3063 et
896 2999 970 3064 laici
996 2999 1030 3063 in
1054 3000 1224 3065 nonnullis
1246 3001 1344 3066 bonis
1364 3008 1399 3065 et
1416 3001 1542 3086 juribus

179 3104 269 3169 dicte
293 3113 407 3170 nostre
430 3103 572 3170 ecclesie
597 3123 636 3168 ac
660 3103 817 3167 membris
837 3102 948 3188 ipsius,
965 3110 1035 3166 tarn
1053 3101 1137 3166 infra
1154 3103 1276 3168 limites
1292 3104 1383 3188 regni
1400 3101 1542 3169 Francie

179 3229 280 3291 quam
298 3208 330 3272 in
358 3209 498 3294 imperio
522 3215 556 3272 et
580 3207 727 3292 partium
748 3206 943 3286 vicinarum,
959 3206 1224 3290 perpotentiam
1241 3216 1276 3271 et
1291 3207 1542 3293 oppressionem

180 3333 220 3378 ac
236 3313 601 3398 incendium,tempore
615 3331 807 3396 guerrarum
823 3311 978 3389 maxime,
986 3331 1063 3376 curn
1078 3310 1112 3374 in
1129 3309 1306 3377 duodecim
1322 3310 1410 3376 villis
1424 3332 1542 3376 earun-

178 3417 257 3482 dem
283 3417 428 3503 partium
445 3416 599 3494 ,redditus
615 3416 761 3501 ipsorum
779 3413 1012 3495 consisterent,
1025 3436 1068 3479 ex
1083 3416 1201 3499 quibus
1216 3437 1286 3481 non
1303 3417 1464 3482 remansit
1479 3416 1541 3481 uisi

178 3541 247 3584 una
277 3541 353 3584 cum
384 3519 531 3601 dimidia,
563 3519 762 3605 quinymmo
782 3518 1015 3584 miserabiliter
1044 3518 1109 3584 alie
1140 3518 1272 3585 fuerunt
1303 3523 1477 3586 combuste
1507 3529 1542 3586 et

178 3624 313 3708 penitus
342 3623 539 3710 dilapidate,
570 3625 705 3709 insuper
735 3623 768 3688 in
799 3623 897 3688 bonis
928 3624 995 3689 suis
1025 3624 1098 3689 aliis
1127 3631 1162 3688 et
1189 3625 1316 3708 juribus
1342 3623 1385 3690 ad
1415 3624 1541 3688 dictam

177 3727 356 3793 ecclesiam
377 3735 527 3794 nostram
552 3728 784 3814 spectantibus
806 3727 1037 3812 multipliciter
1059 3727 1237 3792 afflixerint
1273 3734 1306 3790 et
1344 3727 1392 3791 eis
1417 3728 1541 3792 multas

178 3831 352 3896 intulerint
377 3839 412 3896 et
439 3832 599 3898 continue
630 3832 772 3897 inferant
798 3831 970 3896 molestias
994 3839 1029 3913 et
1050 3833 1208 3916 jacturas,
1232 3829 1358 3896 eisdem
1384 3825 1542 3895 reddattn

178 3934 315 4000 difficile
345 3955 405 4021 pro
428 3937 564 4021 singulis
595 3937 736 4023 querelis
763 3935 805 4001 ad
832 3945 979 4002 vestram
1006 3944 1158 4002 sanctam
1184 3935 1297 4000 sedern
1321 3935 1541 4020 apostolicam

178 4039 304 4104 habere
327 4060 508 4121 recursum,
534 4049 624 4125 quat.
643 4041 690 4106 eis
723 4049 977 4106 conservatores
1005 4039 1048 4104 ad
1074 4038 1337 4124 quinquennium
1363 4037 1406 4104 de
1431 4046 1542 4104 vestra

178 4151 298 4208 sancta
314 4144 496 4210 clementia
512 4143 694 4229 dignemini
708 4145 894 4212 concedere
910 4145 944 4209 in
966 4145 1072 4209 fonna
1096 4142 1228 4208 concilii
1250 4141 1449 4207 Viennensis
1470 4163 1543 4227 gra-

176 4247 272 4314 tiose.
288 4246 423 4313 -Fiat
440 4245 480 4313 R.
497 4247 549 4330 (4,
571 4249 752 4334 162‘2163).

222 4391 304 4454 650.
323 4384 412 4451 Item
439 4406 535 4472 supp.
552 4393 654 4470 quat,
679 4393 715 4450 ut
739 4407 816 4470 erga
841 4385 949 4471 ipsam
972 4382 1150 4449 ecclesiam
1174 4382 1322 4449 fidelium
1346 4381 1485 4449 devotio
1499 4383 1542 4450 de

176 4492 268 4557 bono
285 4492 317 4556 in
330 4491 450 4557 melius
463 4489 820 4575 augeatur,dignemini
833 4489 987 4554 omnibus
997 4508 1076 4552 vere
1087 4487 1317 4572 penitentibus
1327 4498 1361 4552 et
1371 4485 1540 4576 confessis,

177 4595 283 4680 quiin
300 4595 439 4681 singulis
462 4593 551 4659 Petri
568 4601 603 4658 et
620 4593 724 4674 Pauli,
740 4612 875 4658 necnon
891 4592 1041 4677 eJusdem
1058 4590 1089 4655 S.
1106 4589 1280 4676 Gangerici
1304 4575 1542 4659 festivitatibus

177 4700 355 4766 eeclesiam
373 4699 491 4787 ipsam,
516 4699 621 4764 etiam
648 4705 683 4763 et
708 4698 742 4763 in
760 4696 900 4777 octavis,
927 4717 1028 4762 causa
1054 4693 1245 4761 devotionis
1273 4696 1483 4764 visitaverint
1509 4706 1544 4765 et

178 4825 299 4872 manus
322 4803 533 4890 porrexerint
550 4803 740 4888 adjutrices,
765 4803 894 4888 aliquas
910 4801 1144 4886 indulgentias,
1160 4801 1338 4885 dequibus
1361 4802 1393 4868 S.
1411 4801 1452 4868 V.
1472 4803 1544 4887 pla-

212 4987 233 5035 1.
251 4985 313 5034 l'oir
330 4999 356 5035 n.
374 4986 430 5032 422.
441 5013 473 5020 —
485 4989 509 5036 2.
527 4985 628 5046 Kirscb,
641 4985 718 5047 uult,
730 4988 777 5036 274
794 5002 799 5044 ς
814 4987 944 5045 Rormans,
956 4987 999 5046 lV,
1014 4988 1067 5044 162,
1080 4987 1136 5036 328.
