3650 5675
309 466 365 530 162
840 468 928 539 1344,
952 468 1033 529 1821
1056 486 1145 531 mars.

311 614 469 681 Nexonio
486 632 506 693 ¹,
524 616 615 681 fratri
630 617 732 702 ipsius
748 616 979 703 supplicantis
996 617 1138 683 contulit
1163 638 1300 703 precum
1317 626 1502 683 vestrarum
1518 623 1670 703 obtentu,

309 727 344 783 et
352 718 463 804 ipsum
475 718 622 785 officium
632 720 722 785 dom.
733 720 845 805 episc,
863 720 919 805 qui
931 740 1022 786 nunc
1034 728 1094 801 est,
1108 720 1151 786 ad
1167 742 1202 786 se
1217 722 1390 786 revocavit
1405 730 1440 787 et
1455 723 1562 807 ipsam
1576 732 1672 792 tenet

309 831 514 902 revocatam,
530 824 640 889 eidem
655 823 675 901 J
679 824 803 890 obanni
819 832 916 889 motu
931 825 1066 910 proprio
1089 822 1239 891 conferre
1254 822 1437 908 dignemini
1453 833 1488 889 et
1503 825 1548 890 ad
1563 827 1671 912 ipsum

309 926 495 1007 restituere,
512 925 599 991 sicut
622 936 775 1013 tempore
795 928 885 994 dom.
907 928 1070 1014 Stephani
1092 927 1296 1013 possidebat,
1315 928 1474 1010 quamdiu
1498 930 1618 995 vixerit
1637 930 1671 995 in

312 1028 466 1093 humanis
481 1052 489 1109 ;
506 1050 575 1095 non
591 1033 676 1096 obst.
694 1030 785 1115 quod
800 1033 882 1097 eccl.
898 1030 941 1096 de
964 1031 1149 1111 Connetes,
1169 1028 1337 1096 Morinen.
1359 1030 1457 1112 dioc,
1480 1042 1516 1098 et
1538 1054 1613 1100 can.
1636 1043 1670 1099 et

309 1133 401 1216 preb.
412 1132 446 1196 in
463 1134 545 1199 eccl.
562 1133 593 1199 S.
615 1132 790 1219 Gaugerici
807 1134 1026 1200 Cameracen.
1042 1133 1132 1199 idem
1147 1132 1167 1210 J
1170 1134 1321 1198 ohannes
1337 1134 1488 1200 obtinere
1502 1146 1670 1203 noscatur.

315 1270 347 1283 -
368 1235 445 1301 Fiat
460 1237 487 1301 si
498 1245 597 1303 vacat
614 1236 654 1303 R.

353 1339 432 1404 Dat.
449 1360 503 1425 ap.
520 1339 770 1407 Villamnovam
791 1361 825 1426 15
844 1340 910 1407 kal.
926 1340 1019 1427 april.
1035 1348 1069 1405 a⁰
1086 1348 1127 1406 2⁰.
1146 1340 1198 1426 (4,
1213 1341 1302 1424 250).

360 1492 475 1576 686.
972 1544 976 1551 ·
1354 1527 1449 1592 1344,
1466 1511 1509 1573 18
1524 1531 1627 1576 mars.

345 1612 433 1696 Sign.
444 1612 699 1697 R(aymundus)
710 1612 811 1698 episc.
820 1620 855 1677 et
865 1610 1049 1677 Balduinus
1060 1610 1202 1691 dec.²,ac
1211 1610 1670 1696 capitulumeccl.Morinen.,

309 1715 399 1799 quod
412 1716 549 1797 dudum,
566 1724 639 1781 orta
654 1716 830 1801 questione
855 1736 914 1780 seu
942 1714 1168 1779 controversia
1193 1714 1282 1778 inter
1305 1715 1413 1799 ipsum
1429 1716 1530 1800 episc.
1546 1738 1587 1780 ex
1602 1738 1669 1782 una

307 1828 412 1904 parte,
429 1827 464 1885 et
479 1818 552 1885 dec.
567 1839 609 1884 ae
624 1819 807 1905 capitulum
831 1840 873 1883 ex
890 1819 1007 1899 altera,
1022 1838 1121 1903 super
1143 1817 1383 1902 jurisdictione,
1401 1820 1608 1886 correctione
1633 1830 1669 1885 et

306 1922 481 2008 punitione
508 1923 745 1989 canonicorum
769 1930 805 1987 et
831 1923 1081 2007 capellanorum
1108 1929 1144 1986 et
1169 1922 1368 1988 servitorum
1391 1941 1433 1987 ac
1455 1922 1666 1989 familiarium

306 2024 426 2090 decani
437 2034 472 2090 et
483 2045 555 2110 cap.
566 2034 601 2089 et
611 2024 814 2110 singulorum
825 2026 1065 2091 canonicorum
1075 2026 1157 2090 eccl.
1169 2024 1330 2110 predicte,
1341 2046 1381 2091 ac
1391 2046 1490 2111 super
1500 2027 1668 2093 nonnullis

307 2129 380 2194 aliis
392 2130 548 2210 articulis,
563 2129 635 2195 RR.
649 2129 715 2194 ΡΡ.
731 2128 821 2193 dom.
836 2127 948 2208 Petro,
958 2128 1011 2193 tit.
1027 2128 1060 2193 S.
1072 2127 1240 2209 Praxedis,
1257 2136 1293 2193 et
1308 2126 1505 2209 BertrandO,
1518 2129 1550 2193 S.
1562 2128 1668 2195 Marie

306 2232 342 2298 in
358 2232 496 2317 Aquiro,
512 2233 598 2299 diac.
616 2232 714 2313 card,
730 2240 811 2297 tunc
826 2232 861 2296 in
878 2232 942 2296 illis
957 2232 1107 2317 partibus
1121 2231 1209 2297 sedis
1224 2241 1333 2317 apost.
1357 2233 1497 2314 nunciis
1519 2234 1667 2299 median·

305 2336 396 2402 tibus
411 2344 446 2401 et
460 2336 683 2402 tractantibus
699 2336 786 2400 inter
799 2335 889 2421 ipsas
904 2343 1028 2420 partes,
1044 2341 1136 2399 certa
1151 2336 1353 2420 compositio
1368 2335 1458 2402 facta
1473 2336 1544 2417 fuit,
1561 2344 1596 2402 et
1610 2337 1667 2403 de·

306 2439 518 2521 clarationeS,
533 2448 615 2505 tunc
630 2460 690 2525 per
705 2439 841 2504 eosdem
857 2438 948 2504 dom.
962 2437 1099 2502 Petrum
1110 2447 1146 2503 et
1162 2436 1394 2519 Bertrandum,
1406 2442 1509 2525 paulo
1524 2449 1668 2526 postque

306 2564 412 2630 nuper
426 2564 486 2630 per
503 2543 542 2609 R.
556 2544 592 2609 P.
609 2543 700 2609 dom.
724 2541 925 2623 Guidonem,
940 2542 993 2607 tit.
1009 2542 1041 2607 S.
1057 2541 1182 2607 Cecilie
1197 2545 1306 2628 presb.
1322 2543 1421 2623 card,
1437 2564 1535 2629 super
1551 2545 1668 2629 aliqui-

305 2650 367 2713 bus
381 2648 489 2713 dubiis
504 2648 628 2713 exortis
654 2668 697 2712 ex
719 2647 790 2732 ipsa
817 2646 1071 2731 compositione,
1097 2644 1140 2710 de
1166 2666 1332 2711 consensu
1347 2647 1493 2732 ipsarum
1512 2648 1667 2733 partium,

305 2754 540 2835 subsequente,
556 2760 656 2838 prout
673 2751 707 2815 in
720 2751 839 2815 litteris
853 2750 1020 2816 dictorum
1035 2749 1126 2815 dom.
1143 2749 1244 2829 Petri,
1266 2748 1441 2815 Bertrandi
1454 2759 1490 2815 et
1504 2749 1668 2817 Guidonis

304 2856 526 2921 cardinalium
554 2855 667 2940 sigillis
689 2855 838 2940 sigillatis
853 2855 952 2919 latius
967 2854 1159 2919 continetur
1173 2862 1196 2919 ³.
1218 2853 1331 2937 Quare
1346 2874 1441 2939 supp.
1457 2862 1549 2938 quat.
1575 2876 1666 2920 com-

304 2959 507 3044 positionem
535 2959 770 3024 declarationis
795 2957 877 3023 totis
898 2957 1071 3022 tenoribus
1095 2956 1260 3022 dictarum
1283 2957 1469 3020 litterarum
1497 2957 1530 3020 in
1546 2958 1664 3022 vestris

304 3084 403 3150 super
418 3065 481 3130 hiis
496 3063 713 3130 conficiendis
744 3065 861 3129 litteris
889 3064 1020 3128 insertis
1046 3062 1226 3148 dignemini
1253 3061 1460 3140 confirmare,
1477 3060 1664 3145 supplendo

305 3167 484 3248 defectum,
502 3170 527 3232 si
544 3168 599 3252 qui
615 3167 834 3232 intervenerit
849 3167 882 3231 in
899 3166 1078 3253 premissis.
1092 3205 1136 3215 —
1153 3165 1229 3230 Fiat
1244 3163 1285 3228 R.

349 3271 429 3336 Dat.
446 3292 500 3357 ap.
518 3271 766 3337 Villamnovam
788 3291 823 3355 15
841 3270 908 3336 kal.
925 3271 1020 3356 april.
1035 3277 1069 3335 a⁰
1086 3277 1127 3334 2⁰.
1144 3271 1197 3354 (4,
1214 3270 1304 3353 254).

356 3424 469 3508 687.
1348 3453 1442 3516 1344,
1460 3435 1502 3497 18
1518 3455 1621 3498 mars,

348 3543 449 3629 Supp.
465 3542 613 3620 Jacobus
634 3542 676 3608 de
700 3541 867 3620 Ceccano,
887 3540 988 3604 frater
1002 3537 1158 3604 Anibaldi
1175 3537 1274 3619 card,
1288 3545 1381 3621 quat.
1399 3536 1607 3623 [Annibaldo
1621 3535 1663 3601 de

304 3645 470 3729 Ceccan0,
494 3646 563 3711 filio
585 3667 655 3726 su0,
679 3665 754 3731 cap.
764 3643 804 3709 V.
821 3642 883 3729 S.],
900 3642 942 3707 de
958 3663 1032 3708 can.
1047 3650 1084 3708 et
1098 3644 1189 3727 preb.
1206 3661 1257 3706 ac.
1273 3640 1362 3724 dign.
1378 3640 1459 3705 eccl.
1477 3637 1663 3705 Bononien.

305 3751 487 3835 dignemini
500 3750 675 3836 providere
691 3771 699 3828 ;
715 3769 783 3812 non
800 3751 885 3812 obst.
903 3745 995 3831 quod
1009 3746 1043 3810 in
1059 3744 1276 3810 Cameracen.
1291 3755 1312 3824 ⁴,
1329 3743 1480 3823 Cuman,
1498 3743 1663 3808 Coronen.

305 3875 345 3919 ac
364 3853 539 3918 Patracen.
553 3852 701 3918 ecclesiis
716 3871 791 3916 can.
808 3858 843 3915 et
858 3853 952 3935 preb.
968 3869 1009 3914 ac
1023 3856 1240 3934 personatum
1256 3846 1299 3912 de
1315 3845 1450 3926 BallioS,
1466 3847 1662 3911 Atrebaten.

303 3957 398 4039 dioc,
415 3956 564 4021 noscitur
589 3955 774 4021 obtinere...
790 3961 826 4018 et
846 3973 923 4018 cum
945 3952 1193 4038 dispensatione
1208 3971 1307 4036 super
1321 3948 1386 4015 def.
1402 3949 1511 4029 etatis,
1529 3969 1605 4014 cum
1620 3949 1663 4013 sit

302 4061 335 4124 in
357 4065 408 4126 16⁰
423 4060 523 4125 etatis
538 4079 596 4124 sue
612 4078 702 4124 anno
718 4057 929 4123 constitutus.
940 4097 984 4105 —
1000 4055 1077 4120 Fiat
1090 4055 1129 4120 R.

346 4165 426 4229 Dat.
443 4183 497 4249 ap.
515 4161 764 4228 Villamnovam
785 4181 821 4244 15
837 4159 906 4225 kal.
922 4159 1016 4245 april.
1031 4167 1066 4224 a⁰
1081 4167 1124 4226 2⁰.
1141 4160 1193 4244 (4,
1211 4159 1299 4242 255).

352 4317 467 4402 688.
1344 4341 1439 4406 1344,
1456 4341 1495 4384 21
1514 4341 1617 4384 mars.

346 4435 445 4502 Motu
469 4434 605 4522 proprio
626 4433 841 4519 providemus
857 4433 1029 4519 Stephano
1046 4430 1155 4510 Fabri,
1172 4449 1244 4494 can.
1262 4426 1463 4505 Ruthenen,
1478 4424 1521 4490 de
1538 4444 1610 4489 can.
1625 4432 1662 4488 et

304 4593 542 4605 ———---

334 4687 355 4732 l.
367 4683 429 4730 Voir
442 4697 466 4732 n.
480 4685 533 4731 193.
547 4709 579 4717 -
590 4685 612 4730 2.
626 4681 762 4729 Beudouin
773 4680 805 4728 de
818 4679 996 4728 Chantereine.
1005 4707 1040 4714 —
1051 4681 1072 4727 3.
1085 4679 1123 4727 Ie
1133 4679 1308 4740 composition,
1320 4672 1467 4737 approurec
1478 4687 1524 4735 par
1541 4672 1577 4720 les
1592 4672 1662 4720 deux

300 4772 394 4806 nonoes
412 4756 498 4806 Pierre
508 4761 535 4805 et
548 4755 680 4813 Bertrand,
700 4760 739 4802 eet
756 4754 793 4802 du
810 4755 841 4801 26
853 4754 992 4802 novembre
1010 4755 1072 4801 1337
1088 4753 1211 4814 (Duchet,
1230 4751 1357 4810 220-221).
1371 4749 1408 4796 La
1419 4747 1488 4795 bulle
1499 4747 1531 4794 de
1543 4743 1662 4794 Clemens

299 4831 343 4890 Vl,
357 4831 392 4878 du
403 4831 433 4878 18
443 4845 510 4879 mars
520 4828 726 4892 1344,reproduit
738 4831 824 4877 tontes
835 4827 871 4875 les
881 4825 965 4890 pieces
975 4826 1114 4888 redigdesb
1125 4840 1153 4874 ce
1164 4825 1232 4886 eujet
1244 4824 1319 4886 (Rep.
1332 4823 1407 4870 Aria.
1418 4823 1455 4879 74,
1467 4819 1496 4868 ff.
1507 4821 1662 4879 {biit-tw.)

297 4933 329 4940 —
347 4907 370 4953 l.
384 4904 444 4952 Vorr
455 4920 481 4952 n.
496 4906 549 4962 324,
563 4905 618 4952 608.
