3650 5675
689 560 777 637 1345,
800 562 850 625 aa
873 560 1034 626 raanan.
1274 542 1312 623 f
1482 565 1545 629 243

183 712 275 795 preb.
292 709 358 774 sint
381 730 440 796 per
456 710 487 775 S.
505 710 544 775 V.
560 720 618 777 aut
634 711 885 797 predecessores
908 721 1038 778 vestros
1064 713 1222 778 reservati
1236 736 1244 792 ;
1268 734 1337 779 non
1354 718 1440 781 obst.
1456 716 1547 801 quod

185 814 293 879 dictus
309 813 499 881 Bernardus
514 815 815 883 decanatumeccl.
832 816 863 883 S.
880 817 1028 882 Severini
1045 816 1275 903 Burdegalen„
1290 825 1326 883 et
1342 818 1375 882 in
1391 818 1543 900 eadem⁸,

186 938 226 983 ac
236 916 267 982 S.
284 918 479 999 Audomari,
497 917 666 985 Morinen.
682 919 779 999 dioc.,
795 922 943 987 ecclesiis
959 942 1032 987 can.
1048 930 1082 986 et
1097 924 1200 1007 preb„
1216 942 1256 987 ac
1271 930 1487 1007 personatum
1503 922 1546 988 de

186 1020 349 1087 Domibus
376 1022 409 1086 in
436 1021 613 1105 Rollando,
639 1032 673 1089 et
698 1027 780 1090 eccl.
806 1024 837 1089 S.
864 1023 987 1101 Juliani
1004 1025 1046 1091 de
1072 1023 1198 1105 Lenda,
1226 1024 1345 1108 quibus
1370 1046 1449 1091 cura
1476 1047 1544 1091 non

186 1124 338 1190 imminet
355 1126 552 1207 animarum,
568 1128 768 1194 Ambianen.
785 1137 819 1193 et
836 1128 867 1193 S.
885 1127 997 1193 Pontii
1014 1125 1268 1193 Thomeriarum
1277 1128 1375 1209 dioc,
1385 1136 1420 1193 et
1435 1128 1545 1195 dictus

186 1228 302 1293 Petrus
318 1248 391 1294 can.
408 1228 575 1295 Senonen.
592 1233 652 1296 sub
679 1252 754 1317 exp.
770 1234 862 1317 preb.
887 1231 1039 1297 obtinere
1063 1240 1254 1313 noscuntur,
1281 1241 1316 1297 et
1340 1232 1430 1317 quod
1452 1234 1545 1300 dicto

185 1331 285 1396 Petro
300 1332 342 1397 de
358 1332 587 1399 subdecanatu
603 1336 684 1399 eccl.
702 1332 920 1419 Burdegalen.
947 1334 1091 1419 litigiose
1105 1334 1230 1399 dudum
1256 1356 1316 1428 per
1340 1335 1544 1401 ordinarium

185 1435 245 1501 fuit
260 1437 440 1522 provisum,
457 1437 549 1522 cujus
561 1438 807 1523 possessionem
822 1444 960 1523 propter
984 1437 1162 1503 adversarii
1178 1439 1368 1523 potentiam
1393 1439 1543 1505 nondum

185 1540 296 1605 extitit
313 1550 493 1607 assecutus
510 1583 553 1591 -
570 1540 646 1607 Fiat
659 1561 721 1628 pro
737 1551 878 1626 utroque
897 1541 937 1607 R.

232 1644 310 1709 Dat.
326 1645 425 1709 Avin.
442 1667 461 1728 4
478 1666 558 1711 non.
574 1645 646 1711 dec.
664 1654 697 1711 a⁰
716 1654 759 1730 4⁰.
777 1646 827 1729 (8,
849 1648 936 1730 120).

238 1799 351 1883 962.
1173 1831 1268 1898 1345,
1285 1836 1304 1877 2
1323 1815 1503 1881 decerrrbre.

230 1918 331 2005 Supp.
343 1917 364 1997 J
366 1919 529 2001 ohannes,
546 1918 577 1983 S.
594 1916 713 2001 Angeli
730 1916 829 2001 dyac.
846 1915 935 1981 card.
952 1927 971 1996 ¹,
988 1924 1080 2001 quat.
1110 1915 1146 2003 [J
1150 1917 1283 1998 ohanni,
1300 1925 1382 1982 nato
1399 1916 1545 1984 Viventii

187 2022 229 2087 de
246 2021 426 2105 Florentia,
443 2026 521 2091 cler.
537 2030 571 2089 et
599 2020 700 2085 famil.
717 2020 806 2105 suo]‚
830 2018 873 2085 de
900 2027 1014 2085 curata
1040 2021 1122 2086 eccl.
1147 2021 1178 2085 S.
1206 2019 1346 2085 Martini
1371 2020 1414 2086 de
1441 2020 1548 2101 Hans

189 2124 348 2195 Leodien.
359 2128 456 2207 dioc,
470 2126 561 2212 [vac.
577 2144 636 2210 per
652 2126 705 2189 ob.
722 2122 876 2189 Oddonis
901 2122 1147 2189 Malabranche
1162 2123 1205 2189 de
1229 2122 1324 2189 Urbe
1339 2134 1358 2204 ²,
1375 2124 1431 2209 qui
1456 2132 1550 2189 extra

191 2230 288 2299 Rom.
305 2253 373 2297 cur.
389 2230 478 2296 diem
494 2229 614 2297 clausit
630 2227 847 2315 extremum],
863 2227 1047 2312 dignemini
1062 2228 1238 2313 providere
1253 2251 1261 2307 ;
1278 2249 1348 2293 non
1358 2231 1444 2294 obst.
1459 2228 1551 2312 quod

190 2336 277 2402 idem
293 2336 312 2413 J
316 2336 467 2401 ohannes
489 2355 564 2400 can.
587 2335 647 2397 sub
664 2352 739 2417 exp.
755 2335 847 2418 preb.
864 2332 995 2397 obtinet
1011 2332 1044 2396 in
1060 2333 1148 2398 eccl:
1168 2331 1346 2398 Fesulana.
1364 2370 1396 2381 -
1417 2332 1493 2398 Fiat
1510 2332 1550 2399 R.

233 2440 312 2506 Dat.
327 2442 427 2506 Avin.
444 2462 464 2523 4
479 2458 557 2504 non.
573 2437 645 2503 dec.
661 2444 694 2501 a⁰
710 2444 753 2521 4⁰.
770 2436 821 2519 (8,
843 2436 930 2519 120).

241 2592 492 2683 963-964.
1181 2621 1276 2685 1345,
1292 2625 1311 2684 4
1329 2604 1508 2666 decembre.

233 2712 334 2800 Supp.
344 2712 528 2791 Johannes,
540 2730 597 2773 rex
610 2706 851 2789 Boemie‚quat.
865 2702 1120 2791 [Bartlrolomeo
1137 2703 1255 2789 Figuli,
1273 2705 1367 2790 cler]
1381 2704 1550 2771 Morinen.

189 2816 286 2899 dioc,
302 2816 344 2883 de
359 2819 436 2882 ben.
452 2814 534 2880 eccl.
561 2812 604 2878 ad
629 2809 704 2876 coll.
720 2807 913 2874 monasterii
940 2807 1129 2889 Lobiensis‚
1142 2807 1184 2874 O.
1209 2808 1241 2874 S.
1267 2804 1316 2890 Β,
1334 2807 1549 2874 Cameracen.

189 2920 286 3002 dioc,
300 2919 481 3006 dignemini
498 2915 684 3004 providere.
696 2953 739 2962 -
756 2911 833 2977 Fiat
851 2911 890 2976 R.

232 3083 315 3144 965.
344 3074 431 3140 Item
458 3081 550 3158 quat.
575 3069 724 3149 Jobanni
751 3067 970 3148 Arbalistarii,
996 3069 1073 3132 cler.
1089 3066 1269 3134 Treveren.
1294 3069 1390 3149 dioc„
1415 3069 1458 3134 de
1474 3089 1549 3136 can.

189 3181 271 3248 eccl.
288 3179 326 3247 B.
344 3177 393 3244 M.
419 3176 623 3263 Magdalene
639 3173 820 3238 Virdunen.
837 3172 1019 3258 dignemini
1036 3171 1212 3257 providere
1227 3181 1262 3237 et
1278 3175 1370 3258 preb.
1390 3171 1478 3258 [vac.
1494 3175 1548 3238 vel

188 3284 317 3372 vacat]
335 3303 528 3362 reservare;
556 3301 625 3345 non
653 3281 739 3344 obst.
766 3276 855 3361 quod
881 3279 957 3341 ben.
985 3276 1027 3341 ad
1053 3277 1129 3341 coll.
1154 3275 1291 3362 capituli
1317 3277 1348 3342 S.
1365 3277 1548 3342 Donatiani

190 3387 377 3474 BrugensiS,
392 3387 579 3452 Tomacen.
595 3382 693 3462 dioc,
709 3381 752 3446 sit
768 3388 959 3466 expectans,
974 3421 1018 3428 —
1035 3379 1111 3446 Fiat
1128 3378 1169 3446 R.

233 3491 321 3558 Item
336 3491 426 3576 quod
438 3495 611 3555 transeant
626 3487 696 3552 sine
709 3485 873 3550 examine.
889 3483 1022 3549 -Fiat
1039 3483 1079 3550 R.

232 3595 310 3662 Dat.
326 3596 426 3660 Avin.
444 3615 461 3660 2
478 3614 556 3659 non.
573 3591 645 3657 dec.
661 3597 694 3656 a⁰
709 3597 743 3674 4⁰
758 3600 777 3654 ³.
796 3588 847 3674 (8,
865 3591 952 3673 122).

238 3749 354 3834 965.
1175 3779 1236 3842 134
1239 3777 1270 3840 5,
1286 3758 1307 3821 ό
1323 3758 1501 3822 decembre.

230 3869 331 3954 Supp.
348 3867 545 3933 domicellus
560 3872 671 3928 vester
683 3861 904 3928 Godeffredus
920 3861 962 3926 de
979 3860 1132 3941 Bolonia,
1156 3870 1249 3946 quat.
1269 3859 1446 3947 [Walter0,
1463 3869 1544 3926 nato

187 3975 266 4038 nob.
283 3971 343 4035 viri
361 3969 516 4054 Hugonis
531 3969 573 4034 de
590 3967 705 4046 Bours,
722 3965 867 4032 scutiferi
884 3973 918 4030 et
935 3965 1015 4030 socii
1032 3965 1091 4046 sui,
1108 3963 1203 4049 cler]
1221 3964 1308 4030 dioc.
1319 3965 1543 4042 Attrebaten„

187 4073 375 4158 benigniter
391 4073 561 4152 facientes,
577 4070 618 4136 de
635 4091 708 4136 can.
724 4078 758 4134 et
774 4072 865 4154 preb.
882 4068 964 4134 eccl.
989 4068 1020 4132 S.
1037 4067 1123 4131 Piati
1139 4067 1181 4132 de
1198 4066 1343 4146 Siclinio,
1359 4066 1446 4132 dioc.
1461 4065 1544 4131 Tor-

188 4196 319 4256 uacen,
336 4195 419 4260 quos
434 4175 585 4240 obtinere
601 4175 729 4240 solebat
755 4173 845 4237 dom.
868 4171 1050 4249 Homodei‚
1066 4190 1155 4235 nunc
1171 4171 1271 4255 episc.
1287 4168 1418 4234 Thean.
1433 4181 1453 4250 ⁴,
1469 4191 1534 4235 vac

190 4278 279 4365 apud
295 4278 409 4344 sedem
437 4287 545 4363 apost.
561 4298 620 4364 per
647 4275 935 4342 consecrationem
963 4273 1110 4358 ejusdem
1134 4273 1245 4359 episc,
1262 4272 1372 4338 eidem
1394 4273 1545 4340 Waltero

188 4383 369 4468 dignemini
385 4382 571 4468 providere.
587 4423 630 4430 -
646 4380 721 4446 Fiat
733 4379 772 4445 R.

233 4485 311 4552 Dat.
328 4485 428 4550 Avin.
445 4489 463 4551 8
480 4484 524 4551 id.
539 4485 611 4551 dec.
627 4493 660 4551 a⁰
670 4491 712 4569 4⁰.
730 4485 780 4566 (8,
801 4490 887 4567 125).

219 4694 246 4752 n)
259 4691 293 4740 Le
309 4689 366 4740 ond.
377 4690 465 4752 ajoute
480 4707 529 4740 :ac
542 4692 568 4738 ia
580 4689 645 4750 Stir',
659 4703 709 4750 quo
721 4689 745 4750 je
757 4687 888 4738 considere
900 4701 999 4736 comme
1011 4701 1062 4736 uno
1073 4702 1161 4736 erreur
1178 4687 1214 4736 du
1234 4689 1337 4752 copiola,
1350 4689 1365 4734 ir
1382 4688 1465 4734 moins
1484 4686 1548 4746 qu'il

191 4781 222 4814 ne
234 4765 304 4814 tuille
317 4766 365 4814 lire
380 4781 385 4813 :
398 4765 486 4814 Arion.

226 5011 248 5060 l.
259 5009 324 5061 Jenn
336 5009 369 5059 de
380 5011 502 5060 Colonna.
515 5039 546 5046 --
558 5013 581 5059 2.
593 5009 655 5058 Voir
666 5025 691 5060 11.
702 5011 741 5059 97.
753 5039 784 5044 —
796 5011 818 5058 3.
832 5009 899 5057 Mon.
916 5007 972 5056 l'ut.
984 5007 1056 5065 Bar..
1069 5009 1088 5067 l,
1102 5023 1127 5058 n.
1139 5009 1253 5056 not-569,
1265 5035 1297 5044 —
1314 5007 1337 5054 4.
1349 5005 1411 5052 Voir
1422 5019 1447 5054 n.
1459 5005 1514 5055 82³.
