<?xml version="1.0" encoding="UTF-8"?>
<!DOCTYPE html PUBLIC "-//W3C//DTD XHTML 1.0 Transitional//EN"
    "http://www.w3.org/TR/xhtml1/DTD/xhtml1-transitional.dtd">
<html xmlns="http://www.w3.org/1999/xhtml" xml:lang="en" lang="en">
 <head>
  <title>
</title>
<meta http-equiv="Content-Type" content="text/html;charset=utf-8" />
  <meta name='ocr-system' content='tesseract 3.04.00' />
  <meta name='ocr-capabilities' content='ocr_page ocr_carea ocr_par ocr_line ocrx_word'/>
</head>
<body>
  <div class='ocr_page' id='page_1' title='image "./suppliquesdeclm00berlgoog_0257.png"; bbox 0 0 3650 5675; ppageno 0'>
   <div class='ocr_carea' id='block_1_1' title="bbox 299 546 1100 631">
    <p class='ocr_par' dir='ltr' id='par_1_1' title="bbox 299 546 1100 631">
     <span class='ocr_line' id='line_1_1' title="bbox 299 546 1100 631; baseline -0.007 -12"><span class='ocrx_word' id='word_1_1' title='bbox 299 552 355 619; x_wconf 84' lang='lat'>212</span> <span class='ocrx_word' id='word_1_2' title='bbox 859 546 946 623; x_wconf 80' lang='grc'><strong>1845,</strong></span> <span class='ocrx_word' id='word_1_3' title='bbox 969 549 1005 614; x_wconf 84' lang='grc'>19</span> <span class='ocrx_word' id='word_1_4' title='bbox 1023 548 1100 631; x_wconf 89' lang='lat' dir='ltr'>juin.</span> 
     </span>
    </p>
   </div>
   <div class='ocr_carea' id='block_1_2' title="bbox 300 700 1671 2777">
    <p class='ocr_par' dir='ltr' id='par_1_2' title="bbox 300 700 1668 2365">
     <span class='ocr_line' id='line_1_2' title="bbox 301 700 1662 791; baseline -0.001 -18"><span class='ocrx_word' id='word_1_5' title='bbox 301 706 382 773; x_wconf 89' lang='lat' dir='ltr'>eccl.</span> <span class='ocrx_word' id='word_1_6' title='bbox 399 704 430 769; x_wconf 90' lang='lat' dir='ltr'>S.</span> <span class='ocrx_word' id='word_1_7' title='bbox 447 702 634 785; x_wconf 88' lang='lat' dir='ltr'>Walburgis</span> <span class='ocrx_word' id='word_1_8' title='bbox 651 700 828 766; x_wconf 88' lang='lat' dir='ltr'>Fumensis</span> <span class='ocrx_word' id='word_1_9' title='bbox 841 714 861 783; x_wconf 89' lang='lat'>¹,</span> <span class='ocrx_word' id='word_1_10' title='bbox 879 700 1046 768; x_wconf 90' lang='lat' dir='ltr'>Morinen.</span> <span class='ocrx_word' id='word_1_11' title='bbox 1063 703 1161 784; x_wconf 83' lang='lat' dir='ltr'>dioc,</span> <span class='ocrx_word' id='word_1_12' title='bbox 1177 724 1284 790; x_wconf 87' lang='lat' dir='ltr'>nuper</span> <span class='ocrx_word' id='word_1_13' title='bbox 1292 723 1352 769; x_wconf 86' lang='lat' dir='ltr'>sua</span> <span class='ocrx_word' id='word_1_14' title='bbox 1368 704 1495 769; x_wconf 89' lang='lat' dir='ltr'>vellent</span> <span class='ocrx_word' id='word_1_15' title='bbox 1509 705 1662 791; x_wconf 89' lang='lat' dir='ltr'>predicta</span> 
     </span>
     <span class='ocr_line' id='line_1_3' title="bbox 300 804 1662 891; baseline -0.001 -14"><span class='ocrx_word' id='word_1_16' title='bbox 300 808 465 877; x_wconf 89' lang='lat' dir='ltr'>beneficia</span> <span class='ocrx_word' id='word_1_17' title='bbox 480 806 523 873; x_wconf 92' lang='lat' dir='ltr'>ad</span> <span class='ocrx_word' id='word_1_18' title='bbox 539 804 683 871; x_wconf 92' lang='lat' dir='ltr'>invicem</span> <span class='ocrx_word' id='word_1_19' title='bbox 709 814 911 891; x_wconf 85' lang='lat' dir='ltr'><strong>permutare,</strong></span> <span class='ocrx_word' id='word_1_20' title='bbox 928 827 968 873; x_wconf 89' lang='lat' dir='ltr'>ea</span> <span class='ocrx_word' id='word_1_21' title='bbox 985 808 1018 872; x_wconf 95' lang='lat' dir='ltr'>in</span> <span class='ocrx_word' id='word_1_22' title='bbox 1033 809 1189 875; x_wconf 88' lang='lat' dir='ltr'>manibus</span> <span class='ocrx_word' id='word_1_23' title='bbox 1205 808 1245 873; x_wconf 92' lang='lat' dir='ltr'>R.</span> <span class='ocrx_word' id='word_1_24' title='bbox 1262 808 1299 874; x_wconf 93' lang='lat' dir='ltr'>P.</span> <span class='ocrx_word' id='word_1_25' title='bbox 1326 808 1416 875; x_wconf 93' lang='lat' dir='ltr'>dom.</span> <span class='ocrx_word' id='word_1_26' title='bbox 1433 809 1524 875; x_wconf 88' lang='lat' dir='ltr'>card.</span> <span class='ocrx_word' id='word_1_27' title='bbox 1542 810 1662 876; x_wconf 89' lang='lat' dir='ltr'>Lemo-</span> 
     </span>
     <span class='ocr_line' id='line_1_4' title="bbox 302 909 1663 999; baseline 0 -19"><span class='ocrx_word' id='word_1_28' title='bbox 302 914 453 993; x_wconf 88' lang='lat' dir='ltr'>vicensis,</span> <span class='ocrx_word' id='word_1_29' title='bbox 471 910 514 977; x_wconf 87' lang='lat' dir='ltr'>ad</span> <span class='ocrx_word' id='word_1_30' title='bbox 530 911 595 976; x_wconf 89' lang='lat' dir='ltr'>hoc</span> <span class='ocrx_word' id='word_1_31' title='bbox 611 930 631 975; x_wconf 89' lang='lat' dir='ltr'>a</span> <span class='ocrx_word' id='word_1_32' title='bbox 648 909 679 975; x_wconf 89' lang='lat' dir='ltr'>S.</span> <span class='ocrx_word' id='word_1_33' title='bbox 697 909 736 975; x_wconf 97' lang='lat' dir='ltr'>V.</span> <span class='ocrx_word' id='word_1_34' title='bbox 752 910 942 996; x_wconf 85' lang='lat' dir='ltr'>specialiter</span> <span class='ocrx_word' id='word_1_35' title='bbox 967 911 1121 999; x_wconf 88' lang='lat' dir='ltr'>deputati</span> <span class='ocrx_word' id='word_1_36' title='bbox 1138 915 1275 979; x_wconf 88' lang='lat' dir='ltr'>oraculo</span> <span class='ocrx_word' id='word_1_37' title='bbox 1289 913 1368 978; x_wconf 87' lang='lat' dir='ltr'>vive</span> <span class='ocrx_word' id='word_1_38' title='bbox 1392 912 1495 993; x_wconf 72' lang='lat' dir='ltr'>vociS,</span> <span class='ocrx_word' id='word_1_39' title='bbox 1518 914 1663 998; x_wconf 89' lang='lat' dir='ltr'>resigna·</span> 
     </span>
     <span class='ocr_line' id='line_1_5' title="bbox 302 1014 1664 1105; baseline -0.001 -20"><span class='ocrx_word' id='word_1_40' title='bbox 302 1027 388 1085; x_wconf 93' lang='lat' dir='ltr'>runt.</span> <span class='ocrx_word' id='word_1_41' title='bbox 407 1017 456 1082; x_wconf 89' lang='lat' dir='ltr'>Ea</span> <span class='ocrx_word' id='word_1_42' title='bbox 467 1022 605 1103; x_wconf 91' lang='lat' dir='ltr'>propter</span> <span class='ocrx_word' id='word_1_43' title='bbox 613 1033 708 1100; x_wconf 92' lang='lat' dir='ltr'>supp.</span> <span class='ocrx_word' id='word_1_44' title='bbox 725 1024 817 1098; x_wconf 88' lang='lat' dir='ltr'>quat.</span> <span class='ocrx_word' id='word_1_45' title='bbox 832 1014 942 1083; x_wconf 89' lang='lat' dir='ltr'>dictos</span> <span class='ocrx_word' id='word_1_46' title='bbox 957 1036 1031 1083; x_wconf 90' lang='lat' dir='ltr'>can.</span> <span class='ocrx_word' id='word_1_47' title='bbox 1047 1026 1083 1083; x_wconf 90' lang='lat' dir='ltr'>et</span> <span class='ocrx_word' id='word_1_48' title='bbox 1098 1020 1188 1105; x_wconf 89' lang='lat' dir='ltr'><strong>preb.</strong></span> <span class='ocrx_word' id='word_1_49' title='bbox 1205 1018 1337 1104; x_wconf 84' lang='lat' dir='ltr'>prefato</span> <span class='ocrx_word' id='word_1_50' title='bbox 1354 1016 1465 1099; x_wconf 90' lang='lat' dir='ltr'>Iterio,</span> <span class='ocrx_word' id='word_1_51' title='bbox 1482 1038 1521 1084; x_wconf 92' lang='lat' dir='ltr'>ac</span> <span class='ocrx_word' id='word_1_52' title='bbox 1536 1017 1664 1083; x_wconf 89' lang='lat' dir='ltr'>dictam</span> 
     </span>
     <span class='ocr_line' id='line_1_6' title="bbox 303 1118 1664 1211; baseline -0.001 -22"><span class='ocrx_word' id='word_1_53' title='bbox 303 1122 455 1211; x_wconf 89' lang='lat' dir='ltr'>parroch.</span> <span class='ocrx_word' id='word_1_54' title='bbox 478 1121 559 1186; x_wconf 91' lang='lat' dir='ltr'>eccl.</span> <span class='ocrx_word' id='word_1_55' title='bbox 578 1119 622 1185; x_wconf 92' lang='lat' dir='ltr'>de</span> <span class='ocrx_word' id='word_1_56' title='bbox 644 1118 796 1186; x_wconf 88' lang='lat' dir='ltr'>Dameto</span> <span class='ocrx_word' id='word_1_57' title='bbox 817 1121 949 1207; x_wconf 83' lang='lat' dir='ltr'>prefato</span> <span class='ocrx_word' id='word_1_58' title='bbox 973 1120 1075 1188; x_wconf 89' lang='lat' dir='ltr'>Petro</span> <span class='ocrx_word' id='word_1_59' title='bbox 1095 1122 1244 1188; x_wconf 84' lang='lat' dir='ltr'>conferre</span> <span class='ocrx_word' id='word_1_60' title='bbox 1264 1122 1469 1209; x_wconf 76' lang='lat' dir='ltr'>dignemini,</span> <span class='ocrx_word' id='word_1_61' title='bbox 1493 1144 1562 1190; x_wconf 91' lang='lat' dir='ltr'>non</span> <span class='ocrx_word' id='word_1_62' title='bbox 1578 1126 1664 1190; x_wconf 91' lang='lat' dir='ltr'>obst.</span> 
     </span>
     <span class='ocr_line' id='line_1_7' title="bbox 305 1223 1665 1315; baseline -0.001 -21"><span class='ocrx_word' id='word_1_63' title='bbox 305 1227 395 1313; x_wconf 93' lang='lat' dir='ltr'>quod</span> <span class='ocrx_word' id='word_1_64' title='bbox 410 1224 558 1313; x_wconf 88' lang='lat' dir='ltr'>prefatus</span> <span class='ocrx_word' id='word_1_65' title='bbox 575 1223 695 1289; x_wconf 88' lang='lat' dir='ltr'>Iterius</span> <span class='ocrx_word' id='word_1_66' title='bbox 709 1223 835 1289; x_wconf 92' lang='lat' dir='ltr'>dudum</span> <span class='ocrx_word' id='word_1_67' title='bbox 851 1225 915 1291; x_wconf 89' lang='lat' dir='ltr'><strong>aS.</strong></span> <span class='ocrx_word' id='word_1_68' title='bbox 935 1224 976 1292; x_wconf 87' lang='lat' dir='ltr'><strong>V.</strong></span> <span class='ocrx_word' id='word_1_69' title='bbox 999 1228 1141 1311; x_wconf 84' lang='lat' dir='ltr'>gratiam</span> <span class='ocrx_word' id='word_1_70' title='bbox 1160 1228 1342 1294; x_wconf 82' lang='lat' dir='ltr'>obtinuerit</span> <span class='ocrx_word' id='word_1_71' title='bbox 1364 1227 1408 1293; x_wconf 94' lang='lat' dir='ltr'>ad</span> <span class='ocrx_word' id='word_1_72' title='bbox 1430 1228 1528 1294; x_wconf 88' lang='lat' dir='ltr'>coll...</span> <span class='ocrx_word' id='word_1_73' title='bbox 1553 1225 1665 1315; x_wconf 80' lang='lat' dir='ltr'>episc,</span> 
     </span>
     <span class='ocr_line' id='line_1_8' title="bbox 303 1327 1665 1417; baseline 0 -19"><span class='ocrx_word' id='word_1_74' title='bbox 303 1332 377 1398; x_wconf 89' lang='lat' dir='ltr'>dec.</span> <span class='ocrx_word' id='word_1_75' title='bbox 393 1339 428 1396; x_wconf 89' lang='lat' dir='ltr'>et</span> <span class='ocrx_word' id='word_1_76' title='bbox 443 1349 514 1416; x_wconf 88' lang='lat' dir='ltr'>cap.</span> <span class='ocrx_word' id='word_1_77' title='bbox 536 1327 704 1409; x_wconf 78' lang='lat' dir='ltr'>parisien,</span> <span class='ocrx_word' id='word_1_78' title='bbox 717 1336 751 1393; x_wconf 89' lang='lat' dir='ltr'>et</span> <span class='ocrx_word' id='word_1_79' title='bbox 765 1349 832 1394; x_wconf 93' lang='lat' dir='ltr'>non</span> <span class='ocrx_word' id='word_1_80' title='bbox 848 1332 934 1396; x_wconf 92' lang='lat' dir='ltr'>obst.</span> <span class='ocrx_word' id='word_1_81' title='bbox 948 1329 1039 1415; x_wconf 91' lang='lat' dir='ltr'>quod</span> <span class='ocrx_word' id='word_1_82' title='bbox 1053 1331 1144 1397; x_wconf 86' lang='lat' dir='ltr'>dicta</span> <span class='ocrx_word' id='word_1_83' title='bbox 1158 1332 1265 1417; x_wconf 88' lang='lat' dir='ltr'>gratia</span> <span class='ocrx_word' id='word_1_84' title='bbox 1280 1353 1349 1399; x_wconf 91' lang='lat' dir='ltr'>non</span> <span class='ocrx_word' id='word_1_85' title='bbox 1365 1332 1407 1397; x_wconf 91' lang='lat' dir='ltr'>sit</span> <span class='ocrx_word' id='word_1_86' title='bbox 1430 1333 1485 1399; x_wconf 91' lang='lat' dir='ltr'>hic</span> <span class='ocrx_word' id='word_1_87' title='bbox 1500 1332 1665 1399; x_wconf 90' lang='lat' dir='ltr'>sufficien-</span> 
     </span>
     <span class='ocr_line' id='line_1_9' title="bbox 304 1431 1665 1524; baseline 0 -22"><span class='ocrx_word' id='word_1_88' title='bbox 304 1446 356 1503; x_wconf 89' lang='lat' dir='ltr'>ter</span> <span class='ocrx_word' id='word_1_89' title='bbox 365 1443 400 1501; x_wconf 91' lang='lat' dir='ltr'>et</span> <span class='ocrx_word' id='word_1_90' title='bbox 409 1434 531 1500; x_wconf 90' lang='lat' dir='ltr'>seriose</span> <span class='ocrx_word' id='word_1_91' title='bbox 542 1452 708 1520; x_wconf 84' lang='lat' dir='ltr'>expressa.</span> <span class='ocrx_word' id='word_1_92' title='bbox 720 1431 806 1498; x_wconf 87' lang='lat' dir='ltr'>Item</span> <span class='ocrx_word' id='word_1_93' title='bbox 819 1454 886 1500; x_wconf 91' lang='lat' dir='ltr'>non</span> <span class='ocrx_word' id='word_1_94' title='bbox 900 1437 985 1501; x_wconf 92' lang='lat' dir='ltr'>obst.</span> <span class='ocrx_word' id='word_1_95' title='bbox 997 1435 1088 1520; x_wconf 95' lang='lat' dir='ltr'>quod</span> <span class='ocrx_word' id='word_1_96' title='bbox 1099 1434 1189 1502; x_wconf 93' lang='lat' dir='ltr'>dicta</span> <span class='ocrx_word' id='word_1_97' title='bbox 1200 1437 1352 1524; x_wconf 86' lang='lat' dir='ltr'>panoclr.</span> <span class='ocrx_word' id='word_1_98' title='bbox 1366 1438 1447 1503; x_wconf 92' lang='lat' dir='ltr'>eccl.</span> <span class='ocrx_word' id='word_1_99' title='bbox 1460 1436 1502 1503; x_wconf 90' lang='lat' dir='ltr'>de</span> <span class='ocrx_word' id='word_1_100' title='bbox 1513 1437 1665 1503; x_wconf 92' lang='lat' dir='ltr'>Dameto</span> 
     </span>
     <span class='ocr_line' id='line_1_10' title="bbox 305 1536 1665 1625; baseline 0.003 -20"><span class='ocrx_word' id='word_1_101' title='bbox 305 1540 403 1605; x_wconf 87' lang='lat' dir='ltr'>fuerit</span> <span class='ocrx_word' id='word_1_102' title='bbox 413 1538 505 1605; x_wconf 86' lang='lat' dir='ltr'>unita</span> <span class='ocrx_word' id='word_1_103' title='bbox 521 1536 726 1604; x_wconf 89' lang='lat' dir='ltr'>monasterio</span> <span class='ocrx_word' id='word_1_104' title='bbox 742 1536 938 1605; x_wconf 90' lang='lat' dir='ltr'>monialium</span> <span class='ocrx_word' id='word_1_105' title='bbox 954 1544 997 1606; x_wconf 93' lang='lat' dir='ltr'>de</span> <span class='ocrx_word' id='word_1_106' title='bbox 1009 1538 1218 1622; x_wconf 88' lang='lat' dir='ltr'>Bonasanha,</span> <span class='ocrx_word' id='word_1_107' title='bbox 1229 1541 1319 1609; x_wconf 90' lang='lat' dir='ltr'>dicte</span> <span class='ocrx_word' id='word_1_108' title='bbox 1335 1538 1551 1609; x_wconf 91' lang='lat' dir='ltr'>Lemovicen.</span> <span class='ocrx_word' id='word_1_109' title='bbox 1567 1542 1665 1625; x_wconf 81' lang='lat' dir='ltr'>dioc,</span> 
     </span>
     <span class='ocr_line' id='line_1_11' title="bbox 305 1640 1666 1733; baseline 0.001 -21"><span class='ocrx_word' id='word_1_110' title='bbox 305 1653 364 1712; x_wconf 91' lang='lat' dir='ltr'>aut</span> <span class='ocrx_word' id='word_1_111' title='bbox 379 1644 460 1711; x_wconf 87' lang='lat' dir='ltr'>alias</span> <span class='ocrx_word' id='word_1_112' title='bbox 486 1642 572 1710; x_wconf 89' lang='lat' dir='ltr'>sedis</span> <span class='ocrx_word' id='word_1_113' title='bbox 588 1651 696 1729; x_wconf 86' lang='lat' dir='ltr'>apost.</span> <span class='ocrx_word' id='word_1_114' title='bbox 713 1640 922 1729; x_wconf 87' lang='lat' dir='ltr'>dispositioni</span> <span class='ocrx_word' id='word_1_115' title='bbox 938 1654 1117 1728; x_wconf 86' lang='lat' dir='ltr'>reservata,</span> <span class='ocrx_word' id='word_1_116' title='bbox 1133 1646 1440 1733; x_wconf 87' lang='lat' dir='ltr'>quomodocunque</span> <span class='ocrx_word' id='word_1_117' title='bbox 1455 1667 1531 1714; x_wconf 91' lang='lat' dir='ltr'>eam</span> <span class='ocrx_word' id='word_1_118' title='bbox 1546 1667 1666 1715; x_wconf 86' lang='lat' dir='ltr'>vacare</span> 
     </span>
     <span class='ocr_line' id='line_1_12' title="bbox 306 1748 1668 1837; baseline 0.001 -20"><span class='ocrx_word' id='word_1_119' title='bbox 306 1748 515 1835; x_wconf 85' lang='lat' dir='ltr'>contingeret</span> <span class='ocrx_word' id='word_1_120' title='bbox 531 1768 590 1835; x_wconf 92' lang='lat' dir='ltr'>per</span> <span class='ocrx_word' id='word_1_121' title='bbox 606 1768 734 1814; x_wconf 91' lang='lat' dir='ltr'>cessum</span> <span class='ocrx_word' id='word_1_122' title='bbox 759 1748 814 1813; x_wconf 91' lang='lat' dir='ltr'>vel</span> <span class='ocrx_word' id='word_1_123' title='bbox 838 1748 1012 1816; x_wconf 88' lang='lat' dir='ltr'>decessum</span> <span class='ocrx_word' id='word_1_124' title='bbox 1035 1749 1153 1837; x_wconf 86' lang='lat' dir='ltr'>prefati</span> <span class='ocrx_word' id='word_1_125' title='bbox 1171 1750 1272 1835; x_wconf 90' lang='lat' dir='ltr'>Iterii,</span> <span class='ocrx_word' id='word_1_126' title='bbox 1297 1760 1379 1819; x_wconf 91' lang='lat' dir='ltr'>tunc</span> <span class='ocrx_word' id='word_1_127' title='bbox 1406 1753 1513 1819; x_wconf 93' lang='lat' dir='ltr'>ultimi</span> <span class='ocrx_word' id='word_1_128' title='bbox 1529 1753 1668 1820; x_wconf 88' lang='lat' dir='ltr'>rectoris</span> 
     </span>
     <span class='ocr_line' id='line_1_13' title="bbox 306 1852 1666 1942; baseline 0.001 -21"><span class='ocrx_word' id='word_1_129' title='bbox 306 1852 465 1942; x_wconf 89' lang='lat' dir='ltr'>ejusdem.</span> <span class='ocrx_word' id='word_1_130' title='bbox 483 1852 571 1921; x_wconf 90' lang='lat' dir='ltr'>Item</span> <span class='ocrx_word' id='word_1_131' title='bbox 588 1872 656 1919; x_wconf 92' lang='lat' dir='ltr'>non</span> <span class='ocrx_word' id='word_1_132' title='bbox 675 1854 760 1919; x_wconf 91' lang='lat' dir='ltr'>obst.</span> <span class='ocrx_word' id='word_1_133' title='bbox 777 1852 868 1939; x_wconf 94' lang='lat' dir='ltr'>quod</span> <span class='ocrx_word' id='word_1_134' title='bbox 883 1853 973 1921; x_wconf 91' lang='lat' dir='ltr'>dicta</span> <span class='ocrx_word' id='word_1_135' title='bbox 989 1857 1071 1921; x_wconf 90' lang='lat' dir='ltr'>eccl.</span> <span class='ocrx_word' id='word_1_136' title='bbox 1088 1855 1130 1922; x_wconf 95' lang='lat' dir='ltr'>de</span> <span class='ocrx_word' id='word_1_137' title='bbox 1153 1854 1305 1924; x_wconf 87' lang='lat' dir='ltr'>Dameto</span> <span class='ocrx_word' id='word_1_138' title='bbox 1321 1878 1434 1924; x_wconf 89' lang='lat' dir='ltr'>curam</span> <span class='ocrx_word' id='word_1_139' title='bbox 1457 1858 1583 1925; x_wconf 86' lang='lat' dir='ltr'>habeat</span> <span class='ocrx_word' id='word_1_140' title='bbox 1598 1858 1666 1925; x_wconf 86' lang='lat' dir='ltr'>ani·</span> 
     </span>
     <span class='ocr_line' id='line_1_14' title="bbox 307 1957 1668 2047; baseline 0.004 -22"><span class='ocrx_word' id='word_1_141' title='bbox 307 1980 448 2042; x_wconf 91' lang='lat' dir='ltr'>marum,</span> <span class='ocrx_word' id='word_1_142' title='bbox 476 1967 511 2025; x_wconf 90' lang='lat' dir='ltr'>et</span> <span class='ocrx_word' id='word_1_143' title='bbox 535 1958 625 2043; x_wconf 92' lang='lat' dir='ltr'>quod</span> <span class='ocrx_word' id='word_1_144' title='bbox 651 1957 797 2045; x_wconf 82' lang='lat' dir='ltr'>prefatus</span> <span class='ocrx_word' id='word_1_145' title='bbox 825 1959 943 2025; x_wconf 90' lang='lat' dir='ltr'>Petrus</span> <span class='ocrx_word' id='word_1_146' title='bbox 958 1961 1103 2047; x_wconf 90' lang='lat' dir='ltr'>patiatur</span> <span class='ocrx_word' id='word_1_147' title='bbox 1119 1960 1153 2027; x_wconf 95' lang='lat' dir='ltr'>in</span> <span class='ocrx_word' id='word_1_148' title='bbox 1176 1970 1270 2029; x_wconf 87' lang='lat' dir='ltr'>etate</span> <span class='ocrx_word' id='word_1_149' title='bbox 1285 1962 1361 2045; x_wconf 72' lang='lat' dir='ltr'>def,</span> <span class='ocrx_word' id='word_1_150' title='bbox 1379 1963 1412 2028; x_wconf 95' lang='lat' dir='ltr'>in</span> <span class='ocrx_word' id='word_1_151' title='bbox 1432 1970 1484 2047; x_wconf 88' lang='lat'>19⁰</span> <span class='ocrx_word' id='word_1_152' title='bbox 1500 1963 1599 2030; x_wconf 90' lang='lat' dir='ltr'>etatis</span> <span class='ocrx_word' id='word_1_153' title='bbox 1610 1984 1668 2030; x_wconf 89' lang='lat' dir='ltr'>sue</span> 
     </span>
     <span class='ocr_line' id='line_1_15' title="bbox 307 2062 1668 2154; baseline 0.001 -21"><span class='ocrx_word' id='word_1_154' title='bbox 307 2086 397 2133; x_wconf 90' lang='lat' dir='ltr'>anno</span> <span class='ocrx_word' id='word_1_155' title='bbox 414 2064 624 2145; x_wconf 90' lang='lat' dir='ltr'>constitutus,</span> <span class='ocrx_word' id='word_1_156' title='bbox 640 2083 740 2149; x_wconf 93' lang='lat' dir='ltr'>super</span> <span class='ocrx_word' id='word_1_157' title='bbox 755 2084 822 2148; x_wconf 93' lang='lat' dir='ltr'>quo</span> <span class='ocrx_word' id='word_1_158' title='bbox 838 2062 913 2146; x_wconf 72' lang='lat' dir='ltr'>des,</span> <span class='ocrx_word' id='word_1_159' title='bbox 927 2065 1019 2149; x_wconf 94' lang='lat' dir='ltr'>quod</span> <span class='ocrx_word' id='word_1_160' title='bbox 1033 2065 1160 2132; x_wconf 90' lang='lat' dir='ltr'>dictam</span> <span class='ocrx_word' id='word_1_161' title='bbox 1187 2068 1339 2154; x_wconf 90' lang='lat' dir='ltr'>parroch.</span> <span class='ocrx_word' id='word_1_162' title='bbox 1355 2070 1438 2135; x_wconf 89' lang='lat' dir='ltr'>eccl.</span> <span class='ocrx_word' id='word_1_163' title='bbox 1453 2070 1567 2135; x_wconf 88' lang='lat' dir='ltr'>valeat</span> <span class='ocrx_word' id='word_1_164' title='bbox 1582 2069 1668 2135; x_wconf 93' lang='lat' dir='ltr'>obti-</span> 
     </span>
     <span class='ocr_line' id='line_1_16' title="bbox 307 2167 1668 2256; baseline 0.004 -21"><span class='ocrx_word' id='word_1_165' title='bbox 307 2191 397 2252; x_wconf 90' lang='lat' dir='ltr'>nere,</span> <span class='ocrx_word' id='word_1_166' title='bbox 413 2168 595 2255; x_wconf 88' lang='lat' dir='ltr'>dignemini</span> <span class='ocrx_word' id='word_1_167' title='bbox 610 2167 801 2254; x_wconf 86' lang='lat' dir='ltr'>dispensare</span> <span class='ocrx_word' id='word_1_168' title='bbox 817 2191 824 2250; x_wconf 91' lang='lat'>;</span> <span class='ocrx_word' id='word_1_169' title='bbox 842 2176 877 2234; x_wconf 90' lang='lat' dir='ltr'>et</span> <span class='ocrx_word' id='word_1_170' title='bbox 904 2168 995 2253; x_wconf 93' lang='lat' dir='ltr'>quod</span> <span class='ocrx_word' id='word_1_171' title='bbox 1018 2169 1108 2236; x_wconf 90' lang='lat' dir='ltr'>dicte</span> <span class='ocrx_word' id='word_1_172' title='bbox 1134 2169 1241 2256; x_wconf 90' lang='lat' dir='ltr'>gratie</span> <span class='ocrx_word' id='word_1_173' title='bbox 1269 2172 1395 2240; x_wconf 92' lang='lat' dir='ltr'>dudum</span> <span class='ocrx_word' id='word_1_174' title='bbox 1418 2195 1439 2241; x_wconf 90' lang='lat' dir='ltr'>a</span> <span class='ocrx_word' id='word_1_175' title='bbox 1462 2174 1494 2241; x_wconf 89' lang='lat' dir='ltr'>S.</span> <span class='ocrx_word' id='word_1_176' title='bbox 1518 2173 1558 2241; x_wconf 93' lang='lat' dir='ltr'>V.</span> <span class='ocrx_word' id='word_1_177' title='bbox 1579 2174 1668 2241; x_wconf 85' lang='lat' dir='ltr'>facte</span> 
     </span>
     <span class='ocr_line' id='line_1_17' title="bbox 308 2272 1408 2365; baseline 0.003 -25"><span class='ocrx_word' id='word_1_178' title='bbox 308 2274 438 2363; x_wconf 86' lang='lat' dir='ltr'>prefato</span> <span class='ocrx_word' id='word_1_179' title='bbox 454 2272 557 2340; x_wconf 86' lang='lat' dir='ltr'>iterio</span> <span class='ocrx_word' id='word_1_180' title='bbox 573 2292 632 2361; x_wconf 92' lang='lat' dir='ltr'>per</span> <span class='ocrx_word' id='word_1_181' title='bbox 646 2280 838 2359; x_wconf 88' lang='lat' dir='ltr'>presentem</span> <span class='ocrx_word' id='word_1_182' title='bbox 854 2274 997 2358; x_wconf 85' lang='lat' dir='ltr'>gratiam</span> <span class='ocrx_word' id='word_1_183' title='bbox 1014 2275 1206 2342; x_wconf 91' lang='lat' dir='ltr'>nullatcnus</span> <span class='ocrx_word' id='word_1_184' title='bbox 1221 2277 1408 2365; x_wconf 87' lang='lat' dir='ltr'>derogetur.</span> 
     </span>
    </p>

    <p class='ocr_par' dir='ltr' id='par_1_3' title="bbox 308 2376 1671 2777">
     <span class='ocr_line' id='line_1_18' title="bbox 351 2376 1669 2471; baseline 0.005 -28"><span class='ocrx_word' id='word_1_185' title='bbox 351 2378 487 2445; x_wconf 88' lang='lat' dir='ltr'>-Fiat</span> <span class='ocrx_word' id='word_1_186' title='bbox 508 2398 570 2465; x_wconf 95' lang='lat' dir='ltr'>pro</span> <span class='ocrx_word' id='word_1_187' title='bbox 585 2387 726 2462; x_wconf 91' lang='lat' dir='ltr'>utroque</span> <span class='ocrx_word' id='word_1_188' title='bbox 753 2386 787 2443; x_wconf 89' lang='lat' dir='ltr'>et</span> <span class='ocrx_word' id='word_1_189' title='bbox 813 2376 1042 2465; x_wconf 86' lang='lat' dir='ltr'>dispensamus</span> <span class='ocrx_word' id='word_1_190' title='bbox 1057 2400 1134 2445; x_wconf 94' lang='lat' dir='ltr'>cum</span> <span class='ocrx_word' id='word_1_191' title='bbox 1160 2380 1253 2448; x_wconf 92' lang='lat' dir='ltr'>dicto</span> <span class='ocrx_word' id='word_1_192' title='bbox 1277 2381 1377 2450; x_wconf 92' lang='lat' dir='ltr'>Petro</span> <span class='ocrx_word' id='word_1_193' title='bbox 1393 2404 1490 2471; x_wconf 91' lang='lat' dir='ltr'>super</span> <span class='ocrx_word' id='word_1_194' title='bbox 1517 2392 1618 2467; x_wconf 88' lang='lat' dir='ltr'>etate,</span> <span class='ocrx_word' id='word_1_195' title='bbox 1634 2390 1669 2450; x_wconf 90' lang='lat' dir='ltr'>et</span> 
     </span>
     <span class='ocr_line' id='line_1_19' title="bbox 308 2482 1669 2574; baseline 0.002 -23"><span class='ocrx_word' id='word_1_196' title='bbox 308 2504 376 2551; x_wconf 91' lang='lat' dir='ltr'>non</span> <span class='ocrx_word' id='word_1_197' title='bbox 404 2485 489 2550; x_wconf 89' lang='lat' dir='ltr'>obst.</span> <span class='ocrx_word' id='word_1_198' title='bbox 514 2482 605 2549; x_wconf 92' lang='lat' dir='ltr'>dicta</span> <span class='ocrx_word' id='word_1_199' title='bbox 628 2482 761 2564; x_wconf 90' lang='lat' dir='ltr'>unione,</span> <span class='ocrx_word' id='word_1_200' title='bbox 790 2502 890 2568; x_wconf 95' lang='lat' dir='ltr'>quam</span> <span class='ocrx_word' id='word_1_201' title='bbox 910 2491 1025 2550; x_wconf 89' lang='lat' dir='ltr'>tamen</span> <span class='ocrx_word' id='word_1_202' title='bbox 1052 2487 1215 2568; x_wconf 84' lang='lat' dir='ltr'>volumus,</span> <span class='ocrx_word' id='word_1_203' title='bbox 1238 2486 1311 2574; x_wconf 93' lang='lat' dir='ltr'>ipso</span> <span class='ocrx_word' id='word_1_204' title='bbox 1328 2488 1429 2555; x_wconf 90' lang='lat' dir='ltr'>Petro</span> <span class='ocrx_word' id='word_1_205' title='bbox 1457 2489 1598 2557; x_wconf 87' lang='lat' dir='ltr'>cedente</span> <span class='ocrx_word' id='word_1_206' title='bbox 1614 2492 1669 2555; x_wconf 87' lang='lat' dir='ltr'>vel</span> 
     </span>
     <span class='ocr_line' id='line_1_20' title="bbox 308 2587 1671 2677; baseline 0.002 -21"><span class='ocrx_word' id='word_1_207' title='bbox 308 2588 503 2671; x_wconf 87' lang='lat' dir='ltr'>decedente,</span> <span class='ocrx_word' id='word_1_208' title='bbox 519 2588 574 2652; x_wconf 86' lang='lat' dir='ltr'>vel</span> <span class='ocrx_word' id='word_1_209' title='bbox 591 2587 673 2653; x_wconf 86' lang='lat' dir='ltr'>alias</span> <span class='ocrx_word' id='word_1_210' title='bbox 689 2587 943 2672; x_wconf 88' lang='lat' dir='ltr'>quomodolibet</span> <span class='ocrx_word' id='word_1_211' title='bbox 958 2588 1161 2672; x_wconf 84' lang='lat' dir='ltr'>dimittente,</span> <span class='ocrx_word' id='word_1_212' title='bbox 1171 2592 1308 2676; x_wconf 90' lang='lat' dir='ltr'>plenum</span> <span class='ocrx_word' id='word_1_213' title='bbox 1324 2594 1432 2660; x_wconf 89' lang='lat' dir='ltr'>sortiri</span> <span class='ocrx_word' id='word_1_214' title='bbox 1449 2594 1618 2677; x_wconf 84' lang='lat' dir='ltr'>effectum,</span> <span class='ocrx_word' id='word_1_215' title='bbox 1635 2602 1671 2659; x_wconf 90' lang='lat' dir='ltr'>et</span> 
     </span>
     <span class='ocr_line' id='line_1_21' title="bbox 308 2690 894 2777; baseline -0.002 -18"><span class='ocrx_word' id='word_1_216' title='bbox 308 2700 482 2761; x_wconf 88' lang='lat' dir='ltr'>remaneat</span> <span class='ocrx_word' id='word_1_217' title='bbox 494 2692 586 2759; x_wconf 88' lang='lat' dir='ltr'>dicto</span> <span class='ocrx_word' id='word_1_218' title='bbox 603 2690 706 2757; x_wconf 90' lang='lat' dir='ltr'>Iterio</span> <span class='ocrx_word' id='word_1_219' title='bbox 721 2692 836 2777; x_wconf 88' lang='lat' dir='ltr'>gratia.</span> <span class='ocrx_word' id='word_1_220' title='bbox 854 2690 894 2758; x_wconf 93' lang='lat' dir='ltr'>R.</span> 
     </span>
    </p>
   </div>
   <div class='ocr_carea' id='block_1_3' title="bbox 353 2828 1671 2922">
    <p class='ocr_par' dir='ltr' id='par_1_4' title="bbox 353 2828 1671 2922">
     <span class='ocr_line' id='line_1_22' title="bbox 353 2828 1671 2922; baseline 0.003 -22"><span class='ocrx_word' id='word_1_221' title='bbox 353 2836 433 2900; x_wconf 88' lang='grc'><strong>851.</strong></span> <span class='ocrx_word' id='word_1_222' title='bbox 450 2828 538 2898; x_wconf 92' lang='lat' dir='ltr'>Item</span> <span class='ocrx_word' id='word_1_223' title='bbox 555 2851 649 2920; x_wconf 91' lang='lat' dir='ltr'>supp.</span> <span class='ocrx_word' id='word_1_224' title='bbox 667 2840 756 2918; x_wconf 91' lang='lat' dir='ltr'>quat.</span> <span class='ocrx_word' id='word_1_225' title='bbox 774 2828 943 2899; x_wconf 87' lang='lat' dir='ltr'>consessor</span> <span class='ocrx_word' id='word_1_226' title='bbox 959 2828 1132 2915; x_wconf 89' lang='lat' dir='ltr'>Gnidonis,</span> <span class='ocrx_word' id='word_1_227' title='bbox 1149 2830 1239 2902; x_wconf 93' lang='lat' dir='ltr'>dom.</span> <span class='ocrx_word' id='word_1_228' title='bbox 1256 2833 1298 2903; x_wconf 92' lang='lat' dir='ltr'>de</span> <span class='ocrx_word' id='word_1_229' title='bbox 1318 2832 1402 2920; x_wconf 89' lang='lat' dir='ltr'>Reli,</span> <span class='ocrx_word' id='word_1_230' title='bbox 1424 2836 1548 2922; x_wconf 90' lang='lat' dir='ltr'>militis,</span> <span class='ocrx_word' id='word_1_231' title='bbox 1566 2834 1671 2906; x_wconf 91' lang='lat' dir='ltr'>Mori·</span> 
     </span>
    </p>
   </div>
   <div class='ocr_carea' id='block_1_4' title="bbox 309 2933 1671 3108">
    <p class='ocr_par' dir='ltr' id='par_1_5' title="bbox 309 2933 1671 3108">
     <span class='ocr_line' id='line_1_23' title="bbox 309 2933 1671 3032; baseline 0.005 -30"><span class='ocrx_word' id='word_1_232' title='bbox 309 2956 385 3003; x_wconf 89' lang='lat' dir='ltr'>nen.</span> <span class='ocrx_word' id='word_1_233' title='bbox 402 2937 499 3018; x_wconf 80' lang='lat' dir='ltr'>dioc,</span> <span class='ocrx_word' id='word_1_234' title='bbox 516 2946 551 3002; x_wconf 89' lang='lat' dir='ltr'>et</span> <span class='ocrx_word' id='word_1_235' title='bbox 566 2933 732 3018; x_wconf 84' lang='lat' dir='ltr'>Jolranne,</span> <span class='ocrx_word' id='word_1_236' title='bbox 749 2937 860 3004; x_wconf 83' lang='lat' dir='ltr'>uxoris</span> <span class='ocrx_word' id='word_1_237' title='bbox 875 2937 955 3023; x_wconf 88' lang='lat' dir='ltr'>ejus,</span> <span class='ocrx_word' id='word_1_238' title='bbox 973 2938 1051 3024; x_wconf 92' lang='lat' dir='ltr'>ipsis</span> <span class='ocrx_word' id='word_1_239' title='bbox 1069 2937 1153 3026; x_wconf 90' lang='lat' dir='ltr'>[ind.</span> <span class='ocrx_word' id='word_1_240' title='bbox 1171 2940 1204 3005; x_wconf 90' lang='lat' dir='ltr'>in</span> <span class='ocrx_word' id='word_1_241' title='bbox 1221 2949 1283 3008; x_wconf 84' lang='lat' dir='ltr'>art.</span> <span class='ocrx_word' id='word_1_242' title='bbox 1296 2942 1411 3032; x_wconf 85' lang='lat' dir='ltr'>mort]</span> <span class='ocrx_word' id='word_1_243' title='bbox 1426 2945 1538 3011; x_wconf 84' lang='lat' dir='ltr'>valeat</span> <span class='ocrx_word' id='word_1_244' title='bbox 1549 2945 1671 3032; x_wconf 90' lang='lat' dir='ltr'>imper·</span> 
     </span>
     <span class='ocr_line' id='line_1_24' title="bbox 310 3039 584 3108; baseline 0 -1"><span class='ocrx_word' id='word_1_245' title='bbox 310 3041 374 3108; x_wconf 88' lang='lat' dir='ltr'>tiri.</span> <span class='ocrx_word' id='word_1_246' title='bbox 391 3081 434 3090; x_wconf 92' lang='lat'><em>-</em></span> <span class='ocrx_word' id='word_1_247' title='bbox 451 3039 527 3107; x_wconf 88' lang='lat' dir='ltr'>Fiat</span> <span class='ocrx_word' id='word_1_248' title='bbox 545 3039 584 3107; x_wconf 89' lang='lat' dir='ltr'>R.</span> 
     </span>
    </p>
   </div>
   <div class='ocr_carea' id='block_1_5' title="bbox 311 3175 1672 3586">
    <p class='ocr_par' dir='ltr' id='par_1_6' title="bbox 311 3175 1672 3477">
     <span class='ocr_line' id='line_1_25' title="bbox 354 3175 1670 3270; baseline 0.005 -22"><span class='ocrx_word' id='word_1_249' title='bbox 354 3185 438 3248; x_wconf 86' lang='lat'><strong>852.</strong></span> <span class='ocrx_word' id='word_1_250' title='bbox 456 3177 544 3244; x_wconf 91' lang='lat' dir='ltr'>Item</span> <span class='ocrx_word' id='word_1_251' title='bbox 560 3200 654 3266; x_wconf 92' lang='lat' dir='ltr'>supp.</span> <span class='ocrx_word' id='word_1_252' title='bbox 671 3187 760 3264; x_wconf 85' lang='lat' dir='ltr'>quat.</span> <span class='ocrx_word' id='word_1_253' title='bbox 778 3175 959 3246; x_wconf 90' lang='lat' dir='ltr'>Vincentio</span> <span class='ocrx_word' id='word_1_254' title='bbox 975 3178 1023 3246; x_wconf 91' lang='lat' dir='ltr'>Le</span> <span class='ocrx_word' id='word_1_255' title='bbox 1040 3179 1205 3265; x_wconf 74' lang='lat' dir='ltr'>Faulr&#39;eur,</span> <span class='ocrx_word' id='word_1_256' title='bbox 1222 3183 1369 3253; x_wconf 89' lang='lat' dir='ltr'>subdiac.</span> <span class='ocrx_word' id='word_1_257' title='bbox 1382 3185 1556 3255; x_wconf 58' lang='lat' dir='ltr'>‹Morinen</span> <span class='ocrx_word' id='word_1_258' title='bbox 1571 3187 1670 3270; x_wconf 76' lang='lat' dir='ltr'>dioc,</span> 
     </span>
     <span class='ocr_line' id='line_1_26' title="bbox 311 3281 1671 3379; baseline 0.005 -28"><span class='ocrx_word' id='word_1_259' title='bbox 311 3281 353 3351; x_wconf 92' lang='lat' dir='ltr'>de</span> <span class='ocrx_word' id='word_1_260' title='bbox 368 3284 605 3351; x_wconf 88' lang='lat' dir='ltr'>tabellionatus</span> <span class='ocrx_word' id='word_1_261' title='bbox 621 3283 676 3350; x_wconf 85' lang='lat' dir='ltr'>off.</span> <span class='ocrx_word' id='word_1_262' title='bbox 704 3293 790 3352; x_wconf 88' lang='lat' dir='ltr'>auct.</span> <span class='ocrx_word' id='word_1_263' title='bbox 807 3293 918 3350; x_wconf 87' lang='lat' dir='ltr'>vestra</span> <span class='ocrx_word' id='word_1_264' title='bbox 945 3286 1127 3371; x_wconf 89' lang='lat' dir='ltr'>dignemini</span> <span class='ocrx_word' id='word_1_265' title='bbox 1155 3290 1352 3375; x_wconf 88' lang='lat' dir='ltr'>providere;</span> <span class='ocrx_word' id='word_1_266' title='bbox 1379 3312 1448 3358; x_wconf 91' lang='lat' dir='ltr'>non</span> <span class='ocrx_word' id='word_1_267' title='bbox 1473 3295 1560 3359; x_wconf 90' lang='lat' dir='ltr'>obst.</span> <span class='ocrx_word' id='word_1_268' title='bbox 1581 3291 1671 3379; x_wconf 92' lang='lat' dir='ltr'>quod</span> 
     </span>
     <span class='ocr_line' id='line_1_27' title="bbox 312 3387 1672 3477; baseline 0.007 -23"><span class='ocrx_word' id='word_1_269' title='bbox 312 3390 401 3457; x_wconf 89' lang='lat' dir='ltr'>idem</span> <span class='ocrx_word' id='word_1_270' title='bbox 411 3387 607 3454; x_wconf 88' lang='lat' dir='ltr'>Vincentius</span> <span class='ocrx_word' id='word_1_271' title='bbox 616 3389 658 3453; x_wconf 91' lang='lat' dir='ltr'>sit</span> <span class='ocrx_word' id='word_1_272' title='bbox 674 3387 708 3454; x_wconf 93' lang='lat' dir='ltr'>in</span> <span class='ocrx_word' id='word_1_273' title='bbox 724 3389 824 3455; x_wconf 87' lang='lat' dir='ltr'>sacris</span> <span class='ocrx_word' id='word_1_274' title='bbox 839 3389 1017 3471; x_wconf 67' lang='lat' dir='ltr'>ordinibus</span> <span class='ocrx_word' id='word_1_275' title='bbox 1034 3400 1071 3456; x_wconf 92' lang='lat' dir='ltr'>ut</span> <span class='ocrx_word' id='word_1_276' title='bbox 1084 3391 1273 3477; x_wconf 90' lang='lat' dir='ltr'>predicitur,</span> <span class='ocrx_word' id='word_1_277' title='bbox 1285 3395 1617 3463; x_wconf 77' lang='lat' dir='ltr'>constitutus-Fiat</span> <span class='ocrx_word' id='word_1_278' title='bbox 1631 3395 1672 3466; x_wconf 90' lang='lat' dir='ltr'>R.</span> 
     </span>
    </p>

    <p class='ocr_par' dir='ltr' id='par_1_7' title="bbox 356 3492 1277 3586">
     <span class='ocr_line' id='line_1_28' title="bbox 356 3492 1277 3586; baseline 0.01 -27"><span class='ocrx_word' id='word_1_279' title='bbox 356 3495 435 3561; x_wconf 88' lang='lat' dir='ltr'>Dat.</span> <span class='ocrx_word' id='word_1_280' title='bbox 453 3512 505 3581; x_wconf 89' lang='lat' dir='ltr'>ap.</span> <span class='ocrx_word' id='word_1_281' title='bbox 523 3492 774 3561; x_wconf 84' lang='lat' dir='ltr'>Villamnovam</span> <span class='ocrx_word' id='word_1_282' title='bbox 794 3513 829 3580; x_wconf 84' lang='lat'>15</span> <span class='ocrx_word' id='word_1_283' title='bbox 848 3493 915 3560; x_wconf 87' lang='lat' dir='ltr'>lral.</span> <span class='ocrx_word' id='word_1_284' title='bbox 928 3494 1000 3580; x_wconf 87' lang='lat' dir='ltr'>julii</span> <span class='ocrx_word' id='word_1_285' title='bbox 1018 3503 1051 3560; x_wconf 89' lang='lat' dir='ltr'>a⁰</span> <span class='ocrx_word' id='word_1_286' title='bbox 1067 3505 1109 3581; x_wconf 89' lang='lat'>4⁰.</span> <span class='ocrx_word' id='word_1_287' title='bbox 1127 3499 1175 3582; x_wconf 86' lang='lat'>(9,</span> <span class='ocrx_word' id='word_1_288' title='bbox 1194 3502 1277 3586; x_wconf 57' lang='lat'><strong>39⁹).</strong></span> 
     </span>
    </p>
   </div>
   <div class='ocr_carea' id='block_1_6' title="bbox 313 3631 1675 4890">
    <p class='ocr_par' dir='ltr' id='par_1_8' title="bbox 367 3631 1628 3737">
     <span class='ocr_line' id='line_1_29' title="bbox 367 3631 1628 3737; baseline 0.002 -21"><span class='ocrx_word' id='word_1_289' title='bbox 367 3631 479 3720; x_wconf 78' lang='grc'>853.</span> <span class='ocrx_word' id='word_1_290' title='bbox 1377 3671 1473 3736; x_wconf 63' lang='lat'>1345,</span> <span class='ocrx_word' id='word_1_291' title='bbox 1490 3673 1531 3737; x_wconf 79' lang='lat'>19</span> <span class='ocrx_word' id='word_1_292' title='bbox 1540 3650 1628 3734; x_wconf 82' lang='lat' dir='ltr'>juin.</span> 
     </span>
    </p>

    <p class='ocr_par' dir='ltr' id='par_1_9' title="bbox 313 3748 1675 4890">
     <span class='ocr_line' id='line_1_30' title="bbox 357 3748 1673 3842; baseline 0.001 -21"><span class='ocrx_word' id='word_1_293' title='bbox 357 3753 458 3820; x_wconf 88' lang='lat' dir='ltr'>Pater</span> <span class='ocrx_word' id='word_1_294' title='bbox 484 3750 548 3818; x_wconf 72' lang='lat' dir='ltr'>Sll‘.</span> <span class='ocrx_word' id='word_1_295' title='bbox 570 3749 654 3816; x_wconf 92' lang='lat' dir='ltr'>Cum</span> <span class='ocrx_word' id='word_1_296' title='bbox 677 3748 696 3828; x_wconf 95' lang='lat' dir='ltr'>J</span> <span class='ocrx_word' id='word_1_297' title='bbox 700 3751 823 3816; x_wconf 87' lang='lat' dir='ltr'>acubus</span> <span class='ocrx_word' id='word_1_298' title='bbox 847 3748 967 3835; x_wconf 90' lang='lat' dir='ltr'>Molet,</span> <span class='ocrx_word' id='word_1_299' title='bbox 984 3774 1057 3842; x_wconf 89' lang='lat' dir='ltr'>cap.</span> <span class='ocrx_word' id='word_1_300' title='bbox 1073 3776 1166 3842; x_wconf 93' lang='lat' dir='ltr'>perp.</span> <span class='ocrx_word' id='word_1_301' title='bbox 1181 3757 1215 3821; x_wconf 93' lang='lat' dir='ltr'>in</span> <span class='ocrx_word' id='word_1_302' title='bbox 1232 3757 1313 3822; x_wconf 93' lang='lat' dir='ltr'>eccl.</span> <span class='ocrx_word' id='word_1_303' title='bbox 1330 3757 1359 3821; x_wconf 90' lang='lat' dir='ltr'>S.</span> <span class='ocrx_word' id='word_1_304' title='bbox 1376 3754 1488 3822; x_wconf 91' lang='lat' dir='ltr'>Basilii</span> <span class='ocrx_word' id='word_1_305' title='bbox 1506 3757 1540 3822; x_wconf 93' lang='lat' dir='ltr'>in</span> <span class='ocrx_word' id='word_1_306' title='bbox 1557 3755 1673 3842; x_wconf 92' lang='lat' dir='ltr'>Brugis</span> 
     </span>
     <span class='ocr_line' id='line_1_31' title="bbox 313 3853 1671 3946; baseline 0.002 -22"><span class='ocrx_word' id='word_1_307' title='bbox 313 3877 372 3946; x_wconf 91' lang='lat' dir='ltr'>per</span> <span class='ocrx_word' id='word_1_308' title='bbox 402 3879 446 3939; x_wconf 89' lang='lat' dir='ltr'>se,</span> <span class='ocrx_word' id='word_1_309' title='bbox 478 3866 512 3923; x_wconf 87' lang='lat' dir='ltr'>et</span> <span class='ocrx_word' id='word_1_310' title='bbox 542 3854 714 3934; x_wconf 89' lang='lat' dir='ltr'>Johannes</span> <span class='ocrx_word' id='word_1_311' title='bbox 744 3853 869 3942; x_wconf 92' lang='lat' dir='ltr'>Copins</span> <span class='ocrx_word' id='word_1_312' title='bbox 898 3877 972 3924; x_wconf 91' lang='lat' dir='ltr'>can.</span> <span class='ocrx_word' id='word_1_313' title='bbox 1003 3868 1038 3925; x_wconf 88' lang='lat' dir='ltr'>et</span> <span class='ocrx_word' id='word_1_314' title='bbox 1067 3862 1159 3946; x_wconf 90' lang='lat' dir='ltr'>preb.</span> <span class='ocrx_word' id='word_1_315' title='bbox 1187 3861 1268 3927; x_wconf 90' lang='lat' dir='ltr'>eccl.</span> <span class='ocrx_word' id='word_1_316' title='bbox 1296 3860 1328 3927; x_wconf 92' lang='lat' dir='ltr'>S.</span> <span class='ocrx_word' id='word_1_317' title='bbox 1356 3859 1446 3927; x_wconf 89' lang='lat' dir='ltr'>Petri</span> <span class='ocrx_word' id='word_1_318' title='bbox 1471 3860 1515 3928; x_wconf 91' lang='lat' dir='ltr'>de</span> <span class='ocrx_word' id='word_1_319' title='bbox 1541 3861 1671 3943; x_wconf 86' lang='lat' dir='ltr'>Duaco,</span> 
     </span>
     <span class='ocr_line' id='line_1_32' title="bbox 313 3959 1673 4053; baseline 0 -23"><span class='ocrx_word' id='word_1_320' title='bbox 313 3963 499 4030; x_wconf 87' lang='lat' dir='ltr'>Tornacen.</span> <span class='ocrx_word' id='word_1_321' title='bbox 527 3981 568 4026; x_wconf 90' lang='lat' dir='ltr'>ac</span> <span class='ocrx_word' id='word_1_322' title='bbox 593 3961 789 4027; x_wconf 82' lang='lat' dir='ltr'>Atrebaten.</span> <span class='ocrx_word' id='word_1_323' title='bbox 816 3959 914 4043; x_wconf 74' lang='lat' dir='ltr'>dioc,</span> <span class='ocrx_word' id='word_1_324' title='bbox 942 3965 1124 4049; x_wconf 88' lang='lat' dir='ltr'>presbiteri,</span> <span class='ocrx_word' id='word_1_325' title='bbox 1149 3985 1208 4052; x_wconf 91' lang='lat' dir='ltr'>per</span> <span class='ocrx_word' id='word_1_326' title='bbox 1230 3974 1480 4053; x_wconf 90' lang='lat' dir='ltr'>procuratorem</span> <span class='ocrx_word' id='word_1_327' title='bbox 1502 3964 1673 4048; x_wconf 91' lang='lat' dir='ltr'>idoneum,</span> 
     </span>
     <span class='ocr_line' id='line_1_33' title="bbox 314 4065 1674 4156; baseline 0.003 -20"><span class='ocrx_word' id='word_1_328' title='bbox 314 4089 398 4153; x_wconf 92' lang='lat' dir='ltr'>quos</span> <span class='ocrx_word' id='word_1_329' title='bbox 423 4076 504 4133; x_wconf 93' lang='lat' dir='ltr'>tunc</span> <span class='ocrx_word' id='word_1_330' title='bbox 528 4065 689 4152; x_wconf 90' lang='lat' dir='ltr'>temporis</span> <span class='ocrx_word' id='word_1_331' title='bbox 716 4065 924 4149; x_wconf 86' lang='lat' dir='ltr'>obtinebant,</span> <span class='ocrx_word' id='word_1_332' title='bbox 949 4067 984 4134; x_wconf 91' lang='lat' dir='ltr'>in</span> <span class='ocrx_word' id='word_1_333' title='bbox 1009 4070 1163 4138; x_wconf 90' lang='lat' dir='ltr'>manibus</span> <span class='ocrx_word' id='word_1_334' title='bbox 1186 4091 1263 4138; x_wconf 86' lang='lat' dir='ltr'>ven.</span> <span class='ocrx_word' id='word_1_335' title='bbox 1284 4069 1321 4139; x_wconf 92' lang='lat' dir='ltr'>P.</span> <span class='ocrx_word' id='word_1_336' title='bbox 1337 4072 1428 4138; x_wconf 94' lang='lat' dir='ltr'>dom.</span> <span class='ocrx_word' id='word_1_337' title='bbox 1452 4070 1581 4156; x_wconf 87' lang='lat' dir='ltr'>P(etri),</span> <span class='ocrx_word' id='word_1_338' title='bbox 1597 4072 1674 4140; x_wconf 86' lang='lat' dir='ltr'>abb.</span> 
     </span>
     <span class='ocr_line' id='line_1_34' title="bbox 313 4168 1672 4258; baseline 0.001 -20"><span class='ocrx_word' id='word_1_339' title='bbox 313 4171 505 4240; x_wconf 89' lang='lat' dir='ltr'>monasterii</span> <span class='ocrx_word' id='word_1_340' title='bbox 534 4170 565 4237; x_wconf 93' lang='lat' dir='ltr'><strong>S.</strong></span> <span class='ocrx_word' id='word_1_341' title='bbox 590 4168 754 4248; x_wconf 90' lang='lat' dir='ltr'>Johannis</span> <span class='ocrx_word' id='word_1_342' title='bbox 781 4171 1042 4257; x_wconf 89' lang='lat' dir='ltr'>Angeliacensis,</span> <span class='ocrx_word' id='word_1_343' title='bbox 1074 4174 1115 4242; x_wconf 93' lang='grc' dir='ltr'>Ο.</span> <span class='ocrx_word' id='word_1_344' title='bbox 1143 4175 1174 4242; x_wconf 92' lang='lat' dir='ltr'><strong>S.</strong></span> <span class='ocrx_word' id='word_1_345' title='bbox 1202 4174 1251 4257; x_wconf 89' lang='lat' dir='ltr'>B.,</span> <span class='ocrx_word' id='word_1_346' title='bbox 1286 4174 1481 4242; x_wconf 91' lang='lat' dir='ltr'>Xantonen.</span> <span class='ocrx_word' id='word_1_347' title='bbox 1505 4175 1604 4258; x_wconf 72' lang='lat' dir='ltr'>dioc,</span> <span class='ocrx_word' id='word_1_348' title='bbox 1630 4174 1672 4241; x_wconf 89' lang='lat' dir='ltr'>de</span> 
     </span>
     <span class='ocr_line' id='line_1_35' title="bbox 314 4271 1673 4368; baseline 0 -24"><span class='ocrx_word' id='word_1_349' title='bbox 314 4277 450 4365; x_wconf 88' lang='lat' dir='ltr'>speciali</span> <span class='ocrx_word' id='word_1_350' title='bbox 477 4271 640 4341; x_wconf 89' lang='lat' dir='ltr'>mandato</span> <span class='ocrx_word' id='word_1_351' title='bbox 666 4281 778 4340; x_wconf 88' lang='lat' dir='ltr'>vestro</span> <span class='ocrx_word' id='word_1_352' title='bbox 804 4275 881 4340; x_wconf 86' lang='lat' dir='ltr'>vive</span> <span class='ocrx_word' id='word_1_353' title='bbox 907 4277 1001 4344; x_wconf 90' lang='lat' dir='ltr'>vocis</span> <span class='ocrx_word' id='word_1_354' title='bbox 1027 4280 1161 4350; x_wconf 89' lang='lat' dir='ltr'>oraculo</span> <span class='ocrx_word' id='word_1_355' title='bbox 1187 4279 1247 4346; x_wconf 91' lang='lat' dir='ltr'>sibi</span> <span class='ocrx_word' id='word_1_356' title='bbox 1277 4279 1377 4362; x_wconf 86' lang='lat' dir='ltr'>facto,</span> <span class='ocrx_word' id='word_1_357' title='bbox 1406 4279 1607 4368; x_wconf 89' lang='lat' dir='ltr'>recipientis,</span> <span class='ocrx_word' id='word_1_358' title='bbox 1631 4299 1673 4344; x_wconf 86' lang='lat' dir='ltr'>ex</span> 
     </span>
     <span class='ocr_line' id='line_1_36' title="bbox 314 4375 1672 4469; baseline -0.001 -20"><span class='ocrx_word' id='word_1_359' title='bbox 314 4401 414 4449; x_wconf 87' lang='lat' dir='ltr'>causa</span> <span class='ocrx_word' id='word_1_360' title='bbox 440 4377 695 4468; x_wconf 84' lang='lat' dir='ltr'>permutationis</span> <span class='ocrx_word' id='word_1_361' title='bbox 721 4375 900 4445; x_wconf 88' lang='lat' dir='ltr'>dumtaxat</span> <span class='ocrx_word' id='word_1_362' title='bbox 926 4381 969 4447; x_wconf 91' lang='lat' dir='ltr'>de</span> <span class='ocrx_word' id='word_1_363' title='bbox 994 4382 1073 4469; x_wconf 88' lang='lat' dir='ltr'>ipsis</span> <span class='ocrx_word' id='word_1_364' title='bbox 1095 4383 1268 4450; x_wconf 90' lang='lat' dir='ltr'>beneficiis</span> <span class='ocrx_word' id='word_1_365' title='bbox 1283 4383 1327 4450; x_wconf 91' lang='lat' dir='ltr'>ad</span> <span class='ocrx_word' id='word_1_366' title='bbox 1342 4384 1487 4451; x_wconf 89' lang='lat' dir='ltr'>invicem</span> <span class='ocrx_word' id='word_1_367' title='bbox 1510 4381 1672 4466; x_wconf 81' lang='lat' dir='ltr'>faciende,</span> 
     </span>
     <span class='ocr_line' id='line_1_37' title="bbox 313 4480 1672 4577; baseline 0.002 -26"><span class='ocrx_word' id='word_1_368' title='bbox 313 4485 416 4553; x_wconf 87' lang='lat' dir='ltr'>libere</span> <span class='ocrx_word' id='word_1_369' title='bbox 431 4483 587 4551; x_wconf 85' lang='lat' dir='ltr'>duxerint</span> <span class='ocrx_word' id='word_1_370' title='bbox 603 4480 693 4570; x_wconf 86' lang='lat' dir='ltr'>apud</span> <span class='ocrx_word' id='word_1_371' title='bbox 708 4481 821 4549; x_wconf 88' lang='lat' dir='ltr'>sedem</span> <span class='ocrx_word' id='word_1_372' title='bbox 838 4493 945 4571; x_wconf 89' lang='lat' dir='ltr'>apost.</span> <span class='ocrx_word' id='word_1_373' title='bbox 961 4487 1176 4573; x_wconf 89' lang='lat' dir='ltr'>resignandos</span> <span class='ocrx_word' id='word_1_374' title='bbox 1191 4511 1200 4571; x_wconf 86' lang='lat'>;</span> <span class='ocrx_word' id='word_1_375' title='bbox 1218 4508 1312 4577; x_wconf 92' lang='lat' dir='ltr'>supp.</span> <span class='ocrx_word' id='word_1_376' title='bbox 1325 4497 1417 4575; x_wconf 89' lang='lat' dir='ltr'>quat.</span> <span class='ocrx_word' id='word_1_377' title='bbox 1430 4489 1529 4556; x_wconf 92' lang='lat' dir='ltr'>dictis</span> <span class='ocrx_word' id='word_1_378' title='bbox 1542 4485 1672 4568; x_wconf 90' lang='lat' dir='ltr'>Jacobo</span> 
     </span>
     <span class='ocr_line' id='line_1_38' title="bbox 313 4585 1672 4679; baseline -0.001 -22"><span class='ocrx_word' id='word_1_379' title='bbox 313 4591 455 4658; x_wconf 88' lang='lat' dir='ltr'>decan.</span> <span class='ocrx_word' id='word_1_380' title='bbox 482 4598 517 4656; x_wconf 89' lang='lat' dir='ltr'>et</span> <span class='ocrx_word' id='word_1_381' title='bbox 540 4590 642 4676; x_wconf 78' lang='lat' dir='ltr'>preb,</span> <span class='ocrx_word' id='word_1_382' title='bbox 670 4595 704 4654; x_wconf 90' lang='lat' dir='ltr'>et</span> <span class='ocrx_word' id='word_1_383' title='bbox 733 4585 881 4666; x_wconf 85' lang='lat' dir='ltr'>Jolramri</span> <span class='ocrx_word' id='word_1_384' title='bbox 908 4589 951 4656; x_wconf 92' lang='lat' dir='ltr'>de</span> <span class='ocrx_word' id='word_1_385' title='bbox 978 4593 1095 4678; x_wconf 90' lang='lat' dir='ltr'>capell.</span> <span class='ocrx_word' id='word_1_386' title='bbox 1125 4592 1283 4679; x_wconf 89' lang='lat' dir='ltr'>predictis</span> <span class='ocrx_word' id='word_1_387' title='bbox 1314 4593 1360 4659; x_wconf 91' lang='lat' dir='ltr'>sic</span> <span class='ocrx_word' id='word_1_388' title='bbox 1385 4614 1460 4660; x_wconf 85' lang='lat' dir='ltr'>vac.</span> <span class='ocrx_word' id='word_1_389' title='bbox 1491 4590 1672 4678; x_wconf 88' lang='lat' dir='ltr'>dignemini</span> 
     </span>
     <span class='ocr_line' id='line_1_39' title="bbox 314 4692 1673 4785; baseline 0.001 -25"><span class='ocrx_word' id='word_1_390' title='bbox 314 4694 489 4783; x_wconf 88' lang='lat' dir='ltr'>providere</span> <span class='ocrx_word' id='word_1_391' title='bbox 513 4717 521 4776; x_wconf 93' lang='lat'>;</span> <span class='ocrx_word' id='word_1_392' title='bbox 550 4715 618 4760; x_wconf 91' lang='lat' dir='ltr'>non</span> <span class='ocrx_word' id='word_1_393' title='bbox 644 4696 729 4760; x_wconf 90' lang='lat' dir='ltr'>obst.</span> <span class='ocrx_word' id='word_1_394' title='bbox 754 4692 845 4778; x_wconf 91' lang='lat' dir='ltr'>quod</span> <span class='ocrx_word' id='word_1_395' title='bbox 867 4695 1013 4781; x_wconf 81' lang='lat' dir='ltr'>prefatus</span> <span class='ocrx_word' id='word_1_396' title='bbox 1035 4697 1209 4776; x_wconf 88' lang='lat' dir='ltr'>Johannes</span> <span class='ocrx_word' id='word_1_397' title='bbox 1232 4699 1402 4785; x_wconf 88' lang='lat' dir='ltr'>quandam</span> <span class='ocrx_word' id='word_1_398' title='bbox 1430 4698 1547 4785; x_wconf 89' lang='lat' dir='ltr'>capell.</span> <span class='ocrx_word' id='word_1_399' title='bbox 1575 4697 1673 4763; x_wconf 91' lang='lat' dir='ltr'>sitam</span> 
     </span>
     <span class='ocr_line' id='line_1_40' title="bbox 314 4798 1675 4890; baseline 0.001 -24"><span class='ocrx_word' id='word_1_400' title='bbox 314 4801 347 4866; x_wconf 91' lang='lat' dir='ltr'>in</span> <span class='ocrx_word' id='word_1_401' title='bbox 373 4800 502 4886; x_wconf 89' lang='lat' dir='ltr'>capella</span> <span class='ocrx_word' id='word_1_402' title='bbox 522 4801 618 4885; x_wconf 83' lang='lat' dir='ltr'>juxta</span> <span class='ocrx_word' id='word_1_403' title='bbox 639 4798 762 4866; x_wconf 81' lang='lat' dir='ltr'>Aulam</span> <span class='ocrx_word' id='word_1_404' title='bbox 783 4799 908 4886; x_wconf 86' lang='lat' dir='ltr'>regiam</span> <span class='ocrx_word' id='word_1_405' title='bbox 932 4801 965 4867; x_wconf 93' lang='lat' dir='ltr'>in</span> <span class='ocrx_word' id='word_1_406' title='bbox 988 4801 1110 4886; x_wconf 85' lang='lat' dir='ltr'>Insula,</span> <span class='ocrx_word' id='word_1_407' title='bbox 1132 4824 1196 4889; x_wconf 90' lang='lat' dir='ltr'>quc</span> <span class='ocrx_word' id='word_1_408' title='bbox 1223 4803 1403 4889; x_wconf 83' lang='lat' dir='ltr'>vulgariter</span> <span class='ocrx_word' id='word_1_409' title='bbox 1429 4803 1559 4890; x_wconf 87' lang='lat' dir='ltr'>capella</span> <span class='ocrx_word' id='word_1_410' title='bbox 1584 4803 1675 4868; x_wconf 82' lang='lat' dir='ltr'>dele</span> 
     </span>
    </p>
   </div>
   <div class='ocr_carea' id='block_1_7' title="bbox 313 4939 567 4954">
    <p class='ocr_par' dir='ltr' id='par_1_10' title="bbox 313 4939 567 4954">
     <span class='ocr_line' id='line_1_41' title="bbox 313 4939 567 4954; baseline 0.008 -2"><span class='ocrx_word' id='word_1_411' title='bbox 313 4939 567 4954; x_wconf 70' lang='lat' dir='ltr'><strong>——uu-</strong></span> 
     </span>
    </p>
   </div>
   <div class='ocr_carea' id='block_1_8' title="bbox 348 5016 614 5080">
    <p class='ocr_par' dir='ltr' id='par_1_11' title="bbox 348 5016 614 5080">
     <span class='ocr_line' id='line_1_42' title="bbox 348 5016 614 5080; baseline 0.015 -14"><span class='ocrx_word' id='word_1_412' title='bbox 348 5019 368 5070; x_wconf 88' lang='lat'><strong>1.</strong></span> <span class='ocrx_word' id='word_1_413' title='bbox 381 5016 443 5066; x_wconf 77' lang='lat' dir='ltr'>Voir</span> <span class='ocrx_word' id='word_1_414' title='bbox 454 5032 479 5068; x_wconf 92' lang='lat' dir='ltr'>n.</span> <span class='ocrx_word' id='word_1_415' title='bbox 494 5019 545 5080; x_wconf 74' lang='lat'>172,</span> <span class='ocrx_word' id='word_1_416' title='bbox 559 5019 614 5070; x_wconf 82' lang='lat'><strong>313.</strong></span> 
     </span>
    </p>
   </div>
   <div class='ocr_carea' id='block_1_9' title="bbox 0 0 1848 5675">
    <p class='ocr_par' dir='ltr' id='par_1_12' title="bbox 0 0 1848 5675">
     <span class='ocr_line' id='line_1_43' title="bbox 0 0 1848 5675; baseline 0 0"><span class='ocrx_word' id='word_1_417' title='bbox 0 0 1848 5675; x_wconf 95' lang='lat' dir='ltr'> </span> 
     </span>
    </p>
   </div>
  </div>
 </body>
</html>
