3650 5675
759 452 840 524 1351,
864 452 899 516 19
919 451 995 533 jun.
1494 451 1556 517 ses

247 602 393 687 2196.
1262 640 1280 683 r
1280 638 1301 702 5
1301 636 1357 700 51,
1375 639 1416 703 19
1425 616 1512 699 jum.

241 721 342 809 Supp.
373 720 560 787 Willelmus
595 720 638 787 de
675 720 812 787 Obome
842 731 860 802 ¹,
892 722 1030 788 clericus
1064 720 1224 788 Leodien.
1255 722 1354 802 dioc,
1384 722 1557 789 familiaris

198 825 433 893 commensalis
457 823 608 890 Garineti
632 825 674 890 de
698 824 883 910 ApcheriiS,
911 825 1093 891 canonicus
1116 827 1175 891 sub
1202 846 1278 910 exp.
1299 828 1390 911 preb.
1415 823 1556 889 ecclesie

198 928 237 996 B.
263 928 372 995 Marie
398 928 609 1015 Tongrensis,
636 927 726 995 dicte
752 927 849 1008 dioc,
877 937 969 1012 quat.
996 929 1057 995 sibi
1084 929 1127 995 de
1151 948 1224 995 can.
1245 936 1280 994 et
1301 931 1392 1014 preb,
1409 927 1556 1013 ejusdem

198 1032 400 1119 Tongrensis
414 1032 566 1114 ecclesie,
582 1051 656 1099 vac.
673 1032 717 1099 ad
731 1052 868 1118 presens
883 1052 942 1119 per
957 1040 1102 1099 mortem
1118 1031 1227 1117 Egidii
1244 1030 1286 1098 de
1302 1030 1419 1097 Odour
1434 1045 1456 1112 ²,
1473 1031 1558 1115 ejus-

199 1135 276 1202 dem
300 1136 441 1204 ecclesie
465 1135 620 1203 canonici
644 1135 852 1221 prebendati,
879 1136 936 1221 qui
960 1144 1055 1202 extra
1079 1135 1177 1202 Rom.
1201 1135 1326 1201 curiam
1349 1135 1439 1200 diem
1461 1154 1557 1199 suum

199 1240 316 1308 clausit
331 1248 528 1321 extremum,
544 1239 716 1306 collationi
731 1240 819 1307 sedis
833 1249 941 1326 apost.
957 1240 1145 1327 specialiter
1159 1240 1347 1319 reservatis,
1362 1238 1557 1325 dignemini,

199 1364 275 1411 cum
302 1344 510 1431 plenitudine
533 1343 615 1430 juris
641 1344 805 1427 canonici,
832 1345 874 1411 de
898 1366 990 1412 novo
1013 1346 1198 1432 providere,
1222 1366 1299 1412 cum
1322 1344 1557 1431 acceptatione

199 1458 286 1530 etc.;
313 1469 382 1514 non
410 1452 494 1515 obst.
519 1448 611 1533 quod
634 1447 723 1515 idern
746 1447 933 1516 Willelmus
956 1449 1193 1516 canonicatum
1209 1457 1244 1514 et
1258 1451 1351 1535 preb.
1368 1448 1402 1512 in
1417 1448 1559 1513 ecclesia

199 1552 375 1635 Visetensi,
392 1552 552 1621 Leodien.
568 1553 665 1635 dioc,
681 1550 885 1638 dignoscitur
906 1553 1069 1619 obtinere.
1091 1590 1122 1601 -
1144 1552 1221 1621 Fiat
1237 1552 1278 1620 R.

243 1656 321 1723 Dat.
336 1657 437 1724 Avin.
458 1677 494 1742 13
512 1656 579 1723 kal.
592 1656 664 1742 julii
681 1664 715 1722 a⁰
735 1665 795 1722 10⁰.
813 1657 883 1739 (21,
903 1660 965 1742 38).

251 1795 392 1878 2197.
571 1815 572 1820 ’
1200 1888 1204 1895 ¹
1265 1806 1515 1894 1351,19jurn.

244 1914 332 1999 Sign.
358 1913 390 1979 S.
417 1911 457 1978 V.
481 1912 665 1993 Johannes,
689 1910 798 1978 dictus
823 1913 866 1978 de
893 1912 1116 1979 Iliartzhoven
1144 1930 1165 1993 ³,
1196 1910 1239 1977 de
1261 1911 1375 1997 Aquis,
1399 1911 1560 1998 presbiter

201 2017 361 2084 Leodien.
387 2016 485 2098 dioc,
513 2017 602 2101 quod
630 2015 846 2082 Hermannus
870 2016 980 2083 dictus
1003 2016 1175 2111 Blankart,
1192 2016 1395 2083 decanatum
1418 2015 1560 2083 ecclesie

200 2121 232 2187 S.
245 2120 298 2189 M.
315 2122 490 2206 Aquensis,
512 2121 602 2187 dicte
626 2120 724 2201 dioc,
740 2120 795 2205 qui
812 2119 996 2186 decanatus
1010 2119 1156 2205 dignitas
1172 2129 1286 2186 curata
1301 2120 1424 2200 existit,
1439 2120 1559 2205 primo,

200 2234 235 2291 et
250 2224 371 2292 deinde
388 2245 462 2292 can.
478 2232 513 2291 et
528 2227 620 2311 preb.
637 2224 784 2312 ejusdem
801 2224 952 2304 ecclesie,
979 2245 1020 2290 ac
1048 2227 1287 2309 subsequenter
1316 2225 1559 2310 preposituram

200 2328 429 2410 Werdensem,
446 2327 620 2395 Colonien.
636 2329 733 2409 dioc,
751 2350 815 2413 que
831 2328 982 2394 similiter
997 2329 1142 2414 dignitas
1157 2329 1280 2410 existit,
1293 2330 1405 2395 extitit
1417 2328 1558 2414 pacifice

200 2441 379 2514 assecutus
396 2432 551 2518 ipsosque
566 2433 674 2515 simul,
690 2433 837 2519 pluribus
853 2433 959 2513 amris,
975 2441 1094 2499 contra
1116 2433 1394 2500 constitutionem
1410 2432 1559 2498 Execra-

201 2538 274 2603 br'lr's
298 2546 333 2601 et
359 2536 545 2623 capitulum
566 2541 607 2603 de
630 2538 746 2617 multa,
763 2546 798 2602 et
814 2537 896 2603 alias
919 2536 1177 2603 constitutiones
1193 2538 1387 2618 contrarias,
1403 2536 1506 2601 etiarn
1522 2535 1556 2600 in

201 2640 419 2726 presbiterum
435 2662 503 2706 non
519 2650 702 2727 promotus,
715 2640 798 2706 infra
814 2641 938 2705 multos
954 2661 1061 2706 annos
1076 2648 1152 2725 post
1168 2641 1415 2707 assecutionem
1430 2639 1561 2727 predic·

201 2753 273 2811 tam
298 2744 443 2812 detinuit
458 2754 492 2809 et
508 2743 617 2810 adhuc
633 2741 763 2808 detinet
786 2748 979 2827 occupatos,
995 2742 1121 2808 fructus
1136 2743 1323 2829 percipiens
1338 2763 1380 2807 ex
1397 2742 1523 2808 eisdem
1537 2748 1560 2823 ¹⁸,

118 2917 124 2926 ,
199 2849 443 2936 impedimento
457 2850 608 2935 legitimo
631 2857 665 2914 et
687 2847 939 2933 dispensatione
965 2847 1128 2914 canonica
1151 2857 1324 2929 cessante;
1348 2856 1560 2935 propterque,

201 2953 384 3020 secundum
408 2953 516 3019 dictas
542 2951 810 3030 constitutiones
833 2971 901 3017 non
925 2962 977 3016 est
999 2951 1136 3018 dubium
1151 2952 1422 3018 dicta'beneficia
1434 2951 1562 3036 jamdiu

202 3058 376 3124 vacavisse
402 3065 438 3122 et
463 3076 584 3122 vacare
609 3056 651 3121 de
671 3055 753 3141 jure,
772 3075 812 3120 ac
827 3054 870 3120 ad
885 3054 1139 3141 dispositionem
1155 3065 1265 3143 apost.
1280 3057 1369 3123 sedis
1383 3056 1560 3143 pertinere.

177 3225 179 3230 ,
202 3161 313 3244 Quare
328 3181 425 3246 supp.
440 3159 550 3226 dictus
564 3158 585 3236 J
588 3159 747 3238 ohannes
764 3165 854 3242 quat.
871 3157 932 3223 sibi
949 3159 1129 3245 specialem
1139 3161 1283 3244 gratiam
1293 3161 1467 3242 facientes,
1477 3160 1507 3225 ei
1519 3159 1562 3225 de

203 3263 369 3330 decanatu
396 3285 435 3330 ac
459 3284 532 3330 can.
558 3273 593 3329 et
609 3265 701 3350 preb.
721 3261 889 3348 predictis,
906 3263 953 3328 sic
969 3285 1052 3344 vac,
1069 3264 1179 3329 etiam·
1189 3265 1215 3329 si
1232 3265 1299 3331 alio
1314 3265 1433 3349 quovis
1448 3263 1562 3343 modo,

204 3376 239 3433 et
253 3389 295 3434 ex
310 3368 457 3455 generali
469 3370 524 3433 vel
539 3367 674 3454 speciali
687 3368 913 3434 reservatione
927 3368 1121 3434 Sanctitatis
1133 3368 1251 3435 Vestre
1262 3389 1377 3436 eorum
1388 3369 1562 3456 dispositio

205 3471 247 3538 ad
273 3473 386 3540 sedem
414 3480 520 3558 apost.
548 3472 657 3539 forsan
681 3471 858 3557 pertineat,
874 3471 1057 3558 dignemini
1073 3473 1270 3558 providere;
1286 3493 1355 3540 non
1372 3477 1456 3539 obst.
1473 3473 1564 3558 quod

206 3576 293 3642 idem
310 3575 329 3654 J
332 3576 482 3643 ohannes
497 3575 648 3662 parroch.
670 3575 846 3642 ecclesiam
862 3577 896 3641 in
912 3575 1023 3658 Bicht,
1039 3577 1129 3643 dicte
1145 3577 1242 3658 dioc,
1259 3577 1400 3657 obtinet,
1417 3585 1452 3641 et
1467 3596 1565 3663 super

205 3682 388 3766 plebanatu
426 3681 458 3746 S.
495 3680 660 3758 Johannis
691 3677 946 3746 Wormatiensis
975 3681 1009 3747 in
1039 3681 1167 3768 palatio
1198 3682 1386 3768 apostolico
1416 3682 1566 3748 noscitur

206 3785 343 3870 litigare,
349 3793 384 3850 et
393 3772 512 3850 ceteris
521 3805 589 3851 non
602 3787 722 3864 obst...;
731 3805 832 3869 quam
843 3784 1214 3871 ecclesiam,postquam
1227 3786 1354 3852 dictum
1364 3786 1567 3853 decanatum

206 3888 305 3955 fuerit
320 3889 459 3975 pacifice
475 3896 656 3969 assecutus,
672 3886 840 3954 dimittere
855 3896 907 3954 est
921 3896 1067 3975 paratus.
1088 3927 1119 3937 -
1142 3890 1218 3956 Fiat
1235 3891 1275 3957 R.

251 3991 330 4058 Dat.
347 3991 447 4058 Avin.
468 4012 503 4076 13
519 3991 587 4058 kal.
600 3991 672 4077 julii
689 4000 722 4056 a‘··
745 3999 805 4057 10⁰.
823 3993 894 4075 (21,
911 3996 981 4078 43).

260 4129 402 4212 2198.
1274 4165 1291 4207 r
1324 4163 1405 4208 ¹rr
1451 4143 1523 4210 ain.

252 4247 352 4334 Supp.
379 4246 398 4325 J
401 4247 553 4313 ohannes
580 4246 621 4311 de
649 4245 786 4312 Casleto
801 4259 823 4327 ⁴,
840 4247 1023 4313 canonicus
1047 4246 1217 4327 Leodien.,
1234 4257 1269 4312 et
1285 4164 1388 4314 adibas
1407 4165 1567 4315 sescularis

208 4352 348 4418 ecclesie
360 4351 595 4429 Cermacensis,
608 4349 767 4417 Leodien.
780 4351 878 4430 dioc,
894 4353 1055 4418 collector
1068 4361 1179 4418 vestre
1192 4352 1366 4439 [Camere]
1380 4355 1565 4439 apostolice

208 4457 241 4522 in
268 4456 440 4542 provincia
465 4455 650 4538 Coloniam,
677 4465 768 4540 quat.
794 4457 853 4522 sibi
882 4457 924 4522 de
948 4477 1024 4522 can.
1047 4458 1188 4523 ecclesie
1206 4457 1406 4543 Trajecten,
1422 4467 1458 4524 et
1474 4462 1567 4544 preb.

240 4647 269 4708 a)
285 4645 342 4695 (bd.
354 4645 451 4695 eadem.

244 4833 264 4878 1.
277 4831 423 4879 (luilluurno
436 4831 471 4878 Le
485 4831 561 4879 Polou
577 4846 583 4888 3
603 4832 655 4878 voit·
667 4845 692 4878 u.
704 4831 775 4879 2017.
788 4857 819 4868 -
838 4833 860 4877 2.
881 4828 939 4876 Cite
951 4845 983 4877 on
998 4831 1059 4877 1313
1070 4836 1097 4876 ct
1111 4831 1172 4877 1318
1185 4829 1270 4891 (Tbys,
1286 4830 1319 4887 ll,
1334 4831 1403 4885 tut).
1420 4857 1451 4865 -
1470 4832 1493 4878 3.
1506 4829 1568 4878 l'oir

210 4919 234 4954 u.
249 4905 317 4953 1129.
329 4932 361 4942 -
373 4907 396 4953 l.
411 4904 472 4950 Voir
483 4919 512 4952 rr.
524 4905 596 4952 2039.
651 4923 653 4928 ·
