3650 5675
767 505 853 572 lars.
877 506 916 568 1v
934 504 1002 585 jun
1509 507 1570 574 arv

211 654 245 721 in
260 655 396 741 singulis
412 655 450 722 B.
475 654 525 722 M.
548 655 588 723 V.
612 656 846 723 festivitatibus
871 656 995 722 devote
1010 655 1229 738 visitaverint,
1246 676 1304 722 seu
1319 675 1438 722 manus
1453 677 1568 722 eorum

210 759 299 827 dicte
315 761 442 847 capelle
459 761 666 847 porrexerint
681 761 869 846 adjutrices,
882 769 1011 848 septem
1027 781 1134 827 annos
1146 770 1181 827 et
1192 768 1322 847 septem
1338 761 1568 848 quadragenas

210 864 252 931 de
274 864 488 952 indulgentiis
503 866 688 933 concedere
703 865 886 951 dignemini
912 874 947 934 et
974 865 1144 950 indulgere
1167 864 1322 931 omnibus
1337 865 1445 931 dictas
1460 868 1566 932 eccle-

210 969 295 1035 siam
310 972 542 1057 capellamque
563 971 776 1038 visitantibus
799 970 832 1034 in
855 970 983 1037 honore
999 969 1088 1036 dicte
1104 970 1135 1035 S.
1154 968 1202 1035 M.
1219 969 1354 1054 singulis
1374 969 1491 1036 diebus
1506 970 1565 1036 ali·

210 1075 343 1158 qualem
373 1074 627 1160 indulgentiam,
657 1074 840 1141 secundum
864 1074 955 1158 qnod
979 1072 1018 1140 V.
1045 1074 1207 1162 placuerit
1234 1071 1284 1155 Sl,
1309 1094 1385 1138 curn
1410 1074 1565 1140 omnibus

209 1177 364 1244 clausulis
378 1179 552 1265 oportunis
566 1187 604 1244 nt
619 1179 653 1243 in
669 1179 785 1244 forma.
800 1218 843 1228 —-
866 1177 943 1244 Fiat
965 1179 999 1243 in
1021 1178 1233 1264 processione
1249 1178 1305 1243 illa
1320 1186 1355 1243 et
1370 1179 1403 1242 in
1419 1177 1510 1244 sestis
1526 1177 1564 1244 B.

209 1278 249 1345 V.
264 1280 298 1345 in
313 1282 449 1367 singulis
464 1282 506 1348 de
522 1290 658 1347 centum
674 1282 800 1349 diebus.
818 1281 857 1348 R.

255 1427 357 1488 1348.
374 1420 463 1486 Item
478 1442 574 1508 supp.
591 1421 632 1488 E.
643 1422 675 1487 S.
687 1421 796 1489 dictus
812 1422 907 1488 miles
922 1430 1014 1506 quat.
1031 1421 1091 1486 sibi
1107 1429 1142 1485 et
1158 1421 1228 1505 ejus
1243 1418 1391 1504 legitime
1414 1418 1508 1484 uxori
1524 1438 1564 1485 ac

208 1543 324 1589 eonnn
339 1524 507 1592 cuilibet...
537 1525 627 1610 qnod
642 1525 748 1612 possit
771 1526 877 1592 altare
907 1525 1072 1613 portabile
1099 1531 1134 1590 et
1164 1543 1262 1610 super
1291 1544 1334 1589 eo
1362 1543 1422 1610 per
1451 1522 1562 1609 capel·

207 1628 322 1693 lanum
331 1629 502 1714 ydoneum
515 1630 575 1696 sibi
592 1638 758 1696 eteorum
784 1630 910 1697 familie
937 1631 1041 1696 etiam
1056 1628 1199 1710 divisim,
1215 1628 1416 1712 ubicumque
1431 1648 1489 1694 eos
1505 1648 1563 1694 sen

206 1752 322 1799 eorum
359 1734 506 1821 aliquem
529 1735 696 1802 declinare
725 1735 913 1821 contigerit,
938 1735 1041 1802 etiarn
1066 1741 1249 1818 antequam
1275 1732 1346 1798 dies
1362 1731 1563 1812 elucesserit,

207 1837 342 1904 missam
368 1847 403 1904 et
427 1839 492 1905 alia
515 1840 629 1910 divina
655 1839 765 1906 officia
801 1839 909 1907 facere
941 1839 1100 1907 celebrari
1123 1847 1211 1906 auct.
1242 1846 1350 1926 apost.
1379 1836 1563 1904 concedere

207 1940 389 2026 dignemini
404 1951 442 2010 ut
457 1944 491 2009 in
507 1944 623 2012 forma.
644 1981 676 1994 -
698 1943 776 2010 Fiat
790 1945 824 2010 in
840 1965 957 2012 eorum
972 1943 1122 2010 manerio
1136 1949 1159 2009 ¹.
1176 1942 1216 2009 R.

254 2105 356 2168 1349.
375 2100 461 2166 Item
478 2122 573 2189 supp.
596 2101 706 2168 dictus
725 2101 822 2168 miles
836 2111 927 2188 quat.
955 2102 1153 2191 [Godelrido
1179 2102 1221 2168 de
1246 2101 1346 2184 Diels,
1362 2099 1456 2188 cleu]
1475 2099 1564 2167 dicte

208 2201 425 2271 Cameracen.
442 2205 539 2287 dioc,
555 2205 688 2272 decan.
705 2207 788 2272 eccl.
804 2205 835 2272 S.
849 2205 1038 2273 Donaciani
1055 2204 1243 2292 BrugensiS,
1255 2205 1442 2272 Tomacen.
1466 2204 1564 2286 dioc,

206 2305 387 2392 dignemini
403 2309 588 2394 providere,
612 2314 704 2397 preb.
720 2331 802 2377 vero
820 2310 909 2398 [vac.
925 2312 979 2376 vel
994 2310 1120 2398 vacat]
1147 2311 1238 2379 dicto
1254 2310 1436 2379 Godefrido
1451 2311 1564 2377 confe-

206 2411 344 2476 rendam
360 2412 538 2480 donacioni
555 2413 740 2500 apostolice
756 2423 934 2497 reservata,
951 2417 1037 2480 utin
1054 2414 1171 2481 forma.
1188 2455 1231 2466 -
1247 2413 1324 2481 Fiat
1340 2412 1381 2480 R.

252 2555 354 2615 1350.
372 2547 461 2614 Item
479 2570 574 2636 supp.
597 2550 707 2618 dictus
732 2551 829 2620 miles
855 2559 947 2636 quat.
967 2550 1085 2638 [Petro
1101 2550 1271 2619 Godelridi
1288 2552 1331 2618 de
1348 2551 1447 2632 Dielf,
1465 2549 1560 2636 cler.]

206 2649 421 2720 Cameracen.
445 2654 543 2736 dinc,
559 2655 601 2722 de
626 2677 700 2723 can.
726 2658 807 2722 eccl.
824 2655 855 2723 S.
883 2656 1041 2722 Rumoldi
1070 2655 1319 2738 Machlinensis,
1350 2657 1440 2723 dicte
1466 2656 1566 2738 dioc„

204 2755 387 2841 dignemini
403 2758 587 2845 providere,
603 2763 695 2847 preb.
711 2779 784 2826 vac.
800 2759 892 2827 dicto
908 2761 1010 2827 Petro
1025 2761 1261 2828 conferendam
1273 2761 1451 2828 donacioni
1468 2781 1564 2849 apos·

205 2860 307 2926 tolice
322 2871 541 2931 reservantes.
564 2902 592 2915 -
616 2864 693 2931 Fiat
709 2865 750 2933 R.

252 3007 350 3068 1351.
368 3001 456 3067 Item
468 3024 563 3090 supp.
580 3004 689 3071 dictus
704 3006 800 3072 miles
815 3016 907 3091 quat.
924 3007 985 3073 sibi
1001 3028 1042 3073 ac
1057 3008 1127 3092 ejus
1142 3008 1291 3091 legitime
1307 3006 1401 3072 uxori
1417 3027 1481 3073 nec
1495 3028 1563 3073 non

204 3106 336 3173 dilectis
350 3108 418 3174 suis
430 3107 580 3177 Gerardo
597 3109 785 3178 Hennanni
801 3111 898 3178 militi
914 3120 950 3178 et
967 3111 1175 3193 Hermanno
1191 3111 1261 3197 ejus
1276 3111 1355 3192 filio,
1372 3131 1412 3177 ac
1427 3112 1563 3177 domine

206 3208 371 3293 Mactildi,
388 3214 503 3281 relicte
519 3215 690 3300 qnondam
705 3217 832 3283 domini
850 3216 1018 3302 Reynaldi
1041 3218 1084 3284 de
1095 3217 1208 3297 Cleve,
1224 3216 1349 3297 militis,
1370 3225 1405 3283 et
1421 3218 1563 3284 Alsteno

203 3316 246 3381 de
273 3314 341 3383 Urs
363 3319 495 3401 elerico,
524 3320 645 3405 Egidio
671 3321 714 3387 de
738 3320 855 3388 Castro
879 3330 914 3387 et
940 3321 1085 3388 Beatrici
1112 3323 1182 3407 ejus
1205 3320 1298 3387 uxori
1324 3342 1364 3387 ac
1381 3320 1561 3388 Lamberto

202 3420 368 3486 Tolenere
382 3425 568 3508 presbitero
583 3434 618 3491 et
634 3424 765 3510 Egidio,
781 3428 851 3494 filio
866 3426 947 3493 dieti
965 3425 1073 3511 Egidii
1084 3426 1126 3493 de
1143 3425 1271 3507 Castr0,
1282 3446 1321 3491 ac
1337 3446 1453 3492 eorum
1469 3427 1560 3493 cuili-

204 3528 263 3590 bet
277 3528 412 3613 plenam
428 3528 675 3615 indulgenciam
687 3540 722 3597 et
737 3532 967 3598 remissionem
994 3531 1144 3597 omnium
1159 3538 1376 3617 peccatorum
1393 3550 1527 3597 suorum
1543 3552 1562 3597 a

204 3649 292 3715 pena
317 3633 442 3718 pariter
457 3643 492 3700 et
516 3637 650 3722 aculpa
674 3637 778 3702 semel
793 3638 826 3701 in
843 3636 960 3703 mortis
982 3637 1122 3703 articulo
1146 3643 1234 3701 auct.
1246 3643 1353 3719 apost.
1377 3634 1562 3702 concedere

204 3732 387 3819 dignemini
403 3740 489 3804 utin
506 3740 624 3807 forma.
640 3782 684 3791 -
706 3740 782 3806 Fiat
795 3740 835 3806 R.

248 3837 335 3904 Item
351 3862 447 3927 supp.
470 3854 561 3927 quat.
586 3864 728 3911 examen
753 3845 903 3911 omnium
920 3844 1156 3932 predictorum,
1181 3864 1257 3909 cum
1282 3843 1384 3909 sinta
1408 3844 1509 3924 curia,
1526 3844 1559 3909 in

204 3943 355 4027 partibus
369 3944 551 4031 dignemini
569 3949 791 4015 committere.
809 3990 847 3999 -
865 3948 1106 4015 Committatur
1122 3947 1154 4011 in
1171 3948 1329 4034 partibus.
1347 3946 1386 4013 R.

247 4046 325 4114 Dat.
340 4050 442 4115 Avin.
458 4075 478 4137 4
494 4051 560 4119 kal.
568 4053 653 4139 junii
668 4059 702 4119 a⁰
718 4060 759 4137 7⁰.
776 4055 848 4140 (15,
871 4054 973 4138 122').

256 4185 397 4271 1352.
1268 4206 1361 4289 1348,
1379 4210 1420 4268 1⁸¹
1428 4202 1516 4285 jm'n.

248 4304 348 4391 Snpp.
363 4306 559 4389 Anibaldus,
576 4308 677 4394 episc.
693 4308 910 4389 Tusculanus,
938 4316 1030 4392 quat.
1058 4308 1239 4395 Aymerico
1267 4308 1436 4375 Estanhac
1459 4310 1502 4376 de
1528 4310 1559 4376 S.

203 4405 351 4485 Juniano
378 4426 396 4492 ¹,
424 4411 640 4479 Lemovicen.
667 4412 764 4493 dioc,
795 4414 970 4498 capellano
1000 4433 1060 4478 suo
1090 4414 1317 4494 commensali,
1340 4412 1383 4478 de
1408 4413 1559 4499 parroch.

203 4514 286 4579 eccl.
302 4514 344 4580 de
362 4514 533 4599 Lavanna,
551 4516 691 4583 Remen.
706 4516 804 4597 dioc,
821 4517 864 4583 ad
887 4537 1023 4603 presens
1043 4537 1117 4584 vac.
1138 4537 1197 4604 per
1213 4520 1266 4583 ob.
1282 4515 1301 4595 J
1305 4516 1447 4584 ohannis
1461 4520 1558 4584 Ares·

203 4618 284 4699 telli,
303 4620 438 4705 nepotis
462 4621 563 4707 ipsius
585 4621 766 4707 Aymerici,
783 4629 817 4687 et
843 4622 943 4707 ipsius
970 4622 1118 4708 episcopi
1143 4622 1320 4704 familiaris,
1346 4622 1425 4689 olim
1451 4622 1558 4689 ultimi

233 4801 262 4864 e)
278 4802 335 4853 (Μ.
348 4804 450 4853 lter-len

240 4972 260 5023 l.
273 4970 372 5030 Mollnt,
386 4986 411 5019 n.
432 4974 478 5020 755
490 4987 496 5029 ;
509 4971 592 5031 Vidal,
606 4987 630 5020 n.
648 4972 695 5021 538
706 4988 712 5026 ;
725 4974 780 5021 voir
791 4972 850 5036 plus
866 4973 937 5035 hant,
950 4988 976 5023 n.
989 4976 1027 5025 61.
