3650 5675
748 534 836 608 1343,
858 533 900 598 26
919 532 995 615 juin.
1524 543 1564 624 35

203 681 314 763 card¹,'
329 683 373 748 de
388 704 462 756 can.
477 693 513 749 et
528 688 620 770 preb.
637 705 678 750 ac
693 685 904 772 prepositura
927 687 1092 770 Aquensis
1115 687 1265 770 ecclesie,
1290 689 1450 764 Leodieu.
1466 693 1563 776 dioc,

201 803 341 872 vaeper
351 790 406 854 ob.
418 787 557 854 Henrici
569 788 611 854 de
624 789 905 874 Spanheim,sedis
916 799 1023 876 apost.
1035 803 1121 877 cap.²
1131 791 1252 858 -Fiat
1262 801 1355 859 motu
1366 796 1511 882 proprio.
1523 797 1563 863 R.

245 891 327 958 Dat.
339 892 438 958 Avin.
455 895 474 957 8
491 892 556 959 kal.
569 893 641 978 julii
657 901 691 960 a⁰
705 901 747 959 2⁰.
763 896 813 977 (5,
831 893 899 976 62).
975 905 981 912 '

201 1061 206 1070 '
251 1027 369 1113 396.
609 1011 613 1019 ¹
708 1063 712 1070 ‘
879 1033 901 1047 Ἀ
1041 1031 1044 1038 ⁴
1273 1066 1367 1130 1343,
1381 1048 1423 1111 26
1432 1047 1519 1129 juin.

200 1149 204 1153 ’
245 1147 335 1232 Sign.
351 1146 553 1228 Ludoiicus,
570 1167 684 1213 comes
710 1145 933 1228 FlandrensiS,
960 1148 1050 1232 quod
1077 1148 1130 1213 fel.
1146 1169 1211 1214 ree.
1239 1149 1328 1215 dom.
1351 1149 1562 1234 Benedictus,

201 1251 416 1338 predecessor
430 1260 550 1331 vester,
566 1250 609 1317 ad
627 1251 728 1337 ipsius
744 1251 876 1317 comitis
891 1252 1009 1338 suppl,
1026 1251 1158 1318 medico
1174 1273 1243 1334 suo,
1256 1274 1344 1338 mag.
1368 1253 1506 1323 Galtero
1522 1257 1563 1323 de

203 1355 363 1436 Rovret0,
380 1355 513 1421 decan.
537 1354 785 1420 Antisiodoren.
812 1359 873 1421 sub
901 1377 976 1441 exp.
993 1358 1084 1442 preb.
1101 1365 1136 1420 et
1151 1356 1250 1441 dign,
1266 1377 1351 1443 pers.
1376 1360 1429 1423 vel
1447 1361 1502 1426 off.
1515 1381 1561 1446 gr.
1673 1425 1675 1432 ,

201 1459 281 1524 fecit
297 1479 397 1546 spec,
410 1459 602 1540 decernens,
620 1467 701 1524 ante
717 1460 970 1525 revocationem
996 1460 1188 1544 generalem
1211 1460 1336 1526 factam
1351 1483 1412 1548 per
1427 1484 1504 1528 eum
1519 1464 1560 1530 de

202 1563 502 1649 expectationibuS,
530 1563 653 1648 gratias
676 1583 736 1649 per
770 1563 1040 1649 predecessorem
1065 1585 1171 1644 suurn,
1188 1565 1277 1630 dom.
1293 1557 1494 1648 Johannem,
1520 1567 1562 1632 de

203 1668 457 1733 canonicatibus
483 1670 543 1732 sub
572 1688 646 1752 exp.
663 1670 755 1752 preb.
781 1667 815 1731 in
835 1667 976 1733 Trecen.
999 1677 1034 1732 et
1060 1667 1307 1734 Autisiodoren.
1332 1671 1563 1757 ecclesiispre-

197 1770 296 1837 ‘dicto
320 1770 461 1837 Galtero
483 1771 588 1836 factas
607 1771 730 1836 nullius
754 1791 826 1836 esse
849 1772 977 1836 roboris
1007 1773 1061 1837 vel
1088 1773 1262 1852 momenti,
1288 1774 1443 1858 quodque
1473 1775 1563 1842 idem

203 1875 358 1941 Galterus
373 1896 446 1941 ean.
462 1883 497 1940 et
512 1878 615 1960 preb,
632 1895 715 1959 quos
728 1875 761 1939 in
774 1874 805 1940 S.
818 1874 980 1961 Stephani
992 1875 1131 1942 Trecen.
1145 1885 1179 1941 et
1195 1877 1225 1940 S.
1240 1875 1329 1942 Petri
1341 1877 1383 1942 de
1397 1877 1562 1962 Maceriis,

202 1979 354 2061 Remen,
370 1980 527 2060 ecclesiis
544 1980 661 2065 capell.
678 1979 721 2044 de
737 1977 896 2060 Bolorria,
916 1978 1075 2060 Melden.,
1092 1987 1126 2046 et
1142 1981 1329 2046 custodiam
1346 1980 1384 2047 B.
1402 1981 1450 2047 M.
1466 1982 1563 2068 juxta

202 2083 236 2148 S.
250 2082 388 2148 Petrum
403 2083 446 2149 de
466 2081 634 2149 Gandavo
648 2092 669 2163 ³,
686 2081 872 2149 Tomacen.
897 2083 1078 2166 diocesum,
1094 2091 1175 2150 tunc
1191 2085 1352 2169 temporis
1379 2086 1562 2168 obtinebat,

203 2189 450 2275 quamprimum
464 2188 691 2274 predictorum
708 2209 793 2268 can,
818 2190 909 2274 preb.
927 2196 961 2253 et
984 2188 1084 2273 dign,
1112 2198 1177 2255 etc.
1205 2198 1292 2254 esset
1318 2190 1562 2275 possessiouem

202 2293 378 2378 pacificam
405 2300 585 2373 assecutus,
612 2292 781 2358 dimittere
807 2300 999 2373 teneretur;
1027 2293 1141 2378 vigore
1158 2293 1251 2378 cujus
1274 2294 1389 2378 gratie,
1412 2296 1563 2378 quamm‘s

202 2417 277 2462 can.
292 2405 327 2461 et
342 2399 445 2484 preb,
463 2417 503 2462 ac
519 2396 829 2462 archidiaconatum
858 2396 1001 2480 Puiseye
1017 2395 1051 2460 in
1074 2396 1165 2462 dicta
1192 2397 1456 2464 Autissiodoren.
1481 2400 1562 2464 eccl.

201 2521 262 2586 per
275 2501 382 2567 multa
392 2508 546 2587 tempora
562 2500 730 2566 obtineret
745 2522 785 2566 ac
801 2500 943 2585 pacifice
958 2500 1170 2585 possedisset,
1183 2501 1311 2566 dictum
1327 2511 1440 2567 tamen
1457 2503 1563 2568 archi-

201 2604 430 2686 diaconatum,
442 2613 606 2689 tanquam
622 2625 695 2669 vac.
708 2604 742 2668 in
759 2604 850 2668 ouria
859 2623 919 2689 per
933 2603 1196 2668 reservationem
1207 2605 1446 2670 beneficiorum
1457 2626 1562 2689 quon-

202 2709 280 2774 dam
295 2729 383 2793 mag.
399 2707 586 2774 Theobaldi
603 2707 645 2772 de
661 2708 837 2772 Sinemuro
859 2727 919 2791 per
930 2706 1117 2792 predictum
1134 2706 1334 2788 Johannem,
1351 2708 1562 2794 predecesso-

202 2832 272 2878 rem
289 2821 445 2893 vestrum,
461 2812 595 2893 factam,
613 2811 653 2878 R.
671 2811 706 2878 P.
719 2833 759 2878 ac
775 2811 865 2878 dom.
890 2810 1038 2896 Hugoni,
1055 2810 1107 2877 tit.
1135 2809 1166 2876 S.
1183 2810 1350 2877 Laurentii
1363 2812 1397 2876 in
1414 2812 1563 2879 Damaso

203 2921 310 3003 presb.
333 2918 432 2998 card,
457 2916 490 2982 S.
517 2915 557 2981 V.
585 2917 728 2982 contulit
745 2926 779 2981 et
805 2915 954 3002 providit
980 2914 1022 2980 de
1047 2914 1178 2981 eodem.
1209 2916 1319 2999 Quare
1335 2936 1429 3003 supp.
1454 2916 1563 2983 dictus

205 3040 326 3101 comes,
342 3030 433 3105 quat.
449 3020 542 3086 dicto
557 3019 705 3100 Galtero,
733 3040 753 3084 a
778 3041 839 3085 suo
853 3027 945 3085 statu
970 3039 1039 3084 non
1066 3019 1237 3084 modicum
1261 3020 1433 3101 destituto,
1456 3021 1514 3106 pio
1529 3028 1564 3085 et

204 3125 304 3190 solito
318 3126 563 3211 compatientes
579 3124 713 3203 affectu,
727 3124 852 3188 fructus
867 3145 909 3188 ex
922 3121 1014 3188 dicto
1026 3122 1301 3189 archidiaconatu
1312 3126 1403 3189 bona
1414 3116 1564 3211 fide'pe'r-

205 3238 330 3314 ceptos,
357 3228 384 3293 si
409 3228 452 3295 ad
467 3227 713 3293 restitutionem
730 3235 894 3308 teneatur,
909 3227 1081 3292 remittere
1096 3226 1278 3312 dignemini
1294 3248 1352 3293 seu
1364 3228 1500 3293 donare.
1518 3228 1563 3293 Et

202 3330 439 3396 nichilominus
454 3330 564 3396 eidem
581 3331 719 3397 Galtero
729 3331 771 3397 de
785 3333 862 3396 ben.
879 3351 908 3397 c.
925 3352 953 3397 c.
971 3332 1025 3395 vel
1041 3350 1066 3396 s.
1083 3352 1122 3411 c.,
1139 3332 1243 3396 etiam
1258 3331 1330 3397 siin
1347 3331 1430 3398 eccl.¹
1450 3332 1562 3398 cathe-

203 3432 287 3499 drali
309 3436 440 3515 existat,
462 3434 627 3519 usquead
649 3436 799 3500 valorem
828 3455 890 3499 200
905 3442 919 3468 ²
944 3434 1001 3500 lib.
1028 3433 1207 3515 Toronen,
1235 3455 1300 3500 sec.
1325 3443 1394 3501 tax.
1421 3435 1562 3519 decime,

204 3537 294 3621 quod
308 3538 341 3603 in
357 3538 445 3604 dioc.
461 3538 638 3619 Senonen,
656 3538 699 3603 ad
715 3538 952 3623 cujuscumque
965 3539 1018 3602 vel
1035 3540 1320 3624 quorumcumque
1333 3540 1418 3621 coll,
1429 3561 1563 3625 presen-

203 3641 388 3722 tationem,
405 3652 480 3723 ete,
497 3649 683 3727 spectante,
700 3661 823 3707 vacare
839 3642 1026 3727 contigerit,
1042 3642 1132 3726 quod
1147 3642 1278 3707 duxerit
1306 3642 1562 3729 acceptandum,

202 3746 384 3831 dignemini
400 3746 585 3833 providere.
603 3746 684 3812 Non
701 3750 785 3812 obst.
809 3745 967 3832 predictis
992 3747 1172 3828 beneficiis,
1198 3748 1241 3813 ad
1268 3768 1407 3831 quorum
1434 3768 1562 3831 posses·

203 3850 341 3931 sionem,
352 3852 416 3917 nisi
429 3852 500 3936 J'am
512 3852 648 3931 habeat,
662 3852 769 3936 ipsum
785 3850 964 3916 decernere
990 3851 1101 3915 velitis
1125 3849 1381 3927 admittendum,
1398 3868 1454 3913 seu
1471 3852 1562 3933 quod

202 3956 237 4019 in
252 3955 516 4020 Autissiodoren.
541 3958 601 4021 sub
626 3976 701 4041 exp.
725 3955 825 4041 dign,
840 3975 926 4041 pers.
953 3955 1007 4019 rel
1033 3954 1099 4035 off,
1126 3964 1214 4018 auct.
1229 3952 1309 4017 dicti
1327 3951 1510 4033 Benedicti,
1528 3963 1562 4019 et

204 4060 235 4124 S.
252 4059 424 4125 Laurentii
441 4060 483 4125 de
499 4058 637 4140 Roseto,
653 4058 851 4125 Laudunen.
867 4059 965 4139 dioc,
992 4080 1065 4123 can.
1083 4067 1117 4122 et
1141 4058 1243 4142 preb,
1260 4064 1294 4120 et
1319 4076 1393 4121 can.
1409 4059 1468 4121 sub
1485 4078 1560 4143 exp.

202 4166 294 4249 preb.
310 4172 398 4230 auct.
416 4173 526 4229 vestra
543 4164 576 4228 in
592 4162 730 4229 Trecen.
748 4163 896 4228 ecclesiis
906 4162 1055 4228 noscitur
1065 4161 1225 4226 obtinere.
1241 4200 1284 4211 -
1300 4158 1377 4224 Fiat
1393 4161 1436 4224 ad
1452 4162 1560 4227 coll...

203 4269 386 4355 archiepisc
389 4319 439 4350 .....
455 4267 574 4334 decani
591 4275 626 4331 et
647 4286 721 4353 cap.
738 4267 917 4348 Senonen,
934 4265 1157 4331 communiter
1171 4266 1225 4329 vel
1236 4264 1378 4344 divisim,
1397 4284 1501 4348 usque
1518 4266 1561 4332 ad

202 4391 368 4437 summam
388 4392 448 4437 100
462 4372 529 4452 tib,
546 4371 649 4437 etiam
666 4372 692 4436 si
709 4372 742 4435 in
758 4372 840 4437 eccl.
856 4370 1051 4449 cathedrali,
1077 4378 1110 4433 et
1137 4368 1261 4434 fructus
1284 4370 1375 4435 bona
1397 4368 1461 4434 fide
1488 4390 1560 4456 per·

203 4484 320 4561 ceptos
330 4476 540 4542 remittimus
563 4475 603 4541 R.

247 4580 326 4646 Dat.
342 4582 441 4647 Avin.
460 4585 477 4645 6
493 4579 558 4647 kal.
572 4581 643 4667 julii
660 4588 694 4647 a⁰
711 4588 751 4648 2⁰.
768 4580 817 4665 (5,
836 4580 901 4665 60).

235 4771 264 4832 a)
279 4769 336 4819 (aa
349 4770 639 4819 11:11rautlirellc.

199 4923 259 4968 l.
272 4920 378 4983 llugnes
389 4923 477 4982 hoger,
490 4936 572 4969 neveu
582 4920 618 4969 du
631 4935 703 4985 pape,
717 4934 809 4983 prornu
820 4919 963 4982 letosepr
977 4920 1039 4967 1342
1057 4920 1158 4978 lllubel
1172 4918 1191 4975 l
1206 4920 1302 4980 41).-
1322 4922 1345 4968 2.
1365 4920 1507 4981 Kimelxli
1487 4918 1561 4980 haul,

202 4994 598 5055 27031tiezler,n1145,1313;
612 4995 759 5053 Sauerlanrl
774 4993 866 5043 theix
884 4993 951 5054 bstrlr
964 4992 1283 5051 n1o36.-3.liual,.n
1302 4995 1356 5043 367.
