3650 5675
300 474 364 537 464
824 472 911 545 1849,
934 471 1032 536 26-30
1052 476 1132 538 nolit.

300 627 332 692 S.
350 626 459 712 Egidii
474 625 644 692 dimittere
667 633 834 707 teneatur,
852 646 930 691 cum
944 626 1035 692 dicte
1051 628 1191 694 ecclesie
1207 628 1239 695 S.
1256 627 1433 695 Michaelis
1452 629 1552 695 fuerit
1570 632 1663 717 paci·

299 732 398 797 licam
413 728 659 816 possessionem
674 738 856 811 assecutus,
873 736 1000 795 etcum
1016 730 1090 795 aliis
1104 751 1174 797 non
1198 732 1419 799 obstantibus.
1434 773 1478 783 -
1502 733 1579 799 Fiat
1596 734 1638 800 R.

343 834 422 899 Dat,
436 832 536 899 Avin.
554 834 572 897 8
588 832 655 898 kal.
673 841 757 919 sept.
773 840 807 898 a⁰
824 835 864 898 8⁰.
889 834 960 915 (19,
978 834 1065 917 168).

351 971 655 1058 1783-1784.
1311 997 1315 1003 ·
1356 994 1614 1071 1349,2oa0ot.

341 1090 443 1177 Supp.
453 1089 474 1168 J
476 1093 611 1173 acobus,
621 1112 680 1156 rex
691 1090 941 1173 Majoricarum,
952 1096 1044 1173 quat.
1059 1087 1228 1174 [familiari
1241 1108 1302 1155 suo
1314 1088 1461 1157 Nicolao
1470 1090 1513 1156 de
1526 1090 1662 1157 Hutens

298 1196 330 1261 S.
347 1196 535 1281 SymeoniS,
552 1195 646 1282 cler.]
666 1194 826 1261 Leodien.
842 1193 941 1273 dioc,
964 1193 1006 1258 de
1019 1193 1131 1278 aliquo
1153 1196 1231 1259 ben.
1247 1201 1353 1279 spect.
1370 1194 1413 1260 ad
1429 1195 1505 1261 coll.
1522 1195 1659 1280 capituli

297 1299 329 1363 S.
346 1297 439 1364 Pauli
456 1297 616 1365 Leodien.
632 1298 814 1385 dignemini
831 1297 1017 1383 providere.
1033 1295 1169 1362 -Fiat
1186 1296 1226 1362 R.

341 1443 445 1503 1784.
463 1436 565 1522 Supp.
581 1435 601 1514 J
604 1439 739 1518 acobus,
755 1457 814 1501 rex
831 1436 1083 1521 Majoricarum,
1100 1443 1191 1520 quat.
1219 1434 1411 1522 [capellano
1434 1456 1495 1502 suo
1518 1445 1553 1503 et
1567 1458 1657 1523 mag.

297 1542 426 1626 capelle
451 1560 509 1606 sue
535 1539 671 1627 Egidio]
698 1540 864 1619 Johannis
888 1541 931 1606 de
954 1540 986 1606 S.
1010 1538 1158 1605 Vedasto
1175 1551 1195 1621 ¹,
1213 1538 1431 1606 Cameracen.
1457 1540 1556 1622 dioc,
1583 1560 1658 1606 can.

296 1644 437 1710 ecclesie
453 1642 493 1709 B.
509 1641 560 1709 M.
575 1645 850 1731 AntwerpiensiS,
874 1644 964 1710 dicte
989 1643 1207 1709 Cameracen.
1233 1642 1331 1725 dioc,
1347 1644 1529 1729 dignemini
1556 1665 1659 1711 reser-

296 1751 482 1827 vare3non
498 1749 584 1812 obst.
600 1748 691 1832 quod
707 1748 796 1814 idem
822 1747 958 1832 Egidius
985 1748 1160 1813 ecclesiam
1186 1748 1218 1814 S.
1246 1747 1386 1813 Martini
1410 1749 1452 1815 de
1480 1748 1658 1816 Roffiacho

298 1872 375 1918 cum
391 1852 461 1936 ejus
481 1872 625 1933 annexa,
652 1852 785 1917 Albien.
810 1852 909 1933 dioc,
925 1872 1061 1917 necnon
1076 1872 1178 1917 unam
1194 1852 1229 1917 in
1253 1851 1469 1919 Cameracen.
1497 1862 1531 1919 et
1543 1854 1658 1936 ‚aliam

298 1956 463 2041 capellan.
473 1975 566 2040 perp.
578 1955 613 2020 in
629 1955 766 2041 paroch.
778 1956 820 2021 de
833 1952 1027 2036 Herentals‚
1039 1954 1256 2021 Cameracen.
1271 1954 1369 2036 dioc,
1385 1957 1535 2023 ecclesiis
1550 1958 1658 2039 nosci-

296 2066 351 2123 tur
367 2058 529 2124 obtinere.
550 2096 582 2106 —
604 2058 680 2124 Fiat
696 2058 736 2125 R.

341 2162 417 2228 Dat.
433 2161 532 2227 Avin.
551 2180 569 2246 7
584 2161 651 2229 kal.
667 2171 752 2249 sept.
768 2171 801 2227 a⁰
817 2164 860 2228 8⁰.
878 2163 948 2247 (19,
969 2162 1056 2247 141).

350 2299 490 2382 1785.
1357 2334 1452 2399 1349,
1466 2335 1511 2397 30
1526 2320 1613 2379 αοίιί.

338 2418 440 2505 Supp.
456 2418 666 2483 Godemarus
690 2418 733 2483 de
762 2416 892 2502 Fayno,
921 2417 1130 2482 senescalcus
1154 2416 1342 2498 Bellicadri‚
1366 2424 1457 2502 quat.
1486 2417 1657 2504 [familiari

294 2544 356 2589 suo
372 2521 518 2588 Nicolao
533 2522 576 2588 de
591 2521 741 2601 Jardino,
758 2519 897 2606 clerico]
917 2518 1077 2587 Leodien.
1092 2520 1191 2600 dioc,
1208 2523 1290 2586 ben.
1306 2521 1447 2597 ecclad
1464 2523 1541 2587 coll.
1555 2524 1657 2587 abba·

294 2628 337 2692 tis
352 2636 387 2692 et
402 2627 597 2693 monasterii
613 2625 828 2705 Villariensis,
845 2624 887 2691 Ο.
906 2624 1009 2705 =Cist.,
1025 2625 1116 2691 dicte
1142 2624 1240 2706 dioc,
1265 2624 1447 2709 dignemini
1474 2644 1654 2689 reservare.

292 2772 335 2780 —
352 2729 413 2795 Fia
446 2730 487 2797 R.

336 2740 531 2902 DattAvin.
549 2856 567 2919 3
583 2834 651 2902 kal.
666 2844 751 2921 sept.
770 2843 803 2902 a⁰
820 2838 863 2901 8⁰.
880 2834 951 2918 (19,
972 2836 1075 2919 142').

344 2973 486 3054 1786.
1350 3005 1444 3070 1549,
1458 3004 1504 3068 30
1521 2991 1610 3050 aorlt.

334 3089 422 3175 Sign.
439 3090 471 3155 S.
487 3089 527 3156 V.
554 3088 706 3154 Andreas
732 3088 774 3153 de
791 3087 961 3168 Cadrellis,
986 3088 1169 3153 canonicus
1195 3085 1431 3169 Matisconen.,
1455 3086 1546 3172 quod
1572 3086 1654 3153 olim

292 3193 559 3278 consanguineus
575 3213 652 3258 suus
667 3192 687 3271 J
691 3192 841 3259 ohannes
863 3193 905 3258 de
922 3192 1126 3277 Valornayo‚
1150 3193 1314 3278 capellam
1336 3192 1379 3258 de
1395 3190 1522 3277 Virayo
1537 3194 1655 3257 subtus

290 3298 583 3379 Castrumnovum,
601 3296 826 3363 Matisconen.
842 3296 940 3376 dioc,
957 3309 992 3360 et
1007 3315 1100 3381 perp.
1114 3296 1278 3381 capellan.
1294 3296 1325 3363 S.
1341 3293 1445 3360 Blasii
1461 3294 1495 3360 in
1511 3294 1654 3360 ecclesia

291 3401 529 3482 Matisconen.,
546 3411 580 3467 et
596 3401 768 3486 quondam
785 3399 985 3465 Gnillelmus
999 3398 1042 3463 de
1058 3399 1089 3464 S.
1105 3397 1265 3464 Terverio
1280 3421 1355 3465 can.
1371 3407 1406 3464 et
1421 3398 1533 3464 locum
1544 3399 1653 3464 eccle·

290 3506 338 3570 sie
355 3504 595 3585 Matisconen.,
613 3505 646 3568 in
663 3524 740 3588 qua,
756 3504 836 3569 licet
863 3504 906 3567 sit
929 3510 1039 3567 certus
1060 3503 1297 3568 canonicorum
1321 3523 1488 3585 numerus,
1511 3505 1653 3588 preben-

288 3609 405 3674 darum
435 3617 550 3675 tamen
577 3607 750 3674 distinctio
776 3628 845 3672 non
870 3606 1022 3686 habetur,
1048 3627 1132 3689 quos
1158 3614 1239 3672 tunc
1266 3607 1474 3688 obtinebant,
1501 3625 1652 3691 quosque

288 3713 525 3778 canonicatum
541 3720 576 3777 et
591 3714 714 3792 locum,
732 3712 812 3776 olim
829 3731 901 3776 vac.
917 3730 977 3795 per
993 3712 1047 3775 ob.
1071 3709 1243 3793 quondam
1267 3708 1436 3776 Vincentii
1456 3709 1545 3790 Albi,
1561 3709 1652 3775 idem

288 3814 487 3884 ¹Guillelmus
502 3815 610 3880 fuerat
627 3822 800 3879 assecutus
814 3813 1018 3879 auctoritate
1034 3811 1211 3893 ordinaria,
1235 3812 1382 3878 invicem
1405 3821 1650 3899 permutarunt,

287 3919 443 4004 idemque
459 3916 477 3995 J
481 3917 632 3984 ohannes
648 3937 724 3983 can.
740 3925 774 3982 et
790 3918 903 3982 locum
920 3917 1067 3996 eosdem,
1092 3937 1134 3980 ex
1150 3936 1249 3982 causa
1264 3917 1523 4002 permutationis
1537 3917 1650 4001 hujus-

287 4023 378 4088 modi
394 4023 456 4088 sibi
472 4014 623 4102 collatos,
640 4021 754 4085 extitit
769 4029 952 4100 assecutus,
976 4041 1100 4103 eosque
1115 4020 1264 4106 possedit
1287 4028 1322 4085 et
1337 4015 1487 4104 possidet
1508 4019 1649 4105 pacifice

286 4134 322 4191 et
337 4126 460 4211 quiete.
476 4123 562 4190 Cum
577 4133 691 4190 autem
708 4124 797 4190 idem
813 4123 832 4201 J
836 4124 989 4189 ohannes
1004 4124 1124 4189 timeat
1147 4144 1189 4188 an
1214 4123 1354 4210 predicti
1380 4123 1599 4189 canonicatus
1614 4133 1650 4190 et

286 4231 380 4296 locus
394 4229 484 4295 dicte
502 4227 728 4294 Matisconen.
745 4227 885 4292 ecclesie
909 4236 988 4292 ante
1011 4228 1294 4313 permutationem
1322 4225 1511 4311 huJusmodi
1526 4224 1650 4290 fuerint

286 4333 459 4399 collationi
476 4340 511 4397 et
526 4331 736 4418 dispositioni
754 4331 841 4398 sedis
856 4340 965 4417 apost.
980 4328 1180 4415 generaliter
1202 4332 1257 4395 vel
1273 4329 1463 4416 specialiter
1477 4329 1648 4410 reservati,

286 4457 381 4522 supp.
396 4436 507 4502 dictus
521 4421 684 4517 Andreas,
701 4443 791 4520 quat.
808 4434 918 4500 eidem
945 4433 1096 4512 Johanni
1123 4433 1310 4501 concedere
1336 4427 1524 4517 dignemini
1535 4431 1648 4517 hujus-

285 4540 377 4605 modi
392 4539 676 4626 permutationem
692 4547 726 4604 et
743 4539 960 4604 collationem
976 4559 1016 4603 ac
1031 4537 1270 4624 provisionem,
1286 4537 1402 4623 vigore
1413 4536 1504 4602 dicte
1515 4556 1648 4622 pennu-

287 4643 429 4708 tationis
444 4642 486 4707 de
509 4641 609 4708 dictis
634 4662 707 4708 can.
733 4650 767 4707 et
793 4643 870 4708 loco
896 4641 958 4707 sibi
983 4641 1088 4707 factas
1113 4650 1147 4707 et
1171 4661 1368 4726 quecunque
1393 4639 1470 4706 inde
1496 4647 1648 4724 sequuta,

286 4746 423 4832 perinde
438 4747 551 4810 valere
563 4745 742 4810 decernere
758 4755 793 4810 et
799 4747 934 4831 plenam
944 4745 1069 4810 habere
1080 4747 1209 4812 roboris
1218 4746 1465 4825 finnitatem,ac
1477 4744 1503 4810 si
1516 4743 1557 4809 de
1568 4744 1648 4830 ipsis

319 4921 341 4968 1.
355 4919 416 4967 Voir
427 4933 452 4968 n.
469 4921 538 4966 1579.
