3650 5675
697 614 786 694 1849,
810 613 895 679 11-18
916 629 1005 678 mars.
1480 616 1531 681 411

173 815 224 832 .....
241 765 367 831 dictam
383 766 466 832 eccl.
482 774 630 831 curatam
645 764 688 830 de
703 761 913 848 Landingen,
931 761 1098 830 Morinen.
1115 762 1212 847 dioc,
1228 764 1403 850 providere
1418 765 1532 852 digne-

172 869 266 934 mini.
281 907 324 920 -
340 868 419 934 Fiat
436 868 476 935 R.
683 940 686 944 ,

216 972 297 1038 Dat.
312 971 414 1039 Avin.
429 992 509 1039 non.
526 980 626 1040 mart.
642 978 676 1037 a⁰
692 977 734 1054 7⁰.
752 970 821 1055 (17,
843 972 946 1055 184Y).

226 1108 525 1193 1525-1526.
1174 1045 1177 1052 Ι
1212 1141 1366 1206 134n11
1384 1143 1487 1188 mars.

216 1226 340 1312 Supp...
356 1226 474 1292 Petrus
486 1226 572 1312 Lupi
588 1225 631 1292 de
648 1225 824 1296 Montibus
839 1239 858 1311 ¹,
877 1229 955 1294 cler.
971 1224 1186 1293 Cameracen.
1204 1225 1302 1307 dioc„
1317 1245 1406 1311 mag.
1422 1227 1456 1290 in
1469 1234 1532 1292 art.

173 1330 257 1395 etin
273 1317 856 1412 medicina,nunciusUniversitatis
873 1315 1043 1412 Parisien„
1060 1338 1152 1415 quat.
1169 1329 1273 1410 sibi,...
1289 1329 1374 1415 patri
1392 1336 1427 1395 et
1439 1329 1530 1396 fiatri

172 1433 240 1499 suis
255 1432 403 1518 dictique
418 1433 529 1500 fratris
543 1435 638 1500 uxori
653 1437 789 1522 plenam
806 1437 896 1503 ind...
914 1436 1099 1502 concedere
1114 1432 1307 1519 dignemini.
1323 1472 1365 1484 -
1383 1432 1459 1498 Fiat
1475 1432 1516 1500 R.

218 1535 297 1602 Dat.
312 1537 412 1602 Avin.
430 1555 447 1622 5
464 1536 508 1602 id.
523 1545 621 1604 mart.
638 1546 671 1603 a⁰
687 1546 729 1622 7⁰.
752 1540 820 1624 (17,
841 1537 945 1624 197').

220 1679 322 1742 1526.
338 1675 462 1762 Supp...
477 1673 650 1752 Johannes
673 1674 805 1741 Thome
832 1675 875 1742 de
899 1674 1062 1741 Huesden
1077 1685 1098 1756 ²,
1122 1695 1211 1760 mag.
1236 1674 1270 1739 in
1293 1682 1364 1756 art,
1388 1675 1531 1740 nuncius

173 1777 411 1844 Universitatis
426 1779 646 1866 Parisienpro
660 1779 799 1845 natione
815 1778 1206 1865 Anglicana,Trajecten.
1222 1778 1319 1860 dioc..
1330 1786 1420 1863 quat.
1437 1779 1530 1844 sibi...

171 1882 214 1947 de
226 1881 394 1948 decanatu
410 1882 551 1949 ecclesie
563 1884 639 1949 coll.
655 1882 686 1948 S.
704 1882 844 1949 Martini
859 1883 1094 1965 Ernbricensis,
1107 1882 1197 1948 dicte
1206 1882 1336 1964 dioc.‚...
1348 1881 1529 1968 dignemini

171 1985 346 2071 providere
361 2009 369 2067 ;
386 2006 455 2052 non
472 1989 557 2052 obst.
574 2007 647 2055 can.
664 1999 699 2052 et
714 1987 852 2054 dimidia
873 1988 1045 2074 prebenda
1069 1987 1209 2054 ecclesie
1225 1987 1301 2052 coll.
1317 1986 1348 2052 S.
1367 1984 1415 2052 M.
1436 1987 1530 2072 Ayn-

172 2088 343 2171 curiensis,
358 2087 520 2155 Leodien.
535 2089 632 2171 dioc,
650 2111 790 2175 quorum
805 2090 1051 2177 possessionem
1067 2090 1217 2157 nondum
1233 2098 1284 2155 est
1299 2088 1471 2176 adeptus...
1494 2127 1525 2138 -

173 2191 251 2258 Fiat
267 2191 307 2259 R.

228 2328 522 2413 1527-1528.
1213 2364 1365 2429 134n13
1384 2366 1486 2410 mars.

216 2449 317 2535 Supp.
333 2447 353 2526 J
356 2449 507 2514 ohannes
522 2447 564 2513 de
580 2435 777 2513 Wamerrua
792 2457 813 2528 ³,
842 2447 875 2512 in
889 2467 983 2514 sacra
999 2447 1170 2532 theologia
1196 2447 1324 2530 doctor,
1352 2456 1444 2532 quat.
1468 2446 1529 2513 sibi

170 2553 214 2620 de
243 2573 319 2619 can.
349 2561 385 2617 et
413 2556 506 2639 preb.
537 2553 678 2618 ecclesie
708 2543 898 2633 B'elvacen„
929 2547 962 2616 in
987 2572 1053 2636 qua
1083 2543 1194 2617 nullus
1220 2553 1340 2618 doctor
1369 2553 1403 2616 in
1434 2553 1529 2619 theo-

172 2657 261 2741 logia
276 2664 328 2722 est
342 2656 446 2722 modo
461 2656 697 2743 prebendatus‚
713 2676 785 2721 vac.
804 2655 895 2740 apud
921 2655 1035 2720 sedem
1061 2663 1169 2740 apost.
1195 2674 1255 2740 per
1279 2656 1529 2740 promotionem

171 2759 211 2826 R.
229 2759 266 2826 P.
284 2759 326 2824 D.
343 2757 510 2836 Johannis
524 2760 566 2826 de
582 2759 726 2825 Pistorio
740 2771 751 2803 ⁴
766 2760 800 2824 ln
816 2759 1012 2846 episcopum
1026 2757 1213 2824 Triderrtin.
1229 2759 1329 2825 electi
1361 2767 1396 2824 et
1412 2779 1530 2824 conse·

171 2865 263 2945 crati,
280 2863 391 2929 eidem
406 2863 552 2942 Johanni
569 2884 646 2930 cum
675 2865 830 2929 omnibus
841 2864 969 2948 juribus
992 2870 1027 2929 et
1041 2863 1251 2949 pertinentiis
1267 2862 1333 2929 suis
1347 2863 1529 2949 dignemini

169 2968 357 3055 providere,
374 2989 451 3034 cum
466 2968 675 3050 inhibitione,
699 2967 934 3047 reservatione,
950 2967 1087 3032 decreto
1113 2975 1147 3031 et
1174 2967 1320 3033 clausula
1344 2966 1500 3032 anteferri
1520 2988 1528 3046 ;

169 3094 239 3139 non
255 3076 341 3139 obst.
358 3073 448 3158 quod
463 3074 553 3139 idem
581 3072 754 3151 Johannes
769 3072 970 3138 decanatum
986 3092 1026 3137 ac
1042 3091 1116 3138 can.
1142 3078 1177 3137 et
1204 3073 1295 3158 preb.
1322 3072 1356 3136 in
1381 3070 1412 3137 S.
1440 3070 1529 3137 Petri

172 3175 385 3259 Casletensis,
409 3174 576 3242 Morinen.
592 3177 690 3257 dioc,
706 3184 742 3241 et
758 3196 831 3242 can.
856 3178 917 3241 sub
944 3195 1019 3261 exp.
1044 3177 1136 3260 preb.
1160 3176 1194 3239 in
1220 3175 1250 3241 S.
1275 3176 1458 3242 Audomari
1485 3176 1528 3240 de

172 3279 206 3345 S.
221 3279 424 3361 Audomaro,
441 3280 531 3345 dicte
548 3277 715 3345 Morinen.
731 3280 829 3361 dioc„
846 3299 978 3345 necnon
1002 3298 1074 3344 can.
1091 3281 1151 3344 sub
1168 3299 1243 3364 exp.
1259 3282 1351 3364 preb.
1367 3286 1402 3345 et
1423 3280 1527 3365 digni·

169 3384 251 3450 tatis
265 3384 300 3449 in
316 3384 532 3450 Cameracen.
548 3382 697 3448 ecclesiis
712 3382 860 3448 noscitur
880 3382 1041 3464 obtinere,
1055 3402 1134 3448 cum
1161 3382 1281 3448 ceteris
1296 3404 1364 3449 non
1391 3384 1477 3451 obst.
1493 3392 1528 3450 et

171 3488 328 3553 clausulis
342 3487 526 3574 oportunis.
541 3525 585 3536 —
601 3485 677 3552 Fiat
694 3484 734 3552 R.

217 3627 320 3692 1528.
344 3624 433 3692 Item
459 3646 554 3711 supp.
578 3624 689 3691 eidem
713 3624 745 3689 S.
770 3622 810 3689 V.
835 3632 916 3708 quat
942 3624 1004 3691 sibi
1022 3645 1155 3692 necnon
1182 3624 1331 3703 Johanni
1347 3625 1389 3691 de
1421 3623 1528 3704 Mota,

171 3729 280 3811 militi,
312 3729 493 3796 Guillelmo
516 3729 587 3814 ejus
612 3728 715 3810 fiatri,
742 3728 904 3813 magistro
931 3728 1112 3795 Guillelmo
1138 3728 1181 3795 de
1206 3728 1373 3810 Mesnilio,
1400 3727 1531 3806 Jacobo

171 3833 293 3915 David,
310 3833 474 3899 canonico
500 3832 533 3898 S.
558 3832 753 3915 Audomari,
781 3831 930 3910 Johanni
956 3831 998 3897 de
1014 3830 1143 3912 Bohen,
1162 3833 1325 3899 canonico
1351 3831 1530 3915 Morinen.,

170 3937 330 4023 magistro
345 3937 447 4003 Petro
463 3935 505 4002 de
521 3936 689 4003 Gandavo
702 3945 725 4019 ⁵,
741 3935 761 4014 J
764 3939 873 4003 acobo
887 3936 930 4003 de
945 3935 1175 4019 Werdresque,
1196 3935 1357 4002 Katerine
1382 3936 1424 4002 de
1451 3935 1531 4003 Cor-

170 4048 277 4121 morn,
301 4040 426 4125 Agneti
452 4040 495 4106 de
520 4039 625 4127 Hupi,
652 4042 777 4126 Agneti
804 4040 852 4105 Le
879 4041 1016 4119 Tousse,
1042 4047 1076 4104 et
1101 4038 1293 4105 Petronille.
1310 4038 1465 4121 Gredine,
1491 4061 1530 4106 ac

171 4164 286 4209 eorum
303 4144 440 4210 cuilibet
456 4145 641 4210 concedere
664 4144 847 4230 dignemini
873 4145 1010 4231 plenam
1026 4141 1268 4227 indulgentiam
1287 4144 1436 4211 omnium
1452 4165 1530 4230 pec·

171 4254 324 4313 catorum
340 4267 475 4313 suorum
491 4248 578 4313 utin
595 4247 711 4314 forma.
726 4289 770 4298 -
787 4247 864 4314 Fiat
881 4247 921 4314 R.

214 4351 294 4417 Dat.
310 4352 409 4418 Avin.
427 4370 445 4436 3
462 4350 507 4418 id.
523 4359 620 4419 mart.
636 4359 670 4417 a⁰
687 4358 729 4437 7⁰.
745 4354 815 4438 (17,
832 4353 934 4439 196¹).

205 4534 227 4583 l.
239 4533 325 4582 Pierre
336 4534 373 4583 Le
385 4535 444 4593 Len,
463 4534 542 4584 d’nne
552 4535 650 4584 fumille
658 4533 847 4585 echerinulede
858 4534 934 4583 Mons
942 4536 987 4596 (cl.
1001 4535 1133 4593 Devillers,
1151 4533 1250 4583 Cartul.
1262 4534 1305 4582 des
1322 4536 1409 4583 constan
1420 4534 1451 4582 de
1463 4535 1528 4583 Hui-

171 4610 240 4666 aaa,
252 4606 297 4666 Vl,
318 4609 385 4664 8803
406 4608 513 4667 Denifle,
530 4608 652 4669 annul„
666 4609 701 4669 ΙΙ,
723 4611 777 4666 617,
794 4608 909 4670 680).-
925 4612 947 4658 2.
960 4608 1022 4657 Voir
1040 4608 1144 4667 Denille,
1161 4608 1284 4668 claritat,
1304 4608 1338 4669 11,
1358 4610 1412 4667 618,
1431 4610 1487 4659 urb.
1498 4637 1529 4645 —

170 4682 194 4729 3.
206 4679 268 4728 Voir
277 4696 303 4730 n.
321 4683 392 4731 1511.
403 4710 436 4720 -
448 4684 471 4730 1.
482 4681 548 4731 dean
559 4682 592 4732 de
603 4682 703 4741 Pistoie,
716 4682 829 4731 familiar
847 4682 883 4730 du
899 4696 966 4747 pape
982 4687 1009 4733 et
1026 4682 1194 4744 rdgistruteur
1203 4682 1248 4731 des
1260 4682 1349 4743 balles,
1362 4682 1487 4732 chenoine
1498 4682 1530 4731 dc

171 4753 325 4816 Hougeerdc
336 4756 405 4817 (voit
415 4770 440 4806 n.
455 4758 508 4816 171,
522 4756 589 4818 191),
602 4756 663 4805 cure
673 4757 706 4806 de
718 4756 824 4804 Murcou
836 4757 875 4819 (n.
887 4758 956 4819 300),
968 4757 1094 4806 chanoine
1110 4755 1142 4805 de
1161 4756 1287 4815 Cambari,
1300 4756 1333 4805 de
1350 4756 1480 4816 Beeuveis,
1498 4756 1530 4805 dc

171 4829 198 4877 S.
210 4828 325 4878 Eenveur
335 4833 363 4877 et
373 4830 406 4878 de
424 4830 449 4879 8.
460 4830 527 4879 Jeun
543 4832 560 4878 9
575 4830 683 4879 Utrecht
695 4830 733 4892 (n.
745 4831 813 4892 569),
826 4829 910 4892 doyen
925 4830 956 4879 de
973 4832 997 4879 8.
1011 4831 1153 4879 Seuvenrrt
1165 4830 1280 4889 Utreelrt,
1294 4832 1381 4892 prieur
1390 4830 1422 4878 de
1436 4830 1459 4878 8.
1471 4830 1529 4879 Jec-

170 4915 234 4963 quee
250 4903 265 4951 rl
278 4902 403 4952 Florenee
415 4908 451 4960 (n.
461 4906 524 4952 1189
536 4904 589 4962 301.
601 4902 718 4965 Berliere,
731 4904 829 4954 Iacent.
840 4904 947 4968 aaalyt,
959 4920 985 4953 n.
1000 4906 1066 4966 189).
1079 4904 1103 4953 Il
1119 4904 1162 4953 fut
1172 4902 1274 4952 nomme
1285 4903 1382 4965 cneque
1393 4904 1425 4953 de
1437 4904 1529 4955 Trente

171 4977 196 5026 le
210 4976 241 5024 2⁷
256 4978 362 5027 octobre
376 4978 439 5027 1318
456 4978 562 5039 (llnbel,
575 4975 595 5038 Ι,
607 4981 674 5038 8251,
687 4976 785 5040 erisque
795 4978 828 5027 de
840 4976 949 5041 Spolcte,
962 4978 985 5028 le
997 4980 1028 5027 23
1039 4979 1143 5027 octobre
1156 4979 1218 5028 1849
1229 4978 1287 5041 (ib,
1305 4978 1373 5040 185),
1386 4982 1412 5027 et
1424 4984 1527 5026 mourut

170 5054 252 5100 avent
268 5051 292 5100 le
304 5052 336 5099 10
346 5048 441 5099 ferrier
453 5052 512 5100 1871
529 5052 545 5113 (
545 5050 578 5100 18.
579 5053 606 5114 ).
616 5078 648 5090 —
660 5056 683 5101 5.
694 5052 757 5100 vair
767 5067 793 5102 n.
807 5055 861 5102 154.
1308 5088 1312 5097 .
1393 5088 1397 5095 .
