3650 5675
759 460 845 533 1342,
868 460 948 524 11-12
968 462 1042 524 nott
1255 461 1259 469 '
1540 466 1582 531 29

271 606 380 688 143,
761 615 765 623 '
1273 644 1368 706 1342,
1385 645 1426 691 η
1448 632 1537 693 aodt.

261 723 361 810 Supp.
386 722 568 810 Philippus
584 743 642 787 rex
668 722 820 803 Francie,
836 731 927 808 quat
955 722 1087 801 Jacobo
1113 724 1206 791 dicto
1233 725 1374 807 Storem,
1396 727 1580 798 Tomacen.

216 826 302 891 dioc.
329 826 415 905 cler,
441 826 475 891 in
499 835 560 891 art.
588 826 731 892 Parisios
756 827 820 907 lic,
836 827 880 892 de
907 848 980 893 can.
1005 831 1066 892 sub
1090 848 1164 913 exp.
1189 831 1280 913 preb.
1296 832 1376 895 eccl.
1392 831 1579 902 Tomacen.

216 930 399 1014 dignemini
415 930 601 1015 providere.
619 967 650 979 -
666 930 695 994 F
696 930 746 996 iat
757 931 797 996 R.

261 1032 339 1098 Dat.
357 1054 408 1119 ap.
425 1033 676 1100 Villamnovam
701 1033 777 1117 3id.
793 1054 866 1118 aug.
884 1044 917 1099 a⁰
938 1042 974 1099 1⁰.
990 1034 1033 1117 (I,
1054 1037 1153 1119 116').

271 1179 378 1259 144.
1278 1215 1373 1279 1342,
1391 1219 1431 1264 rr
1448 1206 1536 1265 aoztt.

262 1300 359 1385 Supp.
378 1297 591 1381 Reginaldus,
608 1298 694 1362 lilius
710 1298 879 1382 quondam
891 1295 1005 1383 Helye
1018 1297 1061 1362 de
1077 1297 1106 1363 S.
1122 1296 1257 1362 Asterio
1272 1299 1396 1383 militis,
1414 1312 1503 1387 quat.
1519 1304 1579 1369 sibi

217 1404 462 1489 preposituram
485 1400 528 1466 de
543 1401 572 1465 S.
591 1401 738 1487 Espano,
755 1423 827 1467 can.
844 1410 879 1466 et
890 1405 983 1487 preb.
999 1400 1034 1465 in
1058 1403 1139 1467 eccl.
1154 1400 1334 1485 Toronen,
1358 1426 1423 1489 que
1444 1408 1580 1493 quidem

218 1528 338 1572 vacare
353 1514 529 1593 sperantur
543 1526 603 1591 per
615 1506 903 1572 consecrationem
919 1505 1010 1570 dom.
1027 1504 1062 1569 N
1064 1506 1176 1571 icolini
1186 1507 1229 1572 de
1242 1506 1371 1589 Canali,
1387 1510 1488 1576 electi
1503 1511 1580 1576 Per-

215 1612 383 1695 gamensis
407 1627 426 1690 ¹,
452 1610 601 1675 consenc
625 1610 817 1695 dignemini,
840 1630 909 1675 non
934 1612 1018 1675 obst
1043 1608 1134 1692 quod
1161 1610 1194 1673 in
1219 1608 1377 1677 Leodien.
1401 1616 1481 1681 eccl.
1505 1638 1579 1682 can.

217 1715 440 1801 prebendatus
455 1714 578 1779 existat
593 1722 628 1779 et
640 1714 990 1799 archipresbiteratum
1002 1712 1045 1778 de
1060 1711 1249 1795 Jamhiaco,
1260 1712 1472 1783 Xanctonen.
1483 1719 1579 1799 dioc,

216 1818 383 1902 [obtinere
404 1816 575 1900 noscitur]
591 1857 634 1866 -
651 1816 728 1881 Fiat
745 1816 782 1881 R.

261 1924 339 1988 Dat
356 1943 408 2008 ap.
424 1922 674 1987 Villamnovam
700 1944 716 2005 3
734 1921 777 1987 id.
795 1943 867 2006 aug.
884 1930 919 1988 a⁰
946 1930 985 1987 1⁰.
998 1921 1040 2005 (l,
1062 1923 1143 2006 124).

271 2069 509 2156 145-146.
1277 2104 1373 2167 1342,
1389 2106 1430 2149 12
1446 2091 1535 2149 com.

260 2190 360 2276 Supp.
377 2209 491 2255 comes
507 2186 672 2252 Blesensis
688 2196 777 2271 quat.
798 2190 872 2272 [suo
897 2188 1076 2254 secretario
1101 2187 1282 2252 Guillelmo
1297 2188 1340 2253 de
1360 2188 1579 2273 Wadn'nghe-

217 2294 283 2359 hen
306 2294 358 2359 lic.
381 2294 415 2357 in
431 2300 503 2374 art,
520 2293 612 2375 cler]
633 2291 820 2357 Tomacen.
844 2292 941 2373 dioc,
958 2293 1101 2377 gratiam
1118 2293 1242 2358 adom
1260 2291 1489 2377 B(enedicto),
1505 2314 1579 2379 pre-

215 2399 390 2464 decessore
400 2396 683 2481 vestr0,[factam]
694 2396 737 2461 de
750 2417 821 2462 can.
834 2398 914 2463 eccl.
925 2396 968 2462 de
980 2396 1121 2463 Vestino
1132 2400 1192 2462 sub
1205 2419 1278 2483 exp.
1288 2400 1390 2483 preb,
1398 2395 1578 2463 Bituricen.

215 2502 312 2584 dioc,
328 2522 431 2586 quam
448 2500 531 2566 eccl.
547 2498 629 2565 dicti
645 2500 777 2565 comitis
792 2501 1021 2587 progenitores
1036 2500 1269 2581 fundaverunt,
1286 2498 1468 2585 dignemini
1483 2522 1579 2567 reno-

216 2626 304 2671 vare.
327 2645 368 2656 -
387 2604 465 2670 Fiat
481 2603 520 2669 R

262 2758 340 2818 146.
366 2750 454 2815 Item
469 2769 561 2835 supp.
579 2749 667 2815 idem
693 2770 806 2815 coines
831 2757 924 2833 quat.
949 2752 1036 2834 [cap.
1051 2769 1113 2815 suo
1128 2748 1310 2814 Guillelmo
1325 2748 1456 2834 Ligerii,
1474 2750 1578 2817 Mori-

217 2876 292 2920 nen.
307 2857 403 2938 dioc,
418 2860 538 2942 presb,
563 2876 634 2921 can.
659 2854 867 2940 prebendato
882 2853 917 2918 in
933 2855 1006 2920 coll.
1034 2855 1116 2920 eccl.
1138 2853 1174 2918 Β.
1201 2852 1333 2919 Mathei
1350 2854 1576 2937 Folliacensis,

217 2961 414 3026 ,ambianen
439 2960 536 3042 dioc,
564 2960 606 3025 de
636 2972 707 3025 can.
734 2967 770 3024 et
795 2961 884 3045 preb.
917 2979 989 3024 vac.
1012 2959 1068 3023 vel
1093 2967 1206 3025 vacat.
1236 2959 1271 3024 in
1294 2959 1377 3025 eccl.
1409 2957 1575 3025 Morinen.

213 3063 395 3148 dignemini
419 3065 604 3150 providere,
631 3085 699 3130 non
731 3067 813 3129 obst.
845 3063 935 3148 quod
958 3063 1069 3129 dictos
1093 3084 1166 3129 can.
1198 3073 1233 3129 et
1262 3067 1351 3149 preb.
1383 3063 1419 3130 B.
1452 3063 1576 3130 Mattei

215 3167 362 3232 noscitur
373 3167 532 3233 obtinere.
544 3207 587 3218 -
598 3166 675 3233 Fiat
686 3169 720 3232 in
733 3166 812 3232 ecel.
826 3167 857 3231 S.
866 3165 1050 3233 Oudomari
1062 3167 1106 3233 de
1118 3166 1255 3248 Lileriis,
1265 3165 1522 3233 Morinendioc.
1535 3167 1575 3233 R.

259 3269 336 3334 Dat.
353 3292 405 3356 ap.
422 3269 672 3338 villamnovam
689 3293 705 3335 2
723 3270 766 3335 id.
784 3291 855 3354 aug.
873 3278 906 3336 a⁰
926 3279 963 3336 1⁰.
979 3271 1022 3354 (I,
1043 3292 1079 3336 12
1085 3274 1126 3355 5).

268 3417 374 3497 147.
1275 3451 1370 3514 1342,
1388 3453 1428 3497 12
1445 3438 1532 3498 aodt.

258 3533 346 3619 Sign.
362 3533 475 3599 Guido
490 3533 533 3598 de
549 3532 762 3615 Castellione,
780 3553 894 3600 comes
910 3533 1077 3598 Blesensis
1104 3532 1325 3618 dominusque
1348 3535 1471 3618 Guisie,
1488 3536 1579 3621 quod

215 3637 305 3720 olim,
321 3637 401 3702 dum
418 3639 518 3702 eratis
534 3637 722 3717 cardinalis
746 3638 857 3718 vobis,
869 3637 913 3702 ad
929 3657 1045 3723 preces
1060 3637 1173 3723 ipsius,
1189 3638 1474 3724 dispensationem
1501 3642 1578 3705 cler.

216 3741 265 3805 sui
281 3741 449 3806 secretarii
474 3741 644 3806 Guillelmi
660 3741 702 3806 de
718 3739 1013 3826 Wadringhehem,
1038 3742 1071 3806 in
1098 3751 1160 3807 art.
1185 3742 1248 3822 lic,
1271 3741 1459 3809 Tomacen.
1479 3743 1578 3823 dioc,

215 3844 306 3928 quod
320 3865 389 3909 non
406 3849 492 3911 obst.
509 3845 672 3910 natalium
695 3843 839 3925 defectu,
860 3865 961 3928 quem
985 3846 1112 3931 patitur
1134 3846 1177 3910 de
1192 3847 1301 3931 presb.
1316 3864 1391 3928 gen.
1407 3850 1443 3908 et
1456 3844 1577 3923 soluta,

218 3957 332 4033 posset
348 3948 392 4014 ad
408 3969 521 4014 sacros
537 3948 669 4013 ordines
696 3947 884 4033 promoveri
901 3956 937 4012 et
958 3951 1034 4014 ben.
1051 3949 1144 4028 eccl,
1161 3947 1292 4012 etiamsi
1309 3965 1423 4011 curam
1438 3945 1578 4012 haberet

215 4052 413 4133 animarum,
430 4051 613 4117 obtinere...
631 4051 759 4137 placuit
775 4053 965 4136 impetrare.
978 4051 1064 4117 Cum
1080 4060 1195 4116 autem
1211 4050 1320 4116 dictus
1336 4049 1474 4114 clericus
1489 4050 1577 4116 adeo

216 4155 404 4220 inscientia
421 4163 456 4219 et
472 4154 628 4235 moribus,
635 4154 748 4220 divina
765 4154 900 4219 favente
916 4155 1034 4239 gratia,
1047 4153 1224 4240 profecerit
1240 4153 1330 4237 quod
1345 4152 1460 4218 favore
1475 4154 1576 4219 virtu-

215 4269 286 4322 tum
301 4279 371 4324 non
387 4258 498 4324 solum
513 4257 657 4323 redemit
671 4257 762 4340 quod
778 4258 912 4341 originis
927 4259 1035 4344 pudor
1050 4257 1187 4338 ademit,
1210 4256 1269 4322 sed
1283 4257 1386 4322 etiam
1407 4278 1443 4322 se
1458 4259 1577 4343 majori

213 4369 248 4426 et
264 4362 378 4447 ampla
394 4361 505 4446 gratia
520 4360 657 4445 dignum
673 4360 838 4441 reddidit;
856 4371 890 4426 et
903 4360 994 4426 dicte
1020 4361 1288 4448 dispensationis,
1304 4381 1366 4447 pro
1388 4362 1460 4428 solo
1475 4365 1576 4428 bene-

213 4464 301 4545 ficio,
318 4473 629 4548 quantumcumque
655 4464 749 4549 parvi
767 4463 851 4530 foret
867 4464 998 4545 valoris,
1015 4464 1149 4548 siquod
1166 4464 1295 4530 dictum
1314 4467 1471 4531 clericum
1497 4488 1576 4532 con-

213 4567 358 4653 tingeret
373 4571 564 4653 acceptare,
581 4568 675 4652 vigor
690 4569 857 4653 expiraret
873 4591 881 4649 ;
898 4590 960 4656 pro
979 4589 1046 4653 qua
1072 4567 1209 4653 quidem
1224 4569 1473 4655 dispensatione
1489 4572 1575 4637 obti-

212 4672 325 4738 nenda
341 4681 375 4738 et
391 4672 439 4737 sui
455 4672 645 4759 provisione
661 4672 872 4758 reportanda,
884 4675 1008 4759 septies
1016 4673 1172 4740 veniendi
1185 4672 1229 4741 ad
1245 4675 1370 4742 curiam
1383 4675 1574 4742 Romanam

247 4886 269 4934 1.
283 4885 348 4934 Voir
358 4893 386 4935 τιο
395 4887 434 4938 88.
