<?xml version="1.0" encoding="UTF-8"?>
<!DOCTYPE html PUBLIC "-//W3C//DTD XHTML 1.0 Transitional//EN"
    "http://www.w3.org/TR/xhtml1/DTD/xhtml1-transitional.dtd">
<html xmlns="http://www.w3.org/1999/xhtml" xml:lang="en" lang="en">
 <head>
  <title>
</title>
<meta http-equiv="Content-Type" content="text/html;charset=utf-8" />
  <meta name='ocr-system' content='tesseract 3.04.00' />
  <meta name='ocr-capabilities' content='ocr_page ocr_carea ocr_par ocr_line ocrx_word'/>
</head>
<body>
  <div class='ocr_page' id='page_1' title='image "./suppliquesdeclm00berlgoog_0579.png"; bbox 0 0 3650 5675; ppageno 0'>
   <div class='ocr_carea' id='block_1_1' title="bbox 272 496 1097 571">
    <p class='ocr_par' dir='ltr' id='par_1_1' title="bbox 272 496 1097 571">
     <span class='ocr_line' id='line_1_1' title="bbox 272 496 1097 571; baseline 0.004 -11"><span class='ocrx_word' id='word_1_1' title='bbox 272 496 333 560; x_wconf 78' lang='lat'><strong>534</strong></span> <span class='ocrx_word' id='word_1_2' title='bbox 802 497 889 571; x_wconf 81' lang='lat'><strong>1350,</strong></span> <span class='ocrx_word' id='word_1_3' title='bbox 912 497 997 562; x_wconf 80' lang='lat'><strong>18-19</strong></span> <span class='ocrx_word' id='word_1_4' title='bbox 1018 502 1097 563; x_wconf 79' lang='grc'><strong>1011.</strong></span> 
     </span>
    </p>
   </div>
   <div class='ocr_carea' id='block_1_2' title="bbox 209 644 1632 1782">
    <p class='ocr_par' dir='ltr' id='par_1_2' title="bbox 323 644 1588 744">
     <span class='ocr_line' id='line_1_2' title="bbox 323 644 1588 744; baseline 0 -17"><span class='ocrx_word' id='word_1_5' title='bbox 323 644 473 728; x_wconf 86' lang='grc'><strong>2049.</strong></span> <span class='ocrx_word' id='word_1_6' title='bbox 1329 680 1423 744; x_wconf 73' lang='grc'><strong>1350,</strong></span> <span class='ocrx_word' id='word_1_7' title='bbox 1442 665 1588 727; x_wconf 74' lang='grc'><strong>180011.</strong></span> 
     </span>
    </p>

    <p class='ocr_par' dir='ltr' id='par_1_3' title="bbox 271 762 1632 1055">
     <span class='ocr_line' id='line_1_3' title="bbox 315 762 1632 851; baseline 0.005 -22"><span class='ocrx_word' id='word_1_8' title='bbox 315 766 417 850; x_wconf 87' lang='lat' dir='ltr'><strong>Supp.</strong></span> <span class='ocrx_word' id='word_1_9' title='bbox 441 764 460 842; x_wconf 93' lang='lat' dir='ltr'>J</span> <span class='ocrx_word' id='word_1_10' title='bbox 464 765 623 843; x_wconf 91' lang='lat' dir='ltr'><strong>ohannes,</strong></span> <span class='ocrx_word' id='word_1_11' title='bbox 640 762 816 848; x_wconf 90' lang='lat' dir='ltr'><strong>episcopus</strong></span> <span class='ocrx_word' id='word_1_12' title='bbox 845 763 1058 849; x_wconf 89' lang='lat' dir='ltr'><strong>Mirapiscen.</strong></span> <span class='ocrx_word' id='word_1_13' title='bbox 1072 775 1091 844; x_wconf 84' lang='lat'><strong>¹,</strong></span> <span class='ocrx_word' id='word_1_14' title='bbox 1112 773 1203 849; x_wconf 73' lang='lat' dir='ltr'><strong>quat„</strong></span> <span class='ocrx_word' id='word_1_15' title='bbox 1233 764 1308 851; x_wconf 87' lang='lat' dir='ltr'><strong>[suo</strong></span> <span class='ocrx_word' id='word_1_16' title='bbox 1324 766 1477 834; x_wconf 85' lang='lat' dir='ltr'><strong>familiari</strong></span> <span class='ocrx_word' id='word_1_17' title='bbox 1494 768 1632 836; x_wconf 88' lang='lat' dir='ltr'><strong>Galtero</strong></span> 
     </span>
     <span class='ocr_line' id='line_1_4' title="bbox 271 865 1631 958; baseline 0.004 -27"><span class='ocrx_word' id='word_1_18' title='bbox 271 867 528 948; x_wconf 88' lang='lat' dir='ltr'><strong>Vandenhorke,</strong></span> <span class='ocrx_word' id='word_1_19' title='bbox 554 866 689 949; x_wconf 85' lang='lat' dir='ltr'><strong>clerico]</strong></span> <span class='ocrx_word' id='word_1_20' title='bbox 720 865 887 933; x_wconf 88' lang='lat' dir='ltr'><strong>Morinen.</strong></span> <span class='ocrx_word' id='word_1_21' title='bbox 912 868 1010 948; x_wconf 78' lang='lat' dir='ltr'><strong>dioc,</strong></span> <span class='ocrx_word' id='word_1_22' title='bbox 1037 868 1080 933; x_wconf 90' lang='lat' dir='ltr'><strong>de</strong></span> <span class='ocrx_word' id='word_1_23' title='bbox 1104 871 1181 935; x_wconf 90' lang='lat' dir='ltr'><strong>ben.</strong></span> <span class='ocrx_word' id='word_1_24' title='bbox 1208 870 1289 935; x_wconf 89' lang='lat' dir='ltr'><strong>eccl.</strong></span> <span class='ocrx_word' id='word_1_25' title='bbox 1317 869 1361 935; x_wconf 88' lang='lat' dir='ltr'><strong>ad</strong></span> <span class='ocrx_word' id='word_1_26' title='bbox 1383 872 1459 937; x_wconf 90' lang='lat' dir='ltr'><strong>coll.</strong></span> <span class='ocrx_word' id='word_1_27' title='bbox 1483 873 1631 958; x_wconf 84' lang='lat' dir='ltr'><strong>episcopi</strong></span> 
     </span>
     <span class='ocr_line' id='line_1_5' title="bbox 273 970 1079 1055; baseline 0 -18"><span class='ocrx_word' id='word_1_28' title='bbox 273 971 438 1038; x_wconf 88' lang='lat' dir='ltr'><strong>Morinen.</strong></span> <span class='ocrx_word' id='word_1_29' title='bbox 460 970 642 1055; x_wconf 85' lang='lat' dir='ltr'><strong>dignemini</strong></span> <span class='ocrx_word' id='word_1_30' title='bbox 666 970 850 1055; x_wconf 89' lang='lat' dir='ltr'><strong>providere.</strong></span> <span class='ocrx_word' id='word_1_31' title='bbox 874 1011 913 1021; x_wconf 89' lang='lat'><em>-</em></span> <span class='ocrx_word' id='word_1_32' title='bbox 938 970 1016 1037; x_wconf 87' lang='lat' dir='ltr'><strong>Fiat</strong></span> <span class='ocrx_word' id='word_1_33' title='bbox 1039 971 1079 1037; x_wconf 90' lang='lat' dir='ltr'><strong>R.</strong></span> 
     </span>
    </p>

    <p class='ocr_par' dir='ltr' id='par_1_4' title="bbox 268 1072 1632 1452">
     <span class='ocr_line' id='line_1_6' title="bbox 315 1072 1632 1159; baseline 0.003 -19"><span class='ocrx_word' id='word_1_34' title='bbox 315 1074 402 1140; x_wconf 87' lang='lat' dir='ltr'><strong>Item</strong></span> <span class='ocrx_word' id='word_1_35' title='bbox 429 1082 520 1159; x_wconf 87' lang='lat' dir='ltr'><strong>quat.</strong></span> <span class='ocrx_word' id='word_1_36' title='bbox 548 1072 701 1139; x_wconf 82' lang='lat' dir='ltr'><strong>familiari</strong></span> <span class='ocrx_word' id='word_1_37' title='bbox 729 1096 789 1139; x_wconf 92' lang='lat' dir='ltr'><strong>suo</strong></span> <span class='ocrx_word' id='word_1_38' title='bbox 817 1074 989 1142; x_wconf 81' lang='lat' dir='ltr'><strong>Everardo</strong></span> <span class='ocrx_word' id='word_1_39' title='bbox 1013 1074 1147 1141; x_wconf 83' lang='lat' dir='ltr'><strong>Nicolai</strong></span> <span class='ocrx_word' id='word_1_40' title='bbox 1163 1076 1206 1141; x_wconf 94' lang='lat' dir='ltr'><strong>de</strong></span> <span class='ocrx_word' id='word_1_41' title='bbox 1223 1074 1389 1157; x_wconf 89' lang='lat' dir='ltr'><strong>Marrillis,</strong></span> <span class='ocrx_word' id='word_1_42' title='bbox 1407 1078 1632 1144; x_wconf 75' lang='grc'><strong>6161100160-</strong></span> 
     </span>
     <span class='ocr_line' id='line_1_7' title="bbox 268 1177 1632 1267; baseline 0.004 -24"><span class='ocrx_word' id='word_1_43' title='bbox 268 1178 345 1243; x_wconf 91' lang='lat' dir='ltr'><strong>dien</strong></span> <span class='ocrx_word' id='word_1_44' title='bbox 361 1178 459 1259; x_wconf 75' lang='lat' dir='ltr'><strong>dioc,</strong></span> <span class='ocrx_word' id='word_1_45' title='bbox 476 1177 519 1243; x_wconf 87' lang='lat' dir='ltr'><strong>ad</strong></span> <span class='ocrx_word' id='word_1_46' title='bbox 535 1177 610 1242; x_wconf 93' lang='lat' dir='ltr'><strong>coll.</strong></span> <span class='ocrx_word' id='word_1_47' title='bbox 627 1178 821 1243; x_wconf 89' lang='lat' dir='ltr'><strong>monasterii</strong></span> <span class='ocrx_word' id='word_1_48' title='bbox 839 1178 1044 1244; x_wconf 90' lang='lat' dir='ltr'><strong>S.Trudonis</strong></span> <span class='ocrx_word' id='word_1_49' title='bbox 1058 1180 1102 1244; x_wconf 89' lang='lat' dir='ltr'><strong>de</strong></span> <span class='ocrx_word' id='word_1_50' title='bbox 1118 1180 1149 1245; x_wconf 85' lang='lat' dir='ltr'><strong>S.</strong></span> <span class='ocrx_word' id='word_1_51' title='bbox 1162 1179 1320 1246; x_wconf 88' lang='lat' dir='ltr'><strong>Trudone</strong></span> <span class='ocrx_word' id='word_1_52' title='bbox 1328 1203 1337 1260; x_wconf 88' lang='lat'>;</span> <span class='ocrx_word' id='word_1_53' title='bbox 1355 1202 1422 1246; x_wconf 94' lang='lat' dir='ltr'><strong>non</strong></span> <span class='ocrx_word' id='word_1_54' title='bbox 1439 1186 1525 1248; x_wconf 91' lang='lat' dir='ltr'><strong>obst.</strong></span> <span class='ocrx_word' id='word_1_55' title='bbox 1542 1184 1632 1267; x_wconf 92' lang='lat' dir='ltr'><strong>quod</strong></span> 
     </span>
     <span class='ocr_line' id='line_1_8' title="bbox 268 1281 1631 1370; baseline 0.002 -23"><span class='ocrx_word' id='word_1_56' title='bbox 268 1282 357 1348; x_wconf 90' lang='lat' dir='ltr'><strong>idem</strong></span> <span class='ocrx_word' id='word_1_57' title='bbox 374 1281 560 1346; x_wconf 89' lang='lat' dir='ltr'><strong>Everardus</strong></span> <span class='ocrx_word' id='word_1_58' title='bbox 576 1302 645 1346; x_wconf 88' lang='lat' dir='ltr'><strong>can.</strong></span> <span class='ocrx_word' id='word_1_59' title='bbox 663 1289 697 1346; x_wconf 91' lang='lat' dir='ltr'><strong>et</strong></span> <span class='ocrx_word' id='word_1_60' title='bbox 712 1283 804 1367; x_wconf 87' lang='lat' dir='ltr'><strong>preb.</strong></span> <span class='ocrx_word' id='word_1_61' title='bbox 828 1283 861 1347; x_wconf 91' lang='lat' dir='ltr'><strong>in</strong></span> <span class='ocrx_word' id='word_1_62' title='bbox 888 1284 970 1348; x_wconf 89' lang='lat' dir='ltr'><strong>eccl.</strong></span> <span class='ocrx_word' id='word_1_63' title='bbox 994 1283 1192 1369; x_wconf 86' lang='lat' dir='ltr'><strong>Aycuriensi</strong></span> <span class='ocrx_word' id='word_1_64' title='bbox 1216 1284 1308 1370; x_wconf 79' lang='lat' dir='ltr'><strong>parri</strong></span> <span class='ocrx_word' id='word_1_65' title='bbox 1335 1285 1459 1350; x_wconf 90' lang='lat' dir='ltr'><strong>valoris</strong></span> <span class='ocrx_word' id='word_1_66' title='bbox 1481 1287 1631 1353; x_wconf 90' lang='lat' dir='ltr'><strong>noscitur</strong></span> 
     </span>
     <span class='ocr_line' id='line_1_9' title="bbox 268 1384 557 1452; baseline -0.01 0"><span class='ocrx_word' id='word_1_67' title='bbox 268 1387 428 1452; x_wconf 89' lang='lat' dir='ltr'><strong>obtinere.</strong></span> <span class='ocrx_word' id='word_1_68' title='bbox 451 1426 494 1435; x_wconf 91' lang='lat'>-</span> <span class='ocrx_word' id='word_1_69' title='bbox 517 1384 557 1449; x_wconf 92' lang='lat' dir='ltr'><strong>R.</strong></span> 
     </span>
    </p>

    <p class='ocr_par' dir='ltr' id='par_1_5' title="bbox 267 1488 1629 1680">
     <span class='ocr_line' id='line_1_10' title="bbox 311 1488 1629 1577; baseline 0.004 -23"><span class='ocrx_word' id='word_1_70' title='bbox 311 1489 398 1556; x_wconf 87' lang='lat' dir='ltr'><strong>Item</strong></span> <span class='ocrx_word' id='word_1_71' title='bbox 414 1498 505 1574; x_wconf 87' lang='lat' dir='ltr'><strong>quat.</strong></span> <span class='ocrx_word' id='word_1_72' title='bbox 529 1489 680 1554; x_wconf 81' lang='lat' dir='ltr'><strong>familiari</strong></span> <span class='ocrx_word' id='word_1_73' title='bbox 707 1510 767 1554; x_wconf 89' lang='lat' dir='ltr'><strong>suo</strong></span> <span class='ocrx_word' id='word_1_74' title='bbox 791 1488 939 1567; x_wconf 89' lang='lat' dir='ltr'><strong>Johanni</strong></span> <span class='ocrx_word' id='word_1_75' title='bbox 967 1489 1104 1577; x_wconf 88' lang='lat' dir='ltr'><strong>Clappe,</strong></span> <span class='ocrx_word' id='word_1_76' title='bbox 1130 1494 1342 1557; x_wconf 84' lang='lat' dir='ltr'><strong>Attrebaten.</strong></span> <span class='ocrx_word' id='word_1_77' title='bbox 1365 1492 1462 1571; x_wconf 76' lang='lat' dir='ltr'><strong>dioc,</strong></span> <span class='ocrx_word' id='word_1_78' title='bbox 1487 1493 1531 1559; x_wconf 89' lang='lat' dir='ltr'><strong>ad</strong></span> <span class='ocrx_word' id='word_1_79' title='bbox 1553 1494 1629 1560; x_wconf 91' lang='lat' dir='ltr'><strong>coll.</strong></span> 
     </span>
     <span class='ocr_line' id='line_1_11' title="bbox 267 1592 772 1680; baseline -0.002 -21"><span class='ocrx_word' id='word_1_80' title='bbox 267 1594 402 1680; x_wconf 91' lang='lat' dir='ltr'><strong>capituli</strong></span> <span class='ocrx_word' id='word_1_81' title='bbox 425 1592 642 1659; x_wconf 87' lang='lat' dir='ltr'><strong>Cameracen.</strong></span> <span class='ocrx_word' id='word_1_82' title='bbox 665 1634 709 1642; x_wconf 91' lang='lat'><em>-</em></span> <span class='ocrx_word' id='word_1_83' title='bbox 732 1592 772 1658; x_wconf 91' lang='lat' dir='ltr'><strong>R.</strong></span> 
     </span>
    </p>

    <p class='ocr_par' dir='ltr' id='par_1_6' title="bbox 209 1695 1063 1782">
     <span class='ocr_line' id='line_1_12' title="bbox 209 1695 1063 1782; baseline 0.004 -22"><span class='ocrx_word' id='word_1_84' title='bbox 209 1742 210 1745; x_wconf 63' lang='lat'><strong>,</strong></span> <span class='ocrx_word' id='word_1_85' title='bbox 310 1696 388 1762; x_wconf 91' lang='lat' dir='ltr'><strong>Dat.</strong></span> <span class='ocrx_word' id='word_1_86' title='bbox 404 1698 500 1762; x_wconf 85' lang='lat' dir='ltr'><strong>Avin.</strong></span> <span class='ocrx_word' id='word_1_87' title='bbox 521 1717 557 1781; x_wconf 93' lang='lat'><strong>15</strong></span> <span class='ocrx_word' id='word_1_88' title='bbox 574 1695 640 1762; x_wconf 88' lang='lat' dir='ltr'><strong>kal.</strong></span> <span class='ocrx_word' id='word_1_89' title='bbox 653 1705 737 1782; x_wconf 84' lang='lat' dir='ltr'><strong>sept.</strong></span> <span class='ocrx_word' id='word_1_90' title='bbox 754 1710 791 1762; x_wconf 88' lang='grc' dir='ltr'><strong>1Ο</strong></span> <span class='ocrx_word' id='word_1_91' title='bbox 808 1712 852 1777; x_wconf 89' lang='lat'><strong>9⁰.</strong></span> <span class='ocrx_word' id='word_1_92' title='bbox 870 1697 947 1781; x_wconf 89' lang='lat'><strong>(20,</strong></span> <span class='ocrx_word' id='word_1_93' title='bbox 964 1699 1063 1782; x_wconf 61' lang='lat' dir='ltr'><strong>ro4l).</strong></span> 
     </span>
    </p>
   </div>
   <div class='ocr_carea' id='block_1_3' title="bbox 234 1834 1630 2345">
    <p class='ocr_par' dir='ltr' id='par_1_7' title="bbox 234 1834 1630 2245">
     <span class='ocr_line' id='line_1_13' title="bbox 316 1834 1583 1936; baseline 0.002 -22"><span class='ocrx_word' id='word_1_94' title='bbox 316 1834 463 1917; x_wconf 86' lang='lat'><strong>2050·</strong></span> <span class='ocrx_word' id='word_1_95' title='bbox 1315 1871 1469 1936; x_wconf 74' lang='lat' dir='ltr'><strong>155o,19</strong></span> <span class='ocrx_word' id='word_1_96' title='bbox 1492 1860 1583 1917; x_wconf 77' lang='lat' dir='ltr'><strong>uortt.</strong></span> 
     </span>
     <span class='ocr_line' id='line_1_14' title="bbox 308 1948 1630 2039; baseline 0.004 -22"><span class='ocrx_word' id='word_1_97' title='bbox 308 1952 409 2039; x_wconf 87' lang='lat' dir='ltr'><strong>Supp.</strong></span> <span class='ocrx_word' id='word_1_98' title='bbox 426 1951 623 2017; x_wconf 90' lang='lat' dir='ltr'><strong>Guillelmus</strong></span> <span class='ocrx_word' id='word_1_99' title='bbox 638 1950 679 2015; x_wconf 92' lang='lat' dir='ltr'><strong>de</strong></span> <span class='ocrx_word' id='word_1_100' title='bbox 696 1948 728 2014; x_wconf 90' lang='lat' dir='ltr'><strong>S.</strong></span> <span class='ocrx_word' id='word_1_101' title='bbox 743 1950 902 2015; x_wconf 89' lang='lat' dir='ltr'><strong>Amantio</strong></span> <span class='ocrx_word' id='word_1_102' title='bbox 916 1963 937 2031; x_wconf 85' lang='lat'><strong>²,</strong></span> <span class='ocrx_word' id='word_1_103' title='bbox 954 1952 1060 2033; x_wconf 89' lang='lat' dir='ltr'><strong>miles,</strong></span> <span class='ocrx_word' id='word_1_104' title='bbox 1076 1959 1167 2036; x_wconf 90' lang='lat' dir='ltr'><strong>quat.</strong></span> <span class='ocrx_word' id='word_1_105' title='bbox 1183 1952 1203 2030; x_wconf 91' lang='lat' dir='ltr'>J</span> <span class='ocrx_word' id='word_1_106' title='bbox 1206 1953 1330 2019; x_wconf 89' lang='lat' dir='ltr'><strong>ohanni</strong></span> <span class='ocrx_word' id='word_1_107' title='bbox 1345 1956 1497 2037; x_wconf 85' lang='lat' dir='ltr'><strong>Arnaldi,</strong></span> <span class='ocrx_word' id='word_1_108' title='bbox 1507 1957 1630 2022; x_wconf 87' lang='lat' dir='ltr'><strong>clerico</strong></span> 
     </span>
     <span class='ocr_line' id='line_1_15' title="bbox 234 2047 1630 2144; baseline 0.003 -23"><span class='ocrx_word' id='word_1_109' title='bbox 234 2047 237 2053; x_wconf 69' lang='grc'><strong>’</strong></span> <span class='ocrx_word' id='word_1_110' title='bbox 264 2056 294 2121; x_wconf 86' lang='lat' dir='ltr'>T</span> <span class='ocrx_word' id='word_1_111' title='bbox 296 2055 481 2135; x_wconf 87' lang='lat' dir='ltr'><strong>ornacensi,</strong></span> <span class='ocrx_word' id='word_1_112' title='bbox 497 2055 540 2120; x_wconf 92' lang='lat' dir='ltr'><strong>de</strong></span> <span class='ocrx_word' id='word_1_113' title='bbox 555 2056 633 2119; x_wconf 92' lang='lat' dir='ltr'><strong>ben.</strong></span> <span class='ocrx_word' id='word_1_114' title='bbox 650 2053 732 2118; x_wconf 89' lang='lat' dir='ltr'><strong>eccl.</strong></span> <span class='ocrx_word' id='word_1_115' title='bbox 748 2052 793 2117; x_wconf 88' lang='lat' dir='ltr'><strong>ad</strong></span> <span class='ocrx_word' id='word_1_116' title='bbox 818 2054 894 2119; x_wconf 88' lang='lat' dir='ltr'><strong>coll.</strong></span> <span class='ocrx_word' id='word_1_117' title='bbox 920 2054 1068 2141; x_wconf 84' lang='lat' dir='ltr'><strong>episcopi</strong></span> <span class='ocrx_word' id='word_1_118' title='bbox 1085 2064 1121 2121; x_wconf 89' lang='lat' dir='ltr'><strong>et</strong></span> <span class='ocrx_word' id='word_1_119' title='bbox 1136 2057 1274 2141; x_wconf 90' lang='lat' dir='ltr'><strong>capituli</strong></span> <span class='ocrx_word' id='word_1_120' title='bbox 1302 2059 1490 2126; x_wconf 86' lang='lat' dir='ltr'><strong>Tornacen.</strong></span> <span class='ocrx_word' id='word_1_121' title='bbox 1515 2060 1630 2144; x_wconf 90' lang='lat' dir='ltr'><strong>digne-</strong></span> 
     </span>
     <span class='ocr_line' id='line_1_16' title="bbox 264 2154 785 2245; baseline -0.006 -21"><span class='ocrx_word' id='word_1_122' title='bbox 264 2160 345 2224; x_wconf 88' lang='lat' dir='ltr'><strong>mini</strong></span> <span class='ocrx_word' id='word_1_123' title='bbox 368 2159 554 2245; x_wconf 90' lang='lat' dir='ltr'><strong>providere.</strong></span> <span class='ocrx_word' id='word_1_124' title='bbox 577 2198 620 2206; x_wconf 96' lang='lat'><strong>—</strong></span> <span class='ocrx_word' id='word_1_125' title='bbox 643 2155 721 2221; x_wconf 86' lang='lat' dir='ltr'><strong>Fiat</strong></span> <span class='ocrx_word' id='word_1_126' title='bbox 746 2154 785 2221; x_wconf 92' lang='lat' dir='ltr'><strong>R.</strong></span> 
     </span>
    </p>

    <p class='ocr_par' dir='ltr' id='par_1_8' title="bbox 307 2258 1062 2345">
     <span class='ocr_line' id='line_1_17' title="bbox 307 2258 1062 2345; baseline -0.001 -17"><span class='ocrx_word' id='word_1_127' title='bbox 307 2263 386 2329; x_wconf 91' lang='lat' dir='ltr'><strong>Dat.</strong></span> <span class='ocrx_word' id='word_1_128' title='bbox 403 2264 502 2329; x_wconf 83' lang='lat' dir='ltr'><strong>Avin.</strong></span> <span class='ocrx_word' id='word_1_129' title='bbox 523 2284 560 2345; x_wconf 87' lang='lat'><strong>14</strong></span> <span class='ocrx_word' id='word_1_130' title='bbox 575 2258 642 2325; x_wconf 90' lang='lat' dir='ltr'><strong>kal.</strong></span> <span class='ocrx_word' id='word_1_131' title='bbox 659 2267 744 2345; x_wconf 89' lang='lat' dir='ltr'><strong>sept.</strong></span> <span class='ocrx_word' id='word_1_132' title='bbox 760 2273 797 2325; x_wconf 88' lang='lat' dir='ltr'><strong>a⁰</strong></span> <span class='ocrx_word' id='word_1_133' title='bbox 815 2275 859 2340; x_wconf 87' lang='lat'><strong>9⁰.</strong></span> <span class='ocrx_word' id='word_1_134' title='bbox 877 2262 953 2343; x_wconf 87' lang='lat'><strong>(20,</strong></span> <span class='ocrx_word' id='word_1_135' title='bbox 975 2264 1062 2344; x_wconf 81' lang='lat'><strong>118).</strong></span> 
     </span>
    </p>
   </div>
   <div class='ocr_carea' id='block_1_4' title="bbox 313 2398 1581 2500">
    <p class='ocr_par' dir='ltr' id='par_1_9' title="bbox 313 2398 1581 2500">
     <span class='ocr_line' id='line_1_18' title="bbox 313 2398 1581 2500; baseline 0.002 -21"><span class='ocrx_word' id='word_1_136' title='bbox 313 2398 625 2481; x_wconf 83' lang='lat'><strong>2051-2054.</strong></span> <span class='ocrx_word' id='word_1_137' title='bbox 1323 2436 1418 2499; x_wconf 73' lang='lat'><em>1350,</em></span> <span class='ocrx_word' id='word_1_138' title='bbox 1438 2436 1477 2500; x_wconf 82' lang='lat'><strong>19</strong></span> <span class='ocrx_word' id='word_1_139' title='bbox 1494 2422 1581 2483; x_wconf 77' lang='lat' dir='ltr'><strong>aout.</strong></span> 
     </span>
    </p>
   </div>
   <div class='ocr_carea' id='block_1_5' title="bbox 261 2513 1626 2813">
    <p class='ocr_par' dir='ltr' id='par_1_10' title="bbox 261 2513 1626 2813">
     <span class='ocr_line' id='line_1_19' title="bbox 305 2513 1626 2605; baseline 0.002 -22"><span class='ocrx_word' id='word_1_140' title='bbox 305 2518 405 2604; x_wconf 89' lang='lat' dir='ltr'><strong>Supp.</strong></span> <span class='ocrx_word' id='word_1_141' title='bbox 439 2516 623 2597; x_wconf 88' lang='lat' dir='ltr'><strong>Johannes,</strong></span> <span class='ocrx_word' id='word_1_142' title='bbox 654 2515 721 2581; x_wconf 85' lang='lat' dir='ltr'><strong>dux</strong></span> <span class='ocrx_word' id='word_1_143' title='bbox 752 2513 979 2599; x_wconf 86' lang='lat' dir='ltr'><strong>Lotharingie,</strong></span> <span class='ocrx_word' id='word_1_144' title='bbox 1007 2514 1198 2598; x_wconf 88' lang='lat' dir='ltr'><strong>Brabantie,</strong></span> <span class='ocrx_word' id='word_1_145' title='bbox 1226 2517 1430 2604; x_wconf 85' lang='lat' dir='ltr'><strong>Lymbnrgie</strong></span> <span class='ocrx_word' id='word_1_146' title='bbox 1476 2522 1626 2605; x_wconf 89' lang='lat' dir='ltr'><strong>sacrique</strong></span> 
     </span>
     <span class='ocr_line' id='line_1_20' title="bbox 263 2620 1625 2709; baseline 0.003 -24"><span class='ocrx_word' id='word_1_147' title='bbox 263 2620 396 2709; x_wconf 87' lang='lat' dir='ltr'><strong>Imperii</strong></span> <span class='ocrx_word' id='word_1_148' title='bbox 412 2622 574 2687; x_wconf 91' lang='lat' dir='ltr'><strong>marchio.</strong></span> <span class='ocrx_word' id='word_1_149' title='bbox 590 2631 611 2702; x_wconf 82' lang='lat'><strong>²,</strong></span> <span class='ocrx_word' id='word_1_150' title='bbox 624 2628 717 2704; x_wconf 91' lang='lat' dir='ltr'><strong>quat.</strong></span> <span class='ocrx_word' id='word_1_151' title='bbox 734 2620 792 2684; x_wconf 90' lang='lat' dir='ltr'><strong>sibi</strong></span> <span class='ocrx_word' id='word_1_152' title='bbox 809 2621 953 2703; x_wconf 87' lang='lat' dir='ltr'><strong>gratiose</strong></span> <span class='ocrx_word' id='word_1_153' title='bbox 969 2620 1155 2686; x_wconf 85' lang='lat' dir='ltr'><strong>concedere</strong></span> <span class='ocrx_word' id='word_1_154' title='bbox 1170 2622 1361 2707; x_wconf 86' lang='lat' dir='ltr'><strong>dignemini,</strong></span> <span class='ocrx_word' id='word_1_155' title='bbox 1385 2632 1423 2690; x_wconf 95' lang='lat' dir='ltr'><strong>ut</strong></span> <span class='ocrx_word' id='word_1_156' title='bbox 1448 2625 1625 2691; x_wconf 88' lang='lat' dir='ltr'><strong>duodecim</strong></span> 
     </span>
     <span class='ocr_line' id='line_1_21' title="bbox 261 2723 1626 2813; baseline 0.001 -21"><span class='ocrx_word' id='word_1_157' title='bbox 261 2727 370 2793; x_wconf 90' lang='lat' dir='ltr'><strong>clerici</strong></span> <span class='ocrx_word' id='word_1_158' title='bbox 386 2726 445 2807; x_wconf 92' lang='lat' dir='ltr'><strong>sui,</strong></span> <span class='ocrx_word' id='word_1_159' title='bbox 469 2732 641 2813; x_wconf 87' lang='lat' dir='ltr'><strong>presentes</strong></span> <span class='ocrx_word' id='word_1_160' title='bbox 657 2733 691 2788; x_wconf 90' lang='lat' dir='ltr'><strong>et</strong></span> <span class='ocrx_word' id='word_1_161' title='bbox 712 2724 847 2810; x_wconf 86' lang='lat' dir='ltr'><strong>posteri,</strong></span> <span class='ocrx_word' id='word_1_162' title='bbox 872 2724 939 2789; x_wconf 90' lang='lat' dir='ltr'><strong>suis</strong></span> <span class='ocrx_word' id='word_1_163' title='bbox 953 2723 1144 2790; x_wconf 85' lang='lat' dir='ltr'><strong>insistentes</strong></span> <span class='ocrx_word' id='word_1_164' title='bbox 1162 2728 1338 2810; x_wconf 90' lang='lat' dir='ltr'><strong>obsequiis,</strong></span> <span class='ocrx_word' id='word_1_165' title='bbox 1355 2727 1399 2792; x_wconf 92' lang='lat' dir='ltr'><strong>ad</strong></span> <span class='ocrx_word' id='word_1_166' title='bbox 1414 2728 1626 2810; x_wconf 88' lang='lat' dir='ltr'><strong>decennium,</strong></span> 
     </span>
    </p>
   </div>
   <div class='ocr_carea' id='block_1_6' title="bbox 261 2828 1626 3330">
    <p class='ocr_par' dir='ltr' id='par_1_11' title="bbox 261 2828 1626 3330">
     <span class='ocr_line' id='line_1_22' title="bbox 261 2828 1626 2917; baseline 0.002 -21"><span class='ocrx_word' id='word_1_167' title='bbox 261 2853 344 2917; x_wconf 92' lang='lat' dir='ltr'><strong>quos</strong></span> <span class='ocrx_word' id='word_1_168' title='bbox 359 2830 402 2898; x_wconf 90' lang='lat' dir='ltr'><strong>ad</strong></span> <span class='ocrx_word' id='word_1_169' title='bbox 417 2830 451 2897; x_wconf 95' lang='lat' dir='ltr'><strong>id</strong></span> <span class='ocrx_word' id='word_1_170' title='bbox 466 2830 596 2898; x_wconf 86' lang='lat' dir='ltr'><strong>duxerit</strong></span> <span class='ocrx_word' id='word_1_171' title='bbox 623 2828 803 2913; x_wconf 71' lang='lat' dir='ltr'><strong>eligendos</strong></span> <span class='ocrx_word' id='word_1_172' title='bbox 827 2828 957 2915; x_wconf 89' lang='lat' dir='ltr'><strong>possint</strong></span> <span class='ocrx_word' id='word_1_173' title='bbox 981 2828 1105 2895; x_wconf 88' lang='lat' dir='ltr'><strong>fructus</strong></span> <span class='ocrx_word' id='word_1_174' title='bbox 1121 2839 1155 2895; x_wconf 89' lang='lat' dir='ltr'><strong>et</strong></span> <span class='ocrx_word' id='word_1_175' title='bbox 1171 2830 1319 2896; x_wconf 92' lang='lat' dir='ltr'><strong>redditus</strong></span> <span class='ocrx_word' id='word_1_176' title='bbox 1335 2833 1484 2898; x_wconf 91' lang='lat' dir='ltr'><strong>omnium</strong></span> <span class='ocrx_word' id='word_1_177' title='bbox 1500 2833 1626 2899; x_wconf 88' lang='lat' dir='ltr'><strong>benefi-</strong></span> 
     </span>
     <span class='ocr_line' id='line_1_23' title="bbox 261 2932 1626 3019; baseline 0.001 -18"><span class='ocrx_word' id='word_1_178' title='bbox 261 2937 386 3001; x_wconf 92' lang='lat' dir='ltr'><strong>ciorum</strong></span> <span class='ocrx_word' id='word_1_179' title='bbox 403 2956 547 3015; x_wconf 88' lang='lat' dir='ltr'><strong>suorum,</strong></span> <span class='ocrx_word' id='word_1_180' title='bbox 564 2955 628 3018; x_wconf 92' lang='lat' dir='ltr'><strong>que</strong></span> <span class='ocrx_word' id='word_1_181' title='bbox 644 2953 734 2998; x_wconf 91' lang='lat' dir='ltr'><strong>nunc</strong></span> <span class='ocrx_word' id='word_1_182' title='bbox 756 2933 910 2998; x_wconf 88' lang='lat' dir='ltr'><strong>obtinent</strong></span> <span class='ocrx_word' id='word_1_183' title='bbox 930 2932 997 3019; x_wconf 89' lang='lat' dir='ltr'><strong>[et]</strong></span> <span class='ocrx_word' id='word_1_184' title='bbox 1017 2935 1233 3019; x_wconf 89' lang='lat' dir='ltr'><strong>imposterum</strong></span> <span class='ocrx_word' id='word_1_185' title='bbox 1258 2937 1467 3017; x_wconf 91' lang='lat' dir='ltr'><strong>obtinebunt,</strong></span> <span class='ocrx_word' id='word_1_186' title='bbox 1482 2938 1583 3003; x_wconf 89' lang='lat' dir='ltr'><strong>etiam</strong></span> <span class='ocrx_word' id='word_1_187' title='bbox 1599 2940 1626 3004; x_wconf 93' lang='lat' dir='ltr'><strong>si</strong></span> 
     </span>
     <span class='ocr_line' id='line_1_24' title="bbox 261 3036 1626 3125; baseline 0.003 -21"><span class='ocrx_word' id='word_1_188' title='bbox 261 3040 449 3124; x_wconf 64' lang='lat' dir='ltr'><strong>dignitates</strong></span> <span class='ocrx_word' id='word_1_189' title='bbox 472 3046 670 3124; x_wconf 88' lang='lat' dir='ltr'><strong>personatus</strong></span> <span class='ocrx_word' id='word_1_190' title='bbox 695 3037 749 3101; x_wconf 79' lang='lat' dir='ltr'><strong>vel</strong></span> <span class='ocrx_word' id='word_1_191' title='bbox 775 3036 886 3102; x_wconf 89' lang='lat' dir='ltr'><strong>officia</strong></span> <span class='ocrx_word' id='word_1_192' title='bbox 912 3038 1058 3102; x_wconf 87' lang='lat' dir='ltr'><strong>existant</strong></span> <span class='ocrx_word' id='word_1_193' title='bbox 1074 3046 1108 3103; x_wconf 90' lang='lat' dir='ltr'><strong>et</strong></span> <span class='ocrx_word' id='word_1_194' title='bbox 1124 3060 1239 3104; x_wconf 88' lang='lat' dir='ltr'><strong>curam</strong></span> <span class='ocrx_word' id='word_1_195' title='bbox 1255 3041 1404 3106; x_wconf 90' lang='lat' dir='ltr'><strong>habeant</strong></span> <span class='ocrx_word' id='word_1_196' title='bbox 1428 3042 1626 3125; x_wconf 91' lang='lat' dir='ltr'><strong>animarum,</strong></span> 
     </span>
     <span class='ocr_line' id='line_1_25' title="bbox 262 3139 1626 3231; baseline 0.004 -24"><span class='ocrx_word' id='word_1_197' title='bbox 262 3163 337 3208; x_wconf 91' lang='lat' dir='ltr'><strong>cum</strong></span> <span class='ocrx_word' id='word_1_198' title='bbox 355 3143 409 3206; x_wconf 90' lang='lat' dir='ltr'><strong>illa</strong></span> <span class='ocrx_word' id='word_1_199' title='bbox 426 3142 616 3226; x_wconf 87' lang='lat' dir='ltr'><strong>integritate</strong></span> <span class='ocrx_word' id='word_1_200' title='bbox 631 3143 803 3227; x_wconf 89' lang='lat' dir='ltr'><strong>percipere</strong></span> <span class='ocrx_word' id='word_1_201' title='bbox 815 3161 855 3206; x_wconf 93' lang='lat' dir='ltr'><strong>ac</strong></span> <span class='ocrx_word' id='word_1_202' title='bbox 868 3141 895 3206; x_wconf 91' lang='lat' dir='ltr'><strong>si</strong></span> <span class='ocrx_word' id='word_1_203' title='bbox 910 3149 976 3206; x_wconf 91' lang='lat' dir='ltr'><strong>etc.</strong></span> <span class='ocrx_word' id='word_1_204' title='bbox 988 3139 1069 3206; x_wconf 84' lang='lat' dir='ltr'><strong>Non</strong></span> <span class='ocrx_word' id='word_1_205' title='bbox 1085 3145 1241 3208; x_wconf 86' lang='lat' dir='ltr'><strong>obstante</strong></span> <span class='ocrx_word' id='word_1_206' title='bbox 1256 3143 1298 3208; x_wconf 89' lang='lat' dir='ltr'><strong>de</strong></span> <span class='ocrx_word' id='word_1_207' title='bbox 1313 3145 1420 3231; x_wconf 89' lang='lat' dir='ltr'><strong>prima</strong></span> <span class='ocrx_word' id='word_1_208' title='bbox 1434 3147 1626 3228; x_wconf 86' lang='lat' dir='ltr'><strong>residentia,</strong></span> 
     </span>
     <span class='ocr_line' id='line_1_26' title="bbox 261 3244 1448 3330; baseline 0.001 -17"><span class='ocrx_word' id='word_1_209' title='bbox 261 3267 338 3313; x_wconf 91' lang='lat' dir='ltr'><strong>cum</strong></span> <span class='ocrx_word' id='word_1_210' title='bbox 354 3246 507 3312; x_wconf 92' lang='lat' dir='ltr'><strong>omnibus</strong></span> <span class='ocrx_word' id='word_1_211' title='bbox 522 3265 591 3310; x_wconf 91' lang='lat' dir='ltr'><strong>non</strong></span> <span class='ocrx_word' id='word_1_212' title='bbox 608 3245 820 3310; x_wconf 90' lang='lat' dir='ltr'><strong>obstantibus</strong></span> <span class='ocrx_word' id='word_1_213' title='bbox 836 3252 870 3308; x_wconf 86' lang='lat' dir='ltr'><strong>et</strong></span> <span class='ocrx_word' id='word_1_214' title='bbox 886 3244 1042 3310; x_wconf 89' lang='lat' dir='ltr'><strong>clausulis</strong></span> <span class='ocrx_word' id='word_1_215' title='bbox 1057 3247 1240 3330; x_wconf 87' lang='lat' dir='ltr'><strong>oportunis.</strong></span> <span class='ocrx_word' id='word_1_216' title='bbox 1257 3288 1300 3296; x_wconf 88' lang='lat'><em>—</em></span> <span class='ocrx_word' id='word_1_217' title='bbox 1316 3247 1392 3314; x_wconf 90' lang='lat' dir='ltr'><strong>Fiat</strong></span> <span class='ocrx_word' id='word_1_218' title='bbox 1409 3247 1448 3314; x_wconf 92' lang='lat' dir='ltr'><strong>R.</strong></span> 
     </span>
    </p>
   </div>
   <div class='ocr_carea' id='block_1_7' title="bbox 254 3380 1625 4508">
    <p class='ocr_par' dir='ltr' id='par_1_12' title="bbox 254 3380 1625 4508">
     <span class='ocr_line' id='line_1_27' title="bbox 305 3380 1624 3467; baseline 0.005 -23"><span class='ocrx_word' id='word_1_219' title='bbox 305 3385 415 3450; x_wconf 86' lang='lat'><strong>2052.</strong></span> <span class='ocrx_word' id='word_1_220' title='bbox 436 3382 523 3448; x_wconf 91' lang='lat' dir='ltr'><strong>Item</strong></span> <span class='ocrx_word' id='word_1_221' title='bbox 547 3383 631 3466; x_wconf 91' lang='lat' dir='ltr'><strong>sign.</strong></span> <span class='ocrx_word' id='word_1_222' title='bbox 647 3383 678 3446; x_wconf 87' lang='lat' dir='ltr'><strong>S.</strong></span> <span class='ocrx_word' id='word_1_223' title='bbox 696 3381 746 3463; x_wconf 75' lang='lat' dir='ltr'><strong>V,</strong></span> <span class='ocrx_word' id='word_1_224' title='bbox 762 3380 853 3466; x_wconf 92' lang='lat' dir='ltr'><strong>quod</strong></span> <span class='ocrx_word' id='word_1_225' title='bbox 879 3380 1007 3446; x_wconf 91' lang='lat' dir='ltr'><strong>dudum</strong></span> <span class='ocrx_word' id='word_1_226' title='bbox 1033 3382 1248 3467; x_wconf 89' lang='lat' dir='ltr'><strong>parrochialis</strong></span> <span class='ocrx_word' id='word_1_227' title='bbox 1273 3385 1414 3450; x_wconf 90' lang='lat' dir='ltr'><strong>ecclesia</strong></span> <span class='ocrx_word' id='word_1_228' title='bbox 1430 3385 1462 3450; x_wconf 92' lang='lat' dir='ltr'><strong>in</strong></span> <span class='ocrx_word' id='word_1_229' title='bbox 1481 3384 1624 3450; x_wconf 88' lang='lat' dir='ltr'><strong>Riisber-</strong></span> 
     </span>
     <span class='ocr_line' id='line_1_28' title="bbox 259 3484 1623 3574; baseline 0.001 -22"><span class='ocrx_word' id='word_1_230' title='bbox 259 3488 346 3572; x_wconf 89' lang='lat' dir='ltr'><strong>ghen</strong></span> <span class='ocrx_word' id='word_1_231' title='bbox 360 3499 381 3567; x_wconf 80' lang='lat'><strong>³,</strong></span> <span class='ocrx_word' id='word_1_232' title='bbox 397 3487 557 3553; x_wconf 89' lang='lat' dir='ltr'><strong>Leodien.</strong></span> <span class='ocrx_word' id='word_1_233' title='bbox 574 3487 670 3568; x_wconf 78' lang='lat' dir='ltr'><strong>dioc,</strong></span> <span class='ocrx_word' id='word_1_234' title='bbox 687 3486 729 3551; x_wconf 92' lang='lat' dir='ltr'><strong>ad</strong></span> <span class='ocrx_word' id='word_1_235' title='bbox 746 3487 854 3552; x_wconf 91' lang='lat' dir='ltr'><strong>cultus</strong></span> <span class='ocrx_word' id='word_1_236' title='bbox 869 3484 974 3550; x_wconf 91' lang='lat' dir='ltr'><strong>divini</strong></span> <span class='ocrx_word' id='word_1_237' title='bbox 989 3495 1217 3570; x_wconf 86' lang='lat' dir='ltr'><strong>augmentum,</strong></span> <span class='ocrx_word' id='word_1_238' title='bbox 1234 3496 1268 3552; x_wconf 89' lang='lat' dir='ltr'><strong>et</strong></span> <span class='ocrx_word' id='word_1_239' title='bbox 1284 3488 1329 3553; x_wconf 88' lang='lat' dir='ltr'><strong>ad</strong></span> <span class='ocrx_word' id='word_1_240' title='bbox 1344 3489 1623 3574; x_wconf 88' lang='lat' dir='ltr'><strong>supplicationem</strong></span> 
     </span>
     <span class='ocr_line' id='line_1_29' title="bbox 259 3589 1625 3678; baseline 0 -20"><span class='ocrx_word' id='word_1_241' title='bbox 259 3591 392 3678; x_wconf 87' lang='lat' dir='ltr'><strong>patroni</strong></span> <span class='ocrx_word' id='word_1_242' title='bbox 419 3591 560 3657; x_wconf 89' lang='lat' dir='ltr'><strong>ecclesie</strong></span> <span class='ocrx_word' id='word_1_243' title='bbox 587 3589 745 3675; x_wconf 88' lang='lat' dir='ltr'><strong>ejusdem,</strong></span> <span class='ocrx_word' id='word_1_244' title='bbox 761 3589 803 3655; x_wconf 88' lang='lat' dir='ltr'><strong>de</strong></span> <span class='ocrx_word' id='word_1_245' title='bbox 820 3609 985 3654; x_wconf 92' lang='lat' dir='ltr'><strong>consensu</strong></span> <span class='ocrx_word' id='word_1_246' title='bbox 1001 3590 1139 3655; x_wconf 91' lang='lat' dir='ltr'><strong>rectoris</strong></span> <span class='ocrx_word' id='word_1_247' title='bbox 1154 3590 1304 3674; x_wconf 89' lang='lat' dir='ltr'><strong>ejusdem</strong></span> <span class='ocrx_word' id='word_1_248' title='bbox 1331 3593 1483 3672; x_wconf 88' lang='lat' dir='ltr'><strong>ecclesie,</strong></span> <span class='ocrx_word' id='word_1_249' title='bbox 1507 3601 1625 3659; x_wconf 89' lang='lat' dir='ltr'><strong>aucto·</strong></span> 
     </span>
     <span class='ocr_line' id='line_1_30' title="bbox 258 3692 1624 3780; baseline 0 -20"><span class='ocrx_word' id='word_1_250' title='bbox 258 3697 358 3762; x_wconf 90' lang='lat' dir='ltr'><strong>ritate</strong></span> <span class='ocrx_word' id='word_1_251' title='bbox 374 3695 549 3776; x_wconf 90' lang='lat' dir='ltr'><strong>ordinaria,</strong></span> <span class='ocrx_word' id='word_1_252' title='bbox 577 3714 653 3759; x_wconf 90' lang='lat' dir='ltr'><strong>cum</strong></span> <span class='ocrx_word' id='word_1_253' title='bbox 679 3713 778 3759; x_wconf 89' lang='lat' dir='ltr'><strong>cause</strong></span> <span class='ocrx_word' id='word_1_254' title='bbox 805 3692 1008 3776; x_wconf 91' lang='lat' dir='ltr'><strong>cognitione,</strong></span> <span class='ocrx_word' id='word_1_255' title='bbox 1033 3692 1096 3758; x_wconf 85' lang='lat' dir='ltr'><strong>fuit</strong></span> <span class='ocrx_word' id='word_1_256' title='bbox 1123 3698 1158 3758; x_wconf 85' lang='lat' dir='ltr'><strong>e&#39;t</strong></span> <span class='ocrx_word' id='word_1_257' title='bbox 1183 3703 1235 3758; x_wconf 91' lang='lat' dir='ltr'><strong>est</strong></span> <span class='ocrx_word' id='word_1_258' title='bbox 1261 3694 1294 3758; x_wconf 91' lang='lat' dir='ltr'><strong>in</strong></span> <span class='ocrx_word' id='word_1_259' title='bbox 1319 3704 1536 3780; x_wconf 91' lang='lat' dir='ltr'><strong>personatum</strong></span> <span class='ocrx_word' id='word_1_260' title='bbox 1551 3716 1577 3760; x_wconf 91' lang='lat' dir='ltr'><strong>s.</strong></span> <span class='ocrx_word' id='word_1_261' title='bbox 1593 3718 1624 3762; x_wconf 93' lang='lat' dir='ltr'><strong>c.</strong></span> 
     </span>
     <span class='ocr_line' id='line_1_31' title="bbox 259 3797 1625 3885; baseline 0 -20"><span class='ocrx_word' id='word_1_262' title='bbox 259 3807 476 3880; x_wconf 91' lang='lat' dir='ltr'><strong>commutata,</strong></span> <span class='ocrx_word' id='word_1_263' title='bbox 493 3807 528 3863; x_wconf 91' lang='lat' dir='ltr'><strong>et</strong></span> <span class='ocrx_word' id='word_1_264' title='bbox 544 3798 577 3862; x_wconf 92' lang='lat' dir='ltr'><strong>in</strong></span> <span class='ocrx_word' id='word_1_265' title='bbox 593 3797 710 3862; x_wconf 89' lang='lat' dir='ltr'><strong>eadem</strong></span> <span class='ocrx_word' id='word_1_266' title='bbox 727 3804 907 3882; x_wconf 89' lang='lat' dir='ltr'><strong>perpetuus</strong></span> <span class='ocrx_word' id='word_1_267' title='bbox 923 3797 1065 3862; x_wconf 79' lang='lat' dir='ltr'><strong>vicarius</strong></span> <span class='ocrx_word' id='word_1_268' title='bbox 1080 3797 1261 3880; x_wconf 88' lang='lat' dir='ltr'><strong>institutus,</strong></span> <span class='ocrx_word' id='word_1_269' title='bbox 1277 3800 1333 3882; x_wconf 91' lang='lat' dir='ltr'><strong>qui</strong></span> <span class='ocrx_word' id='word_1_270' title='bbox 1350 3819 1463 3865; x_wconf 88' lang='lat' dir='ltr'><strong>curam</strong></span> <span class='ocrx_word' id='word_1_271' title='bbox 1475 3800 1625 3885; x_wconf 89' lang='lat' dir='ltr'><strong>ejusdem</strong></span> 
     </span>
     <span class='ocr_line' id='line_1_32' title="bbox 258 3899 1624 3988; baseline -0.001 -18"><span class='ocrx_word' id='word_1_272' title='bbox 258 3905 397 3970; x_wconf 89' lang='lat' dir='ltr'><strong>ecclesie</strong></span> <span class='ocrx_word' id='word_1_273' title='bbox 410 3903 538 3987; x_wconf 87' lang='lat' dir='ltr'><strong>jamdiu</strong></span> <span class='ocrx_word' id='word_1_274' title='bbox 554 3902 671 3966; x_wconf 89' lang='lat' dir='ltr'><strong>habuit</strong></span> <span class='ocrx_word' id='word_1_275' title='bbox 687 3909 722 3966; x_wconf 93' lang='lat' dir='ltr'><strong>et</strong></span> <span class='ocrx_word' id='word_1_276' title='bbox 738 3900 850 3980; x_wconf 85' lang='lat' dir='ltr'><strong>habet,</strong></span> <span class='ocrx_word' id='word_1_277' title='bbox 868 3900 920 3966; x_wconf 93' lang='lat' dir='ltr'><strong>cui</strong></span> <span class='ocrx_word' id='word_1_278' title='bbox 937 3899 1141 3966; x_wconf 87' lang='lat' dir='ltr'><strong>sufficientes</strong></span> <span class='ocrx_word' id='word_1_279' title='bbox 1155 3900 1303 3967; x_wconf 87' lang='lat' dir='ltr'><strong>redditus</strong></span> <span class='ocrx_word' id='word_1_280' title='bbox 1319 3911 1354 3967; x_wconf 92' lang='lat' dir='ltr'><strong>et</strong></span> <span class='ocrx_word' id='word_1_281' title='bbox 1370 3911 1562 3988; x_wconf 85' lang='lat' dir='ltr'><strong>proventus,</strong></span> <span class='ocrx_word' id='word_1_282' title='bbox 1578 3905 1624 3971; x_wconf 94' lang='lat' dir='ltr'><strong>de</strong></span> 
     </span>
     <span class='ocr_line' id='line_1_33' title="bbox 256 4003 1622 4093; baseline 0.001 -21"><span class='ocrx_word' id='word_1_283' title='bbox 256 4008 393 4073; x_wconf 89' lang='lat' dir='ltr'><strong>rectoris</strong></span> <span class='ocrx_word' id='word_1_284' title='bbox 419 4005 567 4093; x_wconf 89' lang='lat' dir='ltr'><strong>ejusdem</strong></span> <span class='ocrx_word' id='word_1_285' title='bbox 594 4005 733 4070; x_wconf 90' lang='lat' dir='ltr'><strong>ecclesie</strong></span> <span class='ocrx_word' id='word_1_286' title='bbox 758 4003 949 4084; x_wconf 73' lang='lat' dir='ltr'><strong>redditibus</strong></span> <span class='ocrx_word' id='word_1_287' title='bbox 967 4004 1099 4069; x_wconf 82' lang='lat' dir='ltr'><strong>fuerunt</strong></span> <span class='ocrx_word' id='word_1_288' title='bbox 1113 4013 1149 4070; x_wconf 93' lang='lat' dir='ltr'><strong>et</strong></span> <span class='ocrx_word' id='word_1_289' title='bbox 1163 4015 1242 4070; x_wconf 89' lang='lat' dir='ltr'><strong>suut</strong></span> <span class='ocrx_word' id='word_1_290' title='bbox 1263 4007 1418 4090; x_wconf 87' lang='lat' dir='ltr'><strong>assignati</strong></span> <span class='ocrx_word' id='word_1_291' title='bbox 1441 4028 1503 4092; x_wconf 93' lang='lat' dir='ltr'><strong>pro</strong></span> <span class='ocrx_word' id='word_1_292' title='bbox 1518 4008 1622 4093; x_wconf 90' lang='lat' dir='ltr'><strong>ipsius</strong></span> 
     </span>
     <span class='ocr_line' id='line_1_34' title="bbox 257 4108 1620 4196; baseline 0 -20"><span class='ocrx_word' id='word_1_293' title='bbox 257 4113 368 4178; x_wconf 89' lang='lat' dir='ltr'><strong>vicarii</strong></span> <span class='ocrx_word' id='word_1_294' title='bbox 395 4110 641 4177; x_wconf 89' lang='lat' dir='ltr'><strong>sustentatione</strong></span> <span class='ocrx_word' id='word_1_295' title='bbox 657 4118 693 4176; x_wconf 91' lang='lat' dir='ltr'><strong>et</strong></span> <span class='ocrx_word' id='word_1_296' title='bbox 707 4110 863 4174; x_wconf 86' lang='lat' dir='ltr'><strong>oneribus</strong></span> <span class='ocrx_word' id='word_1_297' title='bbox 890 4108 1040 4194; x_wconf 89' lang='lat' dir='ltr'><strong>ejusdem</strong></span> <span class='ocrx_word' id='word_1_298' title='bbox 1064 4110 1205 4175; x_wconf 89' lang='lat' dir='ltr'><strong>ecclesie</strong></span> <span class='ocrx_word' id='word_1_299' title='bbox 1231 4110 1477 4196; x_wconf 76' lang='lat' dir='ltr'><strong>supportandis.</strong></span> <span class='ocrx_word' id='word_1_300' title='bbox 1505 4111 1620 4194; x_wconf 80' lang='lat' dir='ltr'><strong>Quare</strong></span> 
     </span>
     <span class='ocr_line' id='line_1_35' title="bbox 256 4213 1619 4302; baseline -0.001 -21"><span class='ocrx_word' id='word_1_301' title='bbox 256 4237 350 4302; x_wconf 89' lang='lat' dir='ltr'><strong>supp.</strong></span> <span class='ocrx_word' id='word_1_302' title='bbox 366 4225 458 4301; x_wconf 90' lang='lat' dir='ltr'><strong>quat.</strong></span> <span class='ocrx_word' id='word_1_303' title='bbox 473 4214 633 4301; x_wconf 91' lang='lat' dir='ltr'><strong>premissa</strong></span> <span class='ocrx_word' id='word_1_304' title='bbox 649 4213 762 4279; x_wconf 91' lang='lat' dir='ltr'><strong>omnia</strong></span> <span class='ocrx_word' id='word_1_305' title='bbox 778 4221 812 4278; x_wconf 92' lang='lat' dir='ltr'><strong>et</strong></span> <span class='ocrx_word' id='word_1_306' title='bbox 828 4213 956 4297; x_wconf 91' lang='lat' dir='ltr'><strong>singula</strong></span> <span class='ocrx_word' id='word_1_307' title='bbox 971 4233 1012 4277; x_wconf 86' lang='lat' dir='ltr'><strong>ex</strong></span> <span class='ocrx_word' id='word_1_308' title='bbox 1028 4221 1120 4278; x_wconf 87' lang='lat' dir='ltr'><strong>certa</strong></span> <span class='ocrx_word' id='word_1_309' title='bbox 1134 4213 1276 4279; x_wconf 89' lang='lat' dir='ltr'><strong>scientia</strong></span> <span class='ocrx_word' id='word_1_310' title='bbox 1291 4213 1473 4299; x_wconf 89' lang='lat' dir='ltr'><strong>dignemini</strong></span> <span class='ocrx_word' id='word_1_311' title='bbox 1498 4215 1619 4281; x_wconf 88' lang='lat' dir='ltr'><strong>confir-</strong></span> 
     </span>
     <span class='ocr_line' id='line_1_36' title="bbox 255 4317 1618 4401; baseline 0.001 -18"><span class='ocrx_word' id='word_1_312' title='bbox 255 4340 357 4401; x_wconf 90' lang='lat' dir='ltr'><strong>mare,</strong></span> <span class='ocrx_word' id='word_1_313' title='bbox 374 4327 409 4385; x_wconf 90' lang='lat' dir='ltr'><strong>et</strong></span> <span class='ocrx_word' id='word_1_314' title='bbox 424 4339 560 4384; x_wconf 90' lang='lat' dir='ltr'><strong>omnem</strong></span> <span class='ocrx_word' id='word_1_315' title='bbox 575 4318 754 4397; x_wconf 87' lang='lat' dir='ltr'><strong>desectum,</strong></span> <span class='ocrx_word' id='word_1_316' title='bbox 771 4317 797 4382; x_wconf 92' lang='lat' dir='ltr'><strong>si</strong></span> <span class='ocrx_word' id='word_1_317' title='bbox 814 4317 886 4400; x_wconf 93' lang='lat' dir='ltr'><strong>quis</strong></span> <span class='ocrx_word' id='word_1_318' title='bbox 902 4317 945 4382; x_wconf 91' lang='lat' dir='ltr'><strong>sit</strong></span> <span class='ocrx_word' id='word_1_319' title='bbox 961 4317 995 4380; x_wconf 92' lang='lat' dir='ltr'><strong>in</strong></span> <span class='ocrx_word' id='word_1_320' title='bbox 1011 4317 1059 4382; x_wconf 93' lang='lat' dir='ltr'><strong>eis</strong></span> <span class='ocrx_word' id='word_1_321' title='bbox 1074 4325 1109 4382; x_wconf 91' lang='lat' dir='ltr'><strong>et</strong></span> <span class='ocrx_word' id='word_1_322' title='bbox 1124 4337 1240 4382; x_wconf 91' lang='lat' dir='ltr'><strong>eorum</strong></span> <span class='ocrx_word' id='word_1_323' title='bbox 1262 4318 1439 4384; x_wconf 87' lang='lat' dir='ltr'><strong>occasione</strong></span> <span class='ocrx_word' id='word_1_324' title='bbox 1462 4319 1618 4385; x_wconf 89' lang='lat' dir='ltr'><strong>commis·</strong></span> 
     </span>
     <span class='ocr_line' id='line_1_37' title="bbox 254 4422 1620 4508; baseline 0.001 -20"><span class='ocrx_word' id='word_1_325' title='bbox 254 4445 317 4504; x_wconf 82' lang='lat' dir='ltr'><strong>sue,</strong></span> <span class='ocrx_word' id='word_1_326' title='bbox 332 4423 376 4489; x_wconf 89' lang='lat' dir='ltr'><strong>de</strong></span> <span class='ocrx_word' id='word_1_327' title='bbox 391 4422 495 4508; x_wconf 83' lang='lat' dir='ltr'><strong>gratia</strong></span> <span class='ocrx_word' id='word_1_328' title='bbox 511 4422 645 4508; x_wconf 84' lang='lat' dir='ltr'><strong>speciali</strong></span> <span class='ocrx_word' id='word_1_329' title='bbox 669 4423 846 4508; x_wconf 90' lang='lat' dir='ltr'><strong>supplere;</strong></span> <span class='ocrx_word' id='word_1_330' title='bbox 873 4441 950 4486; x_wconf 93' lang='lat' dir='ltr'><strong>cum</strong></span> <span class='ocrx_word' id='word_1_331' title='bbox 974 4422 1047 4486; x_wconf 91' lang='lat' dir='ltr'><strong>aliis</strong></span> <span class='ocrx_word' id='word_1_332' title='bbox 1072 4441 1140 4486; x_wconf 91' lang='lat' dir='ltr'><strong>non</strong></span> <span class='ocrx_word' id='word_1_333' title='bbox 1167 4422 1377 4487; x_wconf 89' lang='lat' dir='ltr'><strong>obstantibus</strong></span> <span class='ocrx_word' id='word_1_334' title='bbox 1400 4431 1436 4488; x_wconf 93' lang='lat' dir='ltr'><strong>et</strong></span> <span class='ocrx_word' id='word_1_335' title='bbox 1462 4423 1620 4489; x_wconf 88' lang='lat' dir='ltr'><strong>clausulis</strong></span> 
     </span>
    </p>
   </div>
   <div class='ocr_carea' id='block_1_8' title="bbox 253 4525 672 4613">
    <p class='ocr_par' dir='ltr' id='par_1_13' title="bbox 253 4525 672 4613">
     <span class='ocr_line' id='line_1_38' title="bbox 253 4525 672 4613; baseline -0.002 -20"><span class='ocrx_word' id='word_1_336' title='bbox 253 4529 437 4613; x_wconf 89' lang='lat' dir='ltr'><strong>oportunis.</strong></span> <span class='ocrx_word' id='word_1_337' title='bbox 461 4568 503 4577; x_wconf 95' lang='lat'>-</span> <span class='ocrx_word' id='word_1_338' title='bbox 527 4526 605 4591; x_wconf 89' lang='lat' dir='ltr'><strong>Fiat</strong></span> <span class='ocrx_word' id='word_1_339' title='bbox 632 4525 672 4592; x_wconf 91' lang='lat' dir='ltr'><strong>R.</strong></span> 
     </span>
    </p>
   </div>
   <div class='ocr_carea' id='block_1_9' title="bbox 284 4715 562 4777">
    <p class='ocr_par' dir='ltr' id='par_1_14' title="bbox 284 4715 562 4777">
     <span class='ocr_line' id='line_1_39' title="bbox 284 4715 562 4777; baseline -0.007 -13"><span class='ocrx_word' id='word_1_340' title='bbox 284 4717 312 4777; x_wconf 86' lang='grc'><strong>0)</strong></span> <span class='ocrx_word' id='word_1_341' title='bbox 329 4715 385 4764; x_wconf 77' lang='lat' dir='ltr'><strong>(lul.</strong></span> <span class='ocrx_word' id='word_1_342' title='bbox 399 4715 562 4764; x_wconf 83' lang='lat' dir='ltr'><strong>Merchionis.</strong></span> 
     </span>
    </p>
   </div>
   <div class='ocr_carea' id='block_1_10' title="bbox 249 4855 1615 4994">
    <p class='ocr_par' dir='ltr' id='par_1_15' title="bbox 249 4855 1615 4994">
     <span class='ocr_line' id='line_1_40' title="bbox 285 4855 1615 4920; baseline 0 -13"><span class='ocrx_word' id='word_1_343' title='bbox 285 4862 306 4907; x_wconf 90' lang='lat'><strong>1.</strong></span> <span class='ocrx_word' id='word_1_344' title='bbox 318 4859 383 4907; x_wconf 79' lang='grc'><strong>10111</strong></span> <span class='ocrx_word' id='word_1_345' title='bbox 395 4859 426 4907; x_wconf 72' lang='lat' dir='ltr'><strong>tle</strong></span> <span class='ocrx_word' id='word_1_346' title='bbox 439 4858 589 4920; x_wconf 80' lang='lat' dir='ltr'><strong>CojordanO,</strong></span> <span class='ocrx_word' id='word_1_347' title='bbox 602 4858 699 4920; x_wconf 68' lang='lat' dir='ltr'><strong>dieque</strong></span> <span class='ocrx_word' id='word_1_348' title='bbox 712 4859 734 4906; x_wconf 89' lang='lat' dir='ltr'><strong>le</strong></span> <span class='ocrx_word' id='word_1_349' title='bbox 747 4859 778 4906; x_wconf 83' lang='lat'><strong>23</strong></span> <span class='ocrx_word' id='word_1_350' title='bbox 790 4857 890 4919; x_wconf 79' lang='lat' dir='ltr'><strong>janvier</strong></span> <span class='ocrx_word' id='word_1_351' title='bbox 904 4855 1083 4919; x_wconf 80' lang='grc' dir='ltr'><strong>1319(Ε1061,</strong></span> <span class='ocrx_word' id='word_1_352' title='bbox 1098 4857 1117 4915; x_wconf 88' lang='lat' dir='ltr'><strong>l,</strong></span> <span class='ocrx_word' id='word_1_353' title='bbox 1131 4856 1243 4917; x_wconf 81' lang='grc'><strong>310).-</strong></span> <span class='ocrx_word' id='word_1_354' title='bbox 1260 4859 1284 4905; x_wconf 81' lang='lat'><strong>2.</strong></span> <span class='ocrx_word' id='word_1_355' title='bbox 1296 4857 1358 4905; x_wconf 84' lang='lat' dir='ltr'><strong>l&#39;oir</strong></span> <span class='ocrx_word' id='word_1_356' title='bbox 1370 4872 1394 4907; x_wconf 91' lang='lat' dir='ltr'><strong>n.</strong></span> <span class='ocrx_word' id='word_1_357' title='bbox 1408 4859 1444 4911; x_wconf 82' lang='grc'><strong>13,</strong></span> <span class='ocrx_word' id='word_1_358' title='bbox 1459 4860 1528 4915; x_wconf 88' lang='grc'><strong>1111,</strong></span> <span class='ocrx_word' id='word_1_359' title='bbox 1544 4858 1615 4907; x_wconf 75' lang='grc'><strong>1812.</strong></span> 
     </span>
     <span class='ocr_line' id='line_1_41' title="bbox 249 4931 1118 4994; baseline -0.003 -12"><span class='ocrx_word' id='word_1_360' title='bbox 249 4961 279 4972; x_wconf 91' lang='grc'><strong>-</strong></span> <span class='ocrx_word' id='word_1_361' title='bbox 293 4937 315 4982; x_wconf 83' lang='grc'><strong>3.</strong></span> <span class='ocrx_word' id='word_1_362' title='bbox 328 4934 363 4981; x_wconf 84' lang='lat' dir='ltr'><strong>Le</strong></span> <span class='ocrx_word' id='word_1_363' title='bbox 374 4939 476 4982; x_wconf 84' lang='lat' dir='ltr'><strong>rectcur</strong></span> <span class='ocrx_word' id='word_1_364' title='bbox 486 4933 550 4982; x_wconf 74' lang='lat' dir='ltr'><strong>etuit</strong></span> <span class='ocrx_word' id='word_1_365' title='bbox 563 4932 663 4981; x_wconf 83' lang='lat' dir='ltr'><strong>Arnoul</strong></span> <span class='ocrx_word' id='word_1_366' title='bbox 675 4932 766 4994; x_wconf 76' lang='lat' dir='ltr'><strong>nyken</strong></span> <span class='ocrx_word' id='word_1_367' title='bbox 779 4931 811 4980; x_wconf 89' lang='lat' dir='ltr'><strong>dc</strong></span> <span class='ocrx_word' id='word_1_368' title='bbox 823 4931 910 4980; x_wconf 83' lang='grc'><strong>(101116</strong></span> <span class='ocrx_word' id='word_1_369' title='bbox 922 4947 928 4990; x_wconf 90' lang='grc'><strong>;</strong></span> <span class='ocrx_word' id='word_1_370' title='bbox 940 4932 995 4978; x_wconf 84' lang='grc'><strong>1011</strong></span> <span class='ocrx_word' id='word_1_371' title='bbox 1007 4943 1032 4980; x_wconf 89' lang='lat' dir='ltr'><strong>u.</strong></span> <span class='ocrx_word' id='word_1_372' title='bbox 1048 4931 1118 4979; x_wconf 78' lang='lat'><strong>1857.</strong></span> 
     </span>
    </p>
   </div>
   <div class='ocr_carea' id='block_1_11' title="bbox 0 0 1830 5675">
    <p class='ocr_par' dir='ltr' id='par_1_16' title="bbox 0 0 1830 5675">
     <span class='ocr_line' id='line_1_42' title="bbox 0 0 1830 5675; baseline 0 7"><span class='ocrx_word' id='word_1_373' title='bbox 0 0 1830 5675; x_wconf 95' lang='lat' dir='ltr'><strong> </strong></span> 
     </span>
    </p>
   </div>
  </div>
 </body>
</html>
