3650 5675
300 497 361 562 252
797 497 885 568 1346.
907 497 949 560 30
971 496 1068 564 mal-2
1087 497 1164 578 juin.

299 647 380 711 mini
403 648 579 733 providere
599 671 607 726 3
631 670 700 714 non
726 650 812 713 obst.
829 647 920 730 quod
935 647 1025 712 idem
1041 647 1158 712 Petrus
1175 669 1247 714 can.
1264 655 1298 712 et
1313 650 1405 733 preb.
1422 650 1505 713 eccl.
1529 649 1604 715 coll.
1621 647 1659 713 B.

301 749 349 816 M.
366 751 408 817 de
426 751 540 832 Portu,
558 750 822 832 Claromonten,
839 773 880 816 ac
896 751 1014 837 capell.
1030 751 1073 817 de
1090 751 1265 833 Russoni0,
1284 751 1424 818 Remen.
1440 753 1517 819 dioc
1520 803 1571 835 .....
1583 773 1658 818 nos-

301 856 387 921 citur
402 856 564 922 obtiuere.
580 897 624 906 -
640 855 717 922 Fiat
733 855 774 920 R.

344 959 423 1024 Dat.
438 959 539 1024 Avin.
558 980 575 1044 3
592 960 661 1025 kal.
674 961 757 1045 junii
773 967 806 1024 a⁰
824 967 866 1044 5⁰.
883 960 950 1044 (ll,
973 960 1071 1044 15l')..

350 1096 466 1180 993·
1369 1131 1387 1175 r
1387 1112 1464 1195 346,
1477 1131 1522 1196 3ο
1538 1113 1616 1176 anui.

342 1213 430 1296 Sign.
446 1212 633 1279 Ademarus
650 1224 668 1295 ¹,
685 1213 737 1279 tit.
754 1214 786 1278 S.
803 1213 981 1279 Anastasis
993 1216 1101 1298 presb.
1119 1213 1216 1293 card,
1233 1212 1323 1297 quod
1338 1215 1505 1281 Arnaldus
1519 1216 1562 1281 de
1579 1214 1660 1280 Bos-

298 1327 385 1398 cat0,
401 1321 509 1403 presb.
527 1318 746 1403 Burdegalen.
762 1318 860 1398 dioc,
876 1326 987 1383 rector
1003 1318 1154 1403 parroch.
1171 1319 1252 1384 eccl.
1269 1317 1311 1382 de
1333 1317 1525 1403 Blaycourt,
1542 1318 1661 1384 Came·

297 1441 407 1486 racen.
423 1422 509 1487 dioc.
526 1435 547 1503 ²,
565 1422 658 1507 cujus
673 1422 830 1487 fructus...
849 1442 865 1485 2
871 1441 887 1505 5
905 1421 961 1486 lib.
978 1420 1056 1486 Tur.
1073 1441 1175 1507 paru,
1193 1442 1259 1486 sec.
1275 1430 1342 1486 tax.
1355 1423 1496 1504 decime,
1512 1422 1659 1488 valorem

297 1545 445 1589 annuum
455 1547 523 1590 nou
534 1525 712 1604 excedunt,
729 1524 874 1589 intendit
889 1525 923 1588 in
936 1526 1090 1610 proximo
1100 1528 1160 1589 sub
1171 1524 1310 1608 regulari
1321 1525 1437 1590 habitu
1449 1526 1482 1589 iu
1493 1535 1661 1592 monaste-

298 1629 346 1693 rio
357 1628 388 1693 S.
398 1627 563 1706 Johannis
577 1629 611 1693 in
628 1629 726 1694 Valle
742 1627 934 1708 Camoterr,
946 1629 1015 1694 ord.
1026 1628 1058 1692 S.
1068 1630 1164 1712 Aug,
1175 1629 1337 1693 virtutum
1350 1629 1499 1694 Domino
1510 1630 1660 1695 famulari

299 1741 332 1797 et
349 1733 428 1798 inibi
445 1734 594 1819 recipere
608 1733 762 1798 habiturn
772 1734 967 1816 regularem,
983 1741 1018 1797 et
1033 1732 1159 1798 idcirco
1170 1732 1261 1798 dicta
1277 1735 1359 1798 eccl.
1375 1753 1497 1799 uacare
1512 1743 1662 1821 speratur

299 1838 332 1901 in
348 1839 452 1903 brevi.
470 1838 520 1903 Ea
535 1846 674 1924 propter
689 1859 783 1924 supp.
801 1846 892 1921 quat.
909 1837 1015 1922 ipsam
1043 1838 1125 1902 eccl.
1151 1837 1425 1922 qualitercunque
1446 1847 1522 1924 post
1539 1839 1660 1923 ingres·

299 1963 372 2007 sum
388 1942 470 2008 dicti
486 1942 625 2007 Amaldi
644 1943 677 2007 in
693 1942 809 2007 ordine
825 1948 860 2005 et
874 1941 1082 2006 monasterio
1098 1940 1264 2025 predictis
1276 1961 1332 2006 seu
1349 1937 1453 2006 etiam
1470 1942 1514 2006 ad
1525 1962 1661 2026 presens

300 2067 341 2109 ex
373 2047 446 2111 aliis
477 2047 585 2112 causis
615 2054 723 2127 vacet,
755 2046 993 2112 conferendam
1023 2046 1126 2112 famil.
1158 2067 1216 2112 suo
1247 2045 1407 2112 Gaufrido
1439 2045 1589 2110 Fullonis
1618 2046 1660 2111 de

301 2147 469 2228 Mitriac0,
486 2150 563 2215 cler.
582 2148 731 2215 Melden.
744 2149 842 2230 dioc,
858 2149 1042 2235 dignemini
1059 2171 1237 2215 reservare.
1254 2191 1297 2200 -
1313 2147 1398 2230 Fiat,
1425 2169 1502 2214 cum
1526 2150 1661 2215 vacabit

300 2272 364 2337 per
375 2250 626 2336 professionem.
644 2252 683 2318 R.
700 2252 778 2338 [Vel
794 2255 820 2318 si
843 2253 1080 2337 quovismodo
1096 2262 1194 2320 vacet
1210 2255 1253 2320 ad
1267 2274 1414 2340 presens.
1432 2251 1490 2338 R.]
1508 2259 1532 2317 ¹².

344 2357 423 2422 Dat.
439 2357 540 2422 Avin.
559 2378 576 2441 3
597 2355 665 2421 kal.
678 2357 763 2441 junii
779 2364 813 2420 a⁰
830 2365 872 2440 5⁰.
889 2358 957 2439 (ll,
978 2360 1044 2442 19).

308 2535 311 2540 ·
351 2493 469 2576 994.
1357 2509 1451 2591 1346,
1473 2526 1517 2589 31
1542 2508 1620 2570 mai.

344 2614 445 2699 Supp.
474 2613 641 2678 Firminus
661 2612 704 2677 de
729 2612 931 2696 Coquerello
946 2622 966 2694 ³,
990 2612 1061 2677 dec.
1079 2611 1283 2690 Parisiensis,
1307 2610 1490 2697 quodcum
1511 2610 1663 2696 parroclr.

300 2718 382 2784 eccl.
399 2717 441 2782 de
458 2716 613 2797 Remulli,
631 2715 847 2781 Carneracen.
864 2715 961 2795 dioc,
977 2715 1103 2782 dudum
1120 2736 1193 2780 vac.
1210 2735 1271 2800 pro
1292 2714 1439 2799 eoquod
1453 2735 1542 2798 mag.
1560 2713 1663 2796 Hugo

302 2820 411 2901 Fabri,
427 2829 509 2886 tunc
521 2820 624 2905 ipsius
639 2821 722 2886 eccl.
739 2828 858 2900 rector,
876 2823 968 2904 preb.
985 2819 1066 2885 eccl.
1080 2818 1297 2885 Cameracen.
1314 2817 1375 2883 suit
1390 2826 1568 2897 assecutus
1580 2816 1610 2881 S.
1623 2815 1662 2879 V.

301 2925 446 2991 contulit
469 2925 622 2990 Dionisio
646 2924 771 3004 Pelain,
794 2924 875 2989 dicti
899 2923 1118 3008 supplicantis
1142 2923 1274 3003 cleric0,
1298 2930 1333 2987 et
1358 2922 1466 2987 dictus
1493 2918 1661 2985 Diorrisius

303 3030 410 3114 ipsam
426 3029 508 3093 eccl.
524 3035 660 3113 propter
675 3028 724 3092 sui
737 3028 938 3092 tenuitatem
954 3027 1062 3092 noluit
1078 3034 1265 3112 acceptare,
1279 3046 1374 3111 supp.
1387 3024 1474 3090 idem
1486 3022 1558 3088 dec.
1571 3030 1662 3106 quat.

304 3132 346 3196 de
362 3131 454 3197 dicta
470 3132 551 3196 eccl.
575 3132 622 3196 sic
646 3152 719 3196 vac.
736 3131 845 3195 adhuc
860 3131 951 3196 dom.
969 3131 1131 3215 Gregorio
1146 3130 1189 3197 de
1205 3130 1377 3215 Gayssart,
1401 3131 1520 3215 presb,
1543 3126 1665 3213 capell.

305 3257 375 3314 suu,
392 3235 576 3319 dignemini
590 3235 776 3321 providere.
792 3276 835 3283 —
852 3234 985 3318 FiatR.

350 3338 429 3402 Dat.
444 3338 545 3402 Auin.
563 3358 580 3402 2
597 3337 664 3402 kal.
677 3338 760 3423 junii
777 3346 809 3403 a⁰
827 3346 868 3421 5⁰.
885 3341 953 3422 (ll,
975 3343 1039 3421 16).

356 3474 472 3557 995.
1258 3560 1261 3567 ,
1393 3486 1488 3569 1346,
1505 3508 1524 3549 2
1535 3484 1622 3565 juin.

347 3593 448 3678 Supp.
466 3589 639 3657 Meuricus
655 3591 742 3657 Galli
758 3604 778 3672 ⁴,
796 3594 938 3659 nuncius
953 3602 988 3659 et
1004 3592 1199 3659 secretarius
1224 3590 1427 3677 Engelberti,
1451 3590 1553 3675 episc.
1580 3587 1666 3653 Leo-

304 3698 402 3777 dien,
418 3705 509 3780 quat.
525 3695 544 3772 J
548 3696 685 3777 olranni,
701 3705 783 3762 nato
798 3695 818 3773 J
822 3697 966 3763 ohannis
981 3697 1024 3762 de
1040 3695 1226 3781 Vrechgen,
1240 3696 1322 3761 civis
1334 3692 1520 3770 Colonien.,
1532 3692 1665 3769 clerice,

304 3801 345 3866 de
361 3822 435 3866 can.
451 3801 534 3865 eccl.
551 3799 583 3864 S.
600 3799 749 3864 Severini
766 3798 941 3865 Colonien.
958 3800 1141 3884 dignemini
1156 3798 1343 3884 providere.
1359 3838 1403 3847 -
1419 3796 1498 3863 Fiat
1515 3794 1555 3860 R.

348 3903 435 3969 Item
452 3911 544 3987 quat.
569 3902 781 3984 Wenernaro,
809 3912 893 3968 nato
920 3904 1114 3987 Engelberti
1140 3904 1182 3969 de
1210 3902 1327 3983 Horst,
1349 3900 1513 3986 armigeri,
1541 3900 1665 3965 clerico

305 4008 481 4073 Colonien.
497 4007 596 4087 dioc,
623 4007 665 4071 de
691 4028 774 4088 cau,
802 4010 895 4092 preb.
923 4028 962 4072 ac
990 4007 1116 4073 ferculo
1141 4007 1223 4072 eccl.
1248 4004 1460 4085 Xanctensis,
1489 4004 1665 4069 Colonien.

304 4112 401 4190 dioc,
417 4110 599 4195 dignemini
616 4111 803 4195 providere.
818 4152 861 4159 -
879 4110 955 4175 Fiat
973 4110 1013 4176 R.

347 4216 428 4280 Dat.
446 4215 546 4280 Avin.
563 4237 583 4297 4
598 4235 678 4279 nou.
691 4214 773 4298 junii
791 4223 825 4278 a⁰
843 4224 884 4298 5⁰.
902 4216 970 4297 (ll,
989 4215 1056 4300 21).

355 4351 606 4436 996-999-
1392 4360 1487 4445 1346,
1504 4382 1522 4424 2
1533 4357 1621 4441 juin.

347 4471 435 4554 Sign.
454 4470 685 4554 Engelbertus,
703 4467 804 4553 episc.
821 4465 992 4546 Leodien,
1009 4466 1099 4550 quod
1123 4466 1184 4531 suit
1212 4466 1293 4530 alias
1309 4486 1386 4531 cum
1403 4464 1607 4549 Engelberto
1622 4462 1665 4528 de

335 4658 364 4719 a)
379 4658 419 4704 Ilrr
432 4671 536 4717 murgc:
552 4655 677 4703 Additum.
683 4656 742 4715 suit
755 4656 780 4701 iu
797 4655 919 4718 aripirurli
930 4670 977 4717 [uer
995 4654 1120 4703 rluruiuum
1135 4658 1251 4715 iuraturum,
1262 4657 1286 4701 et
1293 4669 1342 4717 pler·
1351 4654 1532 4703 uraJulrunuem
1546 4652 1577 4701 de
1585 4652 1665 4700 Pistu-

304 4733 343 4778 riu
353 4732 402 4780 leia.

338 4952 360 4998 1.
372 4948 484 4997 Addmur
495 4950 599 4997 Roburt.
611 4976 642 4985 -
660 4951 682 4997 2.
695 4948 758 4996 l'oir
768 4962 794 4996 n.
806 4949 860 5007 680,
875 4949 927 4997 :uu
941 4974 972 4985 -
990 4948 1012 4996 3.
1025 4947 1086 4995 Vuir·
1097 4962 1123 4995 n.
1135 4947 1190 4996 erl.
1203 4974 1234 4987 -
1246 4948 1267 4996 4.
1282 4947 1341 4995 Voir
1352 4960 1379 4995 n.
1390 4946 1444 5005 930,
1457 4946 1515 4995 961.
