3650 5675
688 554 775 627 1349,
800 552 1052 620 sloncumbis
1474 559 1537 624 488

175 706 315 772 ecclesie
339 705 478 792 paroch.
502 706 536 771 in
563 706 658 793 Byrt,
685 706 775 772 dicte
797 705 974 773 Colonien.
1002 708 1099 790 dioc,
1116 728 1218 794 quam
1232 710 1322 775 idem
1338 710 1536 778 Wilbelmus

177 819 258 875 tunc
274 810 377 875 etiam
393 810 578 876 obtinebat.
594 850 639 861 -
655 809 731 875 Fiat
749 808 800 875 R..

221 913 300 979 Dat.
316 912 417 977 Avin.
432 933 513 978 non.
529 913 602 979 dec.
618 921 651 979 a⁰
668 916 709 980 8⁰.
728 915 799 999 (18,
820 914 907 997 102).

230 1073 371 1159 1856·
718 1100 720 1106 ‘
1166 1111 1261 1176 1349,
1277 1095 1299 1156 8
1314 1095 1491 1159 decembre.

221 1194 322 1279 Supp.
335 1191 354 1270 J
357 1193 507 1258 ohannes
524 1190 733 1274 Mulitrescb,
743 1202 854 1259 rector
868 1194 1009 1259 ecclesie
1025 1194 1056 1260 S.
1070 1194 1236 1261 Columbe
1248 1193 1433 1278 Colonien.,
1443 1205 1533 1281 quat.

177 1297 237 1363 sibi
254 1297 296 1361 de
312 1317 385 1363 can.
401 1304 437 1361 et
451 1299 543 1383 preb.
560 1316 601 1361 ac
617 1297 789 1363 scolastria
806 1297 947 1363 ecclesie
962 1298 994 1363 S.
1011 1298 1105 1363 Pauli
1123 1297 1295 1379 Leodien.,
1311 1321 1377 1383 que
1391 1300 1533 1386 simplex

177 1400 290 1465 existit
315 1398 462 1466 officium
479 1419 504 1465 s.
520 1419 551 1465 c.
573 1400 731 1484 cujusque
760 1400 885 1465 fructus
910 1408 946 1465 et
970 1401 1118 1466 redditus
1143 1402 1293 1468 valorem
1319 1424 1467 1469 annuum
1493 1426 1536 1489 30

176 1504 379 1571 florenorum
394 1504 463 1569 auri
479 1504 534 1569 vel
551 1503 638 1569 circa
663 1522 732 1569 non
757 1503 935 1585 excedunt,
961 1524 1035 1570 vac.
1051 1504 1085 1569 in
1101 1506 1192 1571 curia
1214 1527 1275 1592 per
1296 1508 1350 1573 ob.
1363 1507 1535 1591 quondam

180 1608 319 1675 Henrici
335 1609 377 1674 de
392 1607 521 1689 Wicde,
532 1608 634 1694 ipsius
645 1608 786 1691 ecclesie
799 1606 953 1673 canonici
976 1616 1012 1673 et
1033 1610 1194 1692 scolastri,
1210 1611 1267 1695 qui
1290 1618 1387 1677 extra
1411 1612 1536 1677 curiam

178 1733 275 1778 suum
297 1711 387 1777 diem
399 1714 518 1778 clausit
534 1721 731 1794 extremum,
755 1713 913 1797 cujusque
940 1713 1104 1779 beneficia
1127 1722 1207 1779 ante
1231 1716 1302 1799 ejus
1327 1718 1383 1781 ob.
1405 1715 1538 1783 fuerunt

178 1824 358 1897 reservata,
374 1815 556 1901 dignemini
571 1815 746 1904 providere
762 1837 852 1895 ;non
869 1818 955 1882 obst.
967 1816 1058 1900 quod
1073 1816 1162 1882 idem
1172 1817 1346 1895 Johannes
1362 1820 1538 1887 ecclesiam

178 1919 367 2006 predictam
383 1940 513 1986 accan.
539 1928 574 1985 et
600 1922 691 2007 preb.
708 1940 785 1985 cum
801 1920 927 1985 ferculo
942 1919 976 1983 in
992 1919 1134 1985 ecclesia
1148 1918 1346 2003 Xanctensi,
1362 1921 1537 1991 Colonien.

179 2022 277 2104 dioc,
299 2024 448 2089 noscitur
462 2023 623 2090 obtinere.
639 2064 682 2073 -
698 2022 776 2088 Fiat
792 2022 832 2089 R.

224 2126 304 2191 Dat.
319 2127 420 2194 Avin.
434 2132 452 2192 6
468 2127 513 2193 id.
528 2128 601 2193 dec.
617 2134 651 2192 a⁰
667 2129 710 2192 8⁰.
727 2127 799 2212 (18,
820 2129 907 2212 105).

235 2291 373 2400 1857.
1146 2324 1242 2390 1349,
1259 2326 1300 2370 ro
1317 2311 1495 2375 decembre.

227 2408 328 2495 Supp.
341 2410 509 2475 Amoldus
524 2409 566 2475 de
582 2410 703 2476 Goerle
717 2429 737 2491 ¹,
754 2410 892 2476 clericus
907 2416 942 2475 et
958 2409 1153 2474 secretarius
1164 2405 1338 2491 Johannis,
1351 2411 1444 2477 ducis
1459 2411 1539 2477 Bra-

183 2514 307 2595 bantie,
335 2521 428 2597 quat.
453 2514 515 2580 sibi
541 2513 584 2579 de
610 2514 777 2580 decanatu
793 2512 831 2579 B.
855 2512 931 2579 Ode
962 2512 1135 2591 Rodensis‚
1164 2510 1324 2579 Leodien.
1349 2513 1447 2596 dioc,
1474 2516 1536 2581 etsi

183 2616 292 2681 eidem
318 2616 496 2683 decanatui
523 2638 602 2683 cura
627 2617 763 2705 paroch.
790 2616 931 2683 ecclesie
957 2615 1037 2681 dicti
1065 2614 1130 2680 loci
1156 2615 1200 2680 sit
1224 2637 1365 2699 annexa,
1392 2639 1467 2685 vac.
1497 2620 1541 2685 ad

182 2738 319 2803 presens
334 2739 393 2806 per
408 2722 463 2787 ob.
478 2740 565 2805 mag.
589 2720 745 2806 Symonis
760 2719 802 2784 de
820 2718 952 2784 Herent
966 2737 989 2799 ²,
1004 2718 1113 2783 ultimi
1136 2718 1237 2804 ipsius
1252 2722 1393 2787 ecclesie
1408 2722 1539 2805 decani,

183 2822 270 2889 sedis
285 2831 393 2911 apost.
417 2824 591 2912 capellani,
616 2832 711 2890 extra
738 2823 835 2890 Rom.
852 2823 979 2890 curiam
1003 2821 1162 2904 defuncti,
1179 2823 1271 2910 cujus
1286 2826 1427 2891 ecclesie
1442 2825 1540 2893 deca·

183 2934 282 2993 natus
298 2928 372 3013 ipso
386 2937 530 2994 vacante
545 2928 703 2994 electioni
719 2928 821 2993 libere
837 2926 881 2992 ad
897 2927 1082 3011 capitulum
1106 2926 1187 2992 dicti
1212 2927 1279 2993 loci
1306 2929 1539 3015 electioneque

182 3033 351 3096 celebrata
366 3032 530 3118 peridem
552 3032 736 3119 capitulum
751 3031 957 3117 presentatio
972 3051 1031 3116 per
1045 3031 1154 3116 ipsum
1166 3031 1283 3097 illustri
1298 3032 1375 3098 duci
1389 3033 1542 3120 predicto

183 3143 234 3200 est
244 3135 408 3217 facienda,
419 3156 665 3220 consensusque
675 3135 823 3222 ejusdem
838 3135 1013 3221 petendus,
1024 3133 1163 3220 ipsoque
1173 3137 1316 3200 obtento
1328 3137 1538 3204 continuatio

183 3237 226 3303 ad
257 3239 441 3324 capitulum
472 3239 643 3320 Leodien.,
673 3258 751 3304 cure
780 3259 860 3303 vero
891 3237 1049 3303 admissio
1082 3237 1125 3303 ad
1162 3239 1227 3305 loci
1265 3240 1537 3308 archidiaconum

183 3342 323 3428 predicti
339 3351 491 3429 spectare
506 3343 734 3423 dinoscuntur,
746 3341 930 3426 dignemini
945 3340 1201 3428 providere‚non
1212 3345 1320 3410 obst...
1330 3364 1396 3430 que
1411 3346 1542 3412 obtinet

183 3447 354 3512 beneficiis
368 3447 403 3512 in
419 3448 617 3515 cancellaria
631 3446 870 3512 declarandis...
886 3487 930 3495 —
946 3445 1024 3510 Fiat
1040 3444 1080 3511 R.

227 3549 306 3615 Dat.
321 3551 421 3617 Avin.
437 3573 457 3636 4
472 3551 515 3618 id.
531 3551 604 3616 dec.
620 3557 654 3614 a⁰
670 3553 712 3615 8⁰.
729 3551 800 3634 (18,
820 3552 925 3634 187').

235 3719 374 3803 1858.
1148 3737 1243 3814 1349,
1260 3749 1301 3794 ιο
1317 3730 1496 3794 (ἰέεενηόνε.

224 3837 326 3925 Supp.
358 3837 587 3905 Gbiselbertus
613 3837 656 3903 de
682 3836 854 3916 Abcoude,
881 3839 973 3917 baro,
1002 3835 1157 3900 domiuus
1190 3834 1233 3898 de
1265 3831 1472 3912 Gbaesbeec,
1498 3852 1537 3897 ac

182 3942 361 4010 Brabantie
384 3944 478 4010 ducis
502 3943 611 4009 socius
625 3951 660 4008 et
675 3942 892 4022 consiliarius,
920 3947 1011 4025 quat.
1039 3939 1100 4005 sibi
1118 3946 1153 4003 et
1168 3937 1262 4002 uxori
1286 3957 1344 4002 sue
1359 3934 1538 4014 Johanne³

181 4052 316 4138 plenam
342 4049 571 4115 remissionem
598 4047 747 4114 omnium
772 4054 987 4133 peccatorum
1011 4063 1145 4110 suorum
1172 4063 1192 4107 a
1218 4061 1306 4127 pena
1334 4049 1368 4105 et
1394 4060 1414 4105 a
1440 4039 1539 4126 culpa

183 4157 285 4221 semel
312 4162 445 4220 tantum
461 4155 494 4218 in
511 4153 628 4218 mortis
652 4151 801 4232 articulo,
819 4159 853 4215 et
868 4158 906 4215 ut
922 4149 1018 4214 altari
1034 4147 1189 4234 portabili
1205 4147 1254 4212 uti
1270 4146 1416 4223 valeant,
1439 4162 1539 4228 super

183 4280 250 4345 quo
264 4259 401 4325 missam
418 4266 452 4324 et
468 4259 533 4324 alia
548 4257 660 4323 divina
687 4255 797 4322 officia
813 4255 846 4320 in
862 4274 922 4319 sua
938 4261 972 4318 et
987 4252 1196 4318 familiarium
1222 4270 1356 4317 suorum
1371 4247 1539 4333 presentia

182 4371 363 4447 antequam
379 4363 551 4429 illucescat
575 4361 655 4442 dies,
671 4369 706 4426 et
722 4361 755 4424 in
771 4361 853 4426 locis
877 4357 1072 4438 interdictis,
1088 4358 1168 4422 dum
1184 4363 1296 4420 tamen
1320 4373 1455 4418 causam
1471 4370 1539 4416 non

183 4468 334 4534 dederint
349 4467 538 4552 hujusmodi
550 4465 727 4532 interdicto
738 4465 926 4547 ubicunque
942 4482 1000 4527 eos
1014 4462 1068 4526 vel
1085 4462 1227 4526 alterum
1243 4478 1358 4523 eorum
1374 4455 1541 4522 declinare

218 4701 239 4749 l.
253 4699 277 4748 Il
289 4699 380 4747 devint
399 4698 458 4762 plus
476 4697 536 4746 tard
552 4698 636 4759 ‹loyen
655 4696 688 4744 de
708 4694 784 4742 N.·D.
797 4695 812 4741 a
824 4695 923 4741 Ansers
934 4695 961 4739 et
977 4693 1017 4738 est
1033 4685 1085 4738 cite
1098 4701 1131 4736 en
1142 4691 1211 4736 cette
1226 4684 1362 4748 qualitele
1374 4687 1389 4731 6
1401 4684 1544 4731 mara1362

186 4773 284 4836 (Anat,
297 4772 370 4830 XVI,
384 4774 449 4831 348).
462 4771 484 4819 ll
496 4770 540 4833 n'y
551 4785 567 4819 a
579 4784 625 4833 pas
635 4768 667 4817 de
678 4769 757 4816 doute
768 4781 818 4828 quc
829 4764 946 4814 l‘Arnold
960 4763 975 4824 (
981 4763 1037 4810 Van
1051 4760 1140 4820 Goula,
1157 4759 1261 4821 Groek)
1273 4757 1324 4807 cite
1332 4772 1432 4806 comme
1443 4754 1504 4804 cure
1514 4756 1546 4804 de

186 4847 335 4909 Rysberglre
347 4861 379 4894 en
394 4847 455 4894 1347
468 4849 494 4893 et
508 4846 570 4892 1360
590 4843 660 4906 (Van
674 4841 795 4901 Laborem
809 4840 835 4888 S.
848 4840 945 4886 Barim.
959 4837 1073 4896 Docum,
1091 4849 1135 4898 pp.
1153 4837 1191 4893 65,
1205 4835 1253 4896 761,
1266 4834 1316 4880 soit
1328 4833 1352 4881 le
1363 4831 1446 4879 meme
1456 4830 1547 4891 qu'Ar·

185 4921 248 4969 nold
268 4921 367 4982 Aykcn.
380 4919 425 4980 qui
437 4919 479 4966 fut
497 4917 599 4966 nomme
613 4919 707 4966 acette
726 4931 787 4964 cure
799 4914 822 4963 le
835 4916 864 4962 17
877 4912 1016 4962 novembre
1037 4911 1096 4960 1341
1118 4908 1212 4969 (vidui,
1225 4923 1250 4956 n.
1263 4908 1328 4955 6667
1341 4922 1347 4966 ;
1361 4906 1462 4965 Kirscb‚
1473 4903 1551 4964 Korn,

187 4995 246 5054 266)
259 5011 264 5052 ;
276 4995 331 5042 voir
343 5008 368 5042 n.
382 4994 497 5042 11137.-
509 4995 531 5040 2.
543 4991 605 5039 Voir
617 5005 643 5039 n.
655 4993 709 5048 956,
723 4991 793 5038 1053.
807 5017 838 5024 -
850 4990 872 5036 3.
884 4988 967 5045 brom,
980 4985 1087 5033 Ballar.
1101 4983 1214 5046 ibajr‘ct,
1226 4996 1253 5030 n.
1266 4981 1335 5040 1336,
1349 4981 1420 5030 1338.
