3650 5675
644 511 732 586 1349,
755 511 846 576 20-21
870 513 956 577 avril.
1426 521 1483 584 419

122 678 190 724 non
205 660 290 723 obst.
307 657 398 742 qnod
413 659 589 725 ecclesiam
605 661 647 727 de
663 659 784 746 Lorey,
803 660 933 729 Meten.
949 664 1047 746 dioc,
1065 667 1205 732 obtinet.
1218 708 1262 718 -
1273 667 1350 735 Fiat
1362 679 1427 737 etc.
1441 670 1481 736 R.
1514 660 1518 669 ⁴

167 761 244 826 Dat.
260 761 361 827 Avin.
381 783 417 826 12
434 761 500 829 kal.
516 764 596 829 maii
612 772 645 828 a⁰
662 772 703 848 7⁰.
721 766 790 849 (17,
809 787 826 830 2
831 769 898 850 58).

176 898 313 980 1557.
496 957 500 964 -
1171 939 1265 1004 1349,
1282 941 1324 984 20
1340 922 1437 987 avril.

165 1016 265 1102 Supp.
291 1015 526 1100 Stephanellus
556 1016 598 1082 de
629 1016 817 1104 Columpna
834 1030 852 1100 ¹,
878 1028 969 1105 quat.
1005 1022 1269 1114 [consanguineo
1299 1043 1360 1090 suo
1390 1024 1480 1090 dom.

124 1119 266 1184 Geraldo
282 1118 324 1184 de
345 1119 757 1202 Picalottis,nttrebate11.
774 1123 967 1211 canonico],
994 1126 1037 1190 de
1064 1146 1137 1192 can.
1164 1135 1199 1191 et
1225 1130 1316 1213 preb.
1341 1123 1480 1194 ecclesie

123 1223 348 1305 Cameracen,
364 1245 449 1308 qnos
463 1223 553 1290 idem
569 1225 802 1312 Stephanellus
818 1229 963 1294 obtinuit
979 1230 1012 1294 in
1029 1230 1146 1296 eadem
1163 1233 1244 1297 eccl.
1261 1240 1295 1297 et
1311 1233 1481 1316 quosresi-

122 1327 280 1410 giravit...
296 1326 479 1411 dignemini
495 1328 670 1414 providere
685 1352 693 1410 ;
711 1350 779 1396 non
795 1331 989 1416 obst.quod
1008 1335 1146 1419 paroch.
1157 1336 1239 1400 eccl.
1251 1335 1293 1401 de
1315 1333 1481 1400 Bellocas-

123 1440 185 1510 tro,
202 1428 397 1496 Narbonen.
412 1431 511 1512 dioc,
527 1433 610 1498 etin
636 1435 717 1500 eccl.
744 1436 941 1503 Atrebaten.
958 1457 1032 1502 can.
1048 1447 1083 1503 et
1098 1441 1189 1524 preb.
1212 1459 1252 1504 ac
1268 1433 1482 1525 persenatum

2 1556 3 1565 ¹
124 1535 167 1599 de
190 1527 305 1616 Bonis,
321 1535 518 1601 Atrebaten.
533 1534 631 1617 dioc,
647 1537 796 1603 noscitur
811 1539 973 1604 obtinere.
989 1581 1032 1590 -
1049 1539 1125 1606 Fiat
1141 1539 1182 1607 R.

168 1639 248 1705 Dat.
264 1639 364 1705 Avin.
385 1661 420 1704 12
438 1638 505 1705 kal.
521 1640 601 1705 maii
618 1648 652 1705 a⁰
669 1649 710 1724 7⁰.
728 1642 796 1724 (17,
815 1643 904 1726 260).

180 1776 319 1861 1558.
454 1848 456 1851 .
1089 1784 1094 1792 ’
1174 1795 1441 1879 1310210001.

170 1896 300 1982 Supp...
323 1893 522 1982 [Firminus]
540 1906 560 1975 ²,
577 1896 753 1982 episcopus
769 1895 803 1962 N
806 1897 984 1979 oviomen,
993 1897 1211 1964 cancellarius
1224 1897 1376 1980 Francie,
1393 1904 1484 1982 quat.

126 1999 242 2086 nepoti
257 2020 317 2065 suo
333 1997 353 2076 J
356 1999 481 2064 obanni
497 1998 590 2064 dicto
607 1996 759 2065 Mutonis
774 1999 816 2065 de
833 1999 1034 2085 Coquerello
1049 2000 1091 2066 de
1108 2023 1181 2068 can.
1195 2011 1229 2067 et
1242 2005 1331 2087 preb.
1345 2001 1486 2068 ecclesie

126 2104 327 2170 Ambianen.
344 2102 526 2187 dignemini
542 2102 717 2188 providere
729 2125 738 2183 ;
752 2123 821 2169 non
839 2106 924 2170 obst.
942 2105 1032 2189 qnod
1060 2126 1134 2171 can.
1151 2115 1186 2171 et
1200 2109 1292 2192 preb.
1310 2106 1342 2170 in
1358 2106 1485 2171 Torna-

128 2227 201 2274 cen.
217 2215 252 2272 et
267 2206 306 2272 B.
323 2204 373 2272 M.
388 2226 494 2293 prope
508 2205 712 2271 Avinionem
727 2206 880 2272 obtinere
894 2216 1062 2275 noscatur.
1079 2250 1121 2259 —
1138 2209 1213 2275 Fiat
1230 2210 1270 2275 R.

172 2313 251 2377 Dat.
267 2312 366 2377 Avin.
387 2332 422 2376 11
440 2308 508 2375 kal.
525 2311 604 2376 maii
622 2319 655 2376 a⁰
672 2318 714 2394 7⁰.
732 2312 801 2394 (17,
820 2314 926 2397 249*)·

60 2453 69 2470 ’
184 2448 325 2531 1559.
1178 2485 1272 2548 1349,
1290 2485 1330 2528 21
1348 2467 1444 2530 avril.

173 2567 274 2654 Supp.
291 2566 475 2654 Philippus,
491 2587 549 2631 rex
566 2565 716 2647 Francie,
734 2576 824 2652 quat.
844 2567 984 2654 [clerico
1000 2576 1034 2633 et
1051 2567 1240 2633 consiliario
1255 2588 1315 2633 suo
1331 2569 1489 2652 magistro

132 2670 269 2757 Hugoni
287 2670 386 2752 Ruffi,
402 2671 436 2734 in
452 2669 577 2735 artibus
592 2679 627 2735 et
642 2670 786 2736 decretis
801 2669 993 2757 licentiato]
1011 2681 1031 2751 ³,
1044 2670 1086 2736 de
1102 2690 1175 2736 can.
1192 2678 1227 2735 et
1241 2674 1334 2757 preb.
1350 2670 1490 2735 ecclesie

131 2773 300 2842 Morinen.
316 2794 389 2841 vac.
405 2773 449 2840 ad
463 2793 599 2861 presens
623 2794 683 2861 per
708 2781 853 2839 mortem
879 2771 1044 2852 Johannis
1070 2772 1219 2856 Bruneti,
1244 2773 1334 2840 dicte
1349 2773 1490 2839 ecclesie

97 2946 100 2950 .
130 2880 284 2946 canonici
299 2882 401 2964 preb,
418 2878 475 2962 qui
490 2878 524 2942 in
541 2878 631 2944 curia
648 2877 747 2943 Rom.
764 2877 852 2944 diem
870 2879 990 2944 clausit
1000 2886 1198 2960 extremum,
1209 2898 1267 2944 seu
1279 2878 1362 2945 alias
1373 2878 1491 2962 quovis

130 2983 234 3049 modo
258 2982 464 3063 vacantibus
489 3002 566 3047 cum
593 2982 748 3048 omnibus
768 2981 895 3066 juribus
923 2990 958 3047 et
981 2982 1192 3069 pertinentiis
1217 2983 1283 3049 suis
1309 2982 1491 3067 dignemini

130 3086 317 3174 providere,
334 3106 411 3152 cum
427 3086 627 3151 inhibitione
637 3093 672 3150 et
681 3085 840 3165 decret03
857 3106 926 3151 non
943 3088 1029 3151 obst.
1040 3086 1132 3172 quod
1140 3086 1210 3173 ipse
1224 3084 1328 3171 Hugo
1339 3084 1491 3171 parroch.

131 3191 214 3257 eccl.
230 3190 273 3256 de
289 3189 424 3270 Oziaco,
441 3188 656 3255 Cameracen.
672 3188 880 3277 dioc.,>cujus
895 3191 1021 3257 fructus
1037 3199 1102 3257 etc.
1129 3212 1171 3275 40
1186 3192 1295 3257 librar.
1322 3191 1492 3256 Toronen.

130 3314 323 3381 parvorum,
334 3292 616 3359 sectaxationem
626 3291 766 3375 decime,
777 3294 927 3359 valorem
941 3314 1088 3359 annuum
1099 3315 1167 3360 non
1181 3293 1359 3375 excedunt,
1370 3302 1405 3359 et
1417 3315 1491 3361 can.

131 3397 274 3463 ecclesie
288 3398 500 3462 Attrebaten.
516 3398 576 3461 sub
593 3416 668 3481 exp.
693 3400 796 3482 preb,
824 3406 894 3463 tam
920 3398 1121 3465 anctoritate
1147 3398 1333 3464 litterarum
1349 3399 1403 3464 iel.
1426 3419 1491 3464 rec.

129 3499 259 3567 domini
275 3497 295 3576 J
298 3500 441 3566 ohannis
455 3520 542 3586 pape
558 3496 696 3596 lllllll*9
713 3521 814 3584 quam
829 3510 1025 3583 vestrarum,
1042 3502 1260 3587 pontificatus
1286 3484 1386 3567 vestri
1402 3521 1492 3566 anno

128 3606 249 3692 primo,
266 3624 407 3688 quarum
422 3606 551 3670 nullum
577 3604 794 3669 commodum
821 3601 933 3666 extitit
958 3610 1139 3682 assecutus
1167 3600 1328 3679 obtineat,
1356 3609 1390 3665 et
1413 3604 1490 3665 ben.

129 3708 212 3775 eccl.
228 3729 253 3773 s.
270 3728 299 3773 c.
315 3708 358 3774 ad
373 3709 631 3775 collationem...
649 3706 808 3793 episcopi,
825 3704 944 3771 decani
961 3712 997 3769 et
1012 3703 1149 3789 capituli
1177 3703 1317 3773 ecclesie
1335 3702 1489 3768 Camera-

129 3832 204 3878 cen.
220 3811 429 3897 conjunctim
444 3812 499 3876 vel
514 3811 645 3877 divisim
665 3808 867 3896 [spectans],
880 3806 1010 3874 etiamsi
1027 3806 1060 3870 in
1071 3806 1152 3872 eccl.
1166 3806 1349 3871 cathedrali
1360 3806 1490 3887 existat,

129 3924 288 3982 noscatur
304 3924 495 4001 expectare.
513 3956 555 3966 -
572 3913 648 3979 Fiat
663 3914 704 3979 R.

176 4017 264 4083 Item
280 4039 375 4106 supp.
391 4018 501 4085 dictus
518 4017 631 4104 Hugo,
648 4025 739 4102 quat.
755 4018 827 4097 sibi,
855 4024 890 4081 et
905 4015 1015 4080 Aelidi
1037 4013 1135 4079 matri
1163 4034 1204 4079 ac
1230 4012 1378 4091 Johanni
1402 4015 1491 4079 fratri

130 4124 199 4187 suis
213 4123 349 4208 plenam
365 4122 517 4188 omnium
532 4129 748 4208 peccatorum
763 4142 897 4187 suorum
921 4118 1162 4203 indulgentiam
1186 4117 1369 4201 dignemini
1395 4119 1492 4184 mise-

131 4224 307 4291 ricorditer
322 4225 504 4311 indulgere,
520 4233 557 4290 ut
573 4225 740 4292 informa.
757 4264 798 4275 -
815 4224 892 4289 Fiat
909 4223 949 4288 R.

177 4329 259 4394 Dat.
274 4329 374 4395 Avin.
395 4350 429 4394 11
448 4328 516 4394 kal.
533 4329 612 4394 maii
630 4336 664 4393 a⁰
681 4337 723 4412 7⁰.
740 4330 807 4411 (17,
826 4327 916 4412 ²51)-

187 4465 332 4550 1560.
1185 4495 1280 4559 1349,
1298 4497 1338 4540 11
1355 4478 1452 4543 avril.

179 4585 281 4671 Supp.
298 4584 425 4669 Symon
441 4583 483 4648 de
501 4582 638 4649 Calstris
652 4595 673 4664 ⁴,
690 4582 829 4649 clericus
845 4579 1005 4648 Leodien.
1022 4578 1120 4661 dioc,
1136 4587 1227 4665 quat.
1244 4579 1305 4645 sibi
1322 4580 1364 4646 de
1377 4601 1452 4653 can.
1463 4590 1497 4647 et

170 4742 192 4789 l.
204 4738 267 4788 Voir
278 4754 303 4789 n.
316 4741 387 4788 1162.
399 4768 431 4778 -
443 4742 466 4789 2.
478 4740 578 4788 Firmin
597 4740 630 4788 de
649 4740 795 4801 0001100101,
816 4737 920 4788 nomme
939 4739 963 4787 le
985 4737 1247 4797 111101011111101318,
1266 4734 1361 4785 decedo
1376 4740 1456 4784 avent
1476 4736 1500 4782 lc

135 4816 169 4863 23
188 4812 324 4862 decembre
344 4813 406 4861 1340
425 4813 530 4875 (Enbcl,
549 4813 569 4873 1,
589 4814 655 4871 3903
676 4812 802 4872 Molinier‚
819 4812 972 4870 Obitrrur'rer,
986 4812 1132 4872 1,589).-
1150 4811 1172 4859 3.
1184 4810 1246 4858 Voir
1257 4824 1282 4857 n.
1294 4810 1349 4858 ³83.
1361 4837 1393 4847 -
1402 4810 1425 4858 4.
1438 4809 1502 4856 Sans

135 4888 223 4946 «toute,
235 4886 302 4935 celui
314 4888 359 4947 qui
370 4886 462 4935 devint
472 4886 531 4949 plns
542 4886 602 4935 tani
613 4886 687 4935 chen.
697 4887 729 4935 de
742 4889 766 4936 S.
774 4887 897 4935 humbert
911 4886 952 4947 (de
962 4885 1058 4944 Tbeux,
1070 4884 1162 4944 111111
1174 4900 1180 4943 ς
1192 4884 1226 4932 ci.
1238 4883 1396 4943 Demeuldrc,
1407 4880 1502 4929 Annul.

134 4960 173 5010 du
189 4958 278 5010 Cerele
288 4960 362 5011 areb.
373 4958 406 5008 de
416 4959 536 5025 orontes,
549 4959 598 5023 111,
610 4961 678 5026 120).
