3650 5675
662 470 749 545 1345,
772 471 791 535 6
813 472 995 553 septembre.
1444 470 1508 539 225

146 618 268 705 capell.
282 619 313 685 S.
330 618 469 705 Spiritus
484 618 518 683 in
536 618 618 685 eccl.
636 616 802 685 Morinen.
817 642 826 701 ;
844 628 879 685 et
894 620 974 687 licet
988 620 1022 685 in
1035 619 1175 707 supplic
1198 640 1258 706 per
1273 619 1305 686 S.
1321 618 1362 685 V.
1378 618 1509 704 signata

144 730 317 809 peteretur
333 722 423 807 quod
438 722 564 789 dictam
579 724 720 809 gratiam
735 734 831 794 motu
857 727 992 813 proprio
1015 725 1178 807 faceretis,
1194 746 1237 790 ne
1253 725 1319 791 alia
1333 724 1507 805 beneficia,

143 844 209 909 que
227 823 336 891 dictus
352 824 538 892 Bernardus
555 827 695 910 obtinet,
722 829 757 894 in
783 828 873 895 dicta
897 828 1141 919 supplicatione
1164 828 1304 916 exprimi
1327 835 1507 919 oporteret,

142 936 258 995 tamen
278 929 317 995 E.
334 928 374 996 V.
391 929 422 995 S.
439 930 482 996 de
508 940 604 998 motu
620 932 754 1018 proprio
768 932 871 998 nichil
887 933 982 1000 dnit.
999 934 1109 1018 Quare
1125 933 1260 1020 placeat
1283 932 1323 998 E.
1339 931 1371 997 S.
1388 952 1507 998 conce-

142 1032 234 1115 dere,
250 1032 342 1119 quod
360 1034 451 1101 dicta
465 1035 638 1118 beneficia,
655 1057 720 1121 que
735 1036 844 1103 dictus
860 1036 1048 1104 Bernardus
1063 1038 1204 1119 obtinet,
1221 1037 1254 1102 in
1270 1036 1389 1102 litteris
1405 1035 1508 1103 confi·

143 1138 272 1205 ciendis
287 1138 490 1226 superdicta
505 1160 551 1226 gr.
576 1141 610 1207 in
633 1142 909 1208 vicecancellaria
935 1143 1171 1229 exprimantur,
1195 1149 1231 1207 et
1254 1140 1344 1226 quod
1370 1139 1508 1227 perinde

129 1242 257 1331 'spicat
273 1265 312 1311 ac
329 1245 355 1311 si
372 1245 406 1311 in
423 1246 670 1333 supplicatione
686 1246 836 1333 predicta
853 1246 990 1313 fuissent
1005 1266 1172 1334 expressa.
1184 1286 1228 1296 -
1244 1244 1320 1311 Fiat
1336 1244 1377 1311 R.

171 1380 273 1461 Ι905.
291 1392 390 1477 Item,
407 1395 511 1461 etiam
522 1396 613 1463 dicta
624 1395 656 1461 S.
672 1394 723 1477 V,
735 1395 779 1461 ad
794 1394 993 1460 instantiam
1004 1393 1085 1460 dicti
1101 1392 1261 1481 episcopi,
1271 1390 1352 1458 fecit
1366 1411 1413 1477 gr.
1430 1386 1509 1456 Gui-

142 1495 222 1563 doni
240 1496 283 1564 de
300 1498 396 1565 Bova
413 1509 432 1582 ¹,
450 1500 526 1568 cler.
543 1509 578 1567 et
600 1500 755 1567 familiari
771 1499 852 1566 dicti
877 1499 1036 1586 episcopi,
1052 1498 1095 1564 de
1111 1498 1230 1585 capell.
1246 1495 1285 1563 B.
1300 1494 1349 1562 Μ.
1367 1496 1400 1562 in
1427 1496 1509 1562 eccl.

145 1599 327 1685 Morinen.,
344 1612 443 1691 prout
459 1605 492 1670 in
508 1604 754 1691 supplicatione
769 1624 829 1692 per
849 1604 879 1669 S.
897 1602 937 1669 V.
954 1603 1157 1691 superdicta
1172 1624 1219 1689 gr.
1235 1602 1365 1689 signata
1381 1600 1511 1688 plenius

144 1707 362 1789 continetur;
388 1709 422 1773 in
450 1728 516 1793 qua
540 1709 676 1794 quidem
700 1709 945 1796 supplicatione
970 1717 1047 1774 sunt
1070 1708 1181 1795 posita
1202 1708 1267 1773 ista
1287 1707 1399 1787 verba,
1421 1704 1511 1789 quod

144 1812 291 1879 eandem
322 1813 452 1899 capell,
479 1822 617 1900 propter
646 1814 695 1880 sui
719 1814 842 1881 valoris
872 1813 1080 1901 paucitatem
1110 1821 1145 1879 et
1176 1811 1277 1899 ipsius
1306 1809 1513 1880 fundationis

142 1903 354 1998 servitutem,
380 1916 599 2003 impetrantes
620 1919 800 1984 noluerunt
827 1926 1014 2004 acceptare,
1038 1926 1103 1984 etc.
1127 1917 1238 2001 Quare
1262 1916 1396 2003 placeat
1422 1913 1462 1979 E.
1479 1913 1511 1978 S.

119 2090 121 2097 ,
142 2020 235 2105 quod
264 2020 355 2089 dicta
379 2024 482 2088 verba
509 2022 666 2090 dedicta
693 2023 939 2111 supplicatione
954 2023 1125 2103 tollantur,
1152 2029 1188 2089 et
1214 2020 1305 2106 quod
1330 2019 1365 2087 in
1394 2017 1513 2085 litteris

140 2146 241 2213 super
258 2122 322 2191 hiis
338 2126 554 2192 conficiendis
569 2127 707 2195 minime
731 2135 955 2215 apponantur.
975 2164 1007 2177 ·-
1029 2125 1106 2193 Fiat
1121 2125 1163 2193 R.

185 2230 268 2299 Dat.
284 2231 384 2297 Avin.
402 2254 421 2316 4
437 2230 503 2298 kal.
520 2241 605 2318 sept.
621 2240 654 2297 a⁰
670 2241 713 2318 4⁰.
730 2234 779 2318 (9,
800 2233 901 2319 163t).

190 2378 314 2463 906.
1133 2410 1229 2478 1345,
1246 2391 1265 2455 6
1281 2390 1471 2481 septembre.

187 2498 294 2585 Supp.
311 2494 541 2584 (Bernardus),
557 2497 610 2566 tit.
638 2498 670 2565 S.
698 2496 819 2565 Ciriaci
843 2496 876 2563 in
901 2494 1032 2563 Tennis
1058 2498 1166 2585 presb.
1192 2495 1293 2579 card,
1319 2502 1410 2581 quat.
1438 2511 1516 2560 curn

146 2600 216 2688 ipse
232 2622 352 2688 nuper,
368 2601 411 2669 de
426 2602 590 2670 mandato
605 2624 665 2691 per
680 2603 711 2669 S.
743 2603 849 2691 ipsam
872 2622 971 2689 super
995 2602 1062 2667 hoc
1084 2600 1162 2666 vive
1176 2598 1270 2666 vocis
1297 2598 1432 2665 oraculo
1454 2598 1515 2663 sibi

146 2706 252 2789 lacto,
269 2729 289 2773 a
301 2706 320 2786 J
324 2708 457 2775 ohanne
473 2708 515 2775 de
531 2710 563 2775 S.
577 2708 770 2789 Eustachio,
783 2706 962 2789 Morinen.,
975 2713 1010 2773 et
1022 2703 1262 2771 Bertholomeo
1272 2704 1314 2770 de
1326 2701 1485 2768 Certaldo
1496 2711 1517 2783 ²,

147 2811 177 2880 S.
210 2812 401 2880 Donatiani
432 2812 619 2900 Brugensis,
636 2812 822 2881 Tomacen.
838 2811 937 2896 dioc,
968 2830 1008 2878 ac
1037 2808 1194 2889 Johanne
1223 2808 1266 2876 de
1298 2805 1454 2889 Banchis,
1485 2806 1517 2874 S.

151 2915 316 2984 Mederici
334 2916 730 3000 Parisien.,ecclesian1m
752 2919 832 2984 olim
849 2915 1020 2984 canonicis
1046 2913 1272 3003 prebendatis,
1288 2934 1348 2980 seu
1363 2931 1518 3000 procura-

147 3023 279 3089 toribus
292 3021 498 3106 eorumdem,
509 3023 720 3111 cupientibus
729 3045 770 3089 ex
782 3023 882 3090 certis
893 3021 1145 3089 rationabilibus
1157 3018 1264 3086 causis
1274 3039 1348 3085 can.
1365 3025 1401 3084 et
1414 3018 1518 3104 preb,

150 3146 234 3212 quos
243 3135 327 3192 tunc
343 3126 377 3192 in
392 3126 492 3193 dictis
507 3128 706 3194 obtinebant
716 3127 874 3211 ecclesiis
887 3127 1032 3193 invicem
1044 3132 1243 3212 permutare,
1257 3122 1518 3191 canonicatuum
1586 3135 1589 3139 ’

150 3239 185 3296 et
199 3230 449 3318 prebendarum
466 3233 613 3320 ipsorum
629 3254 671 3298 ex
682 3231 871 3320 hujusmodi
884 3251 985 3298 causa
1000 3230 1165 3297 duntaxat
1178 3228 1268 3316 apud
1280 3226 1395 3294 sedem
1410 3234 1518 3314 apost.

150 3344 359 3422 spontaneas
375 3357 415 3404 ac
431 3337 553 3404 liberas
565 3336 737 3404 admiserit
747 3336 913 3404 cessiones
928 3358 937 3416 ;
950 3334 1135 3421 dignemini
1147 3333 1178 3400 S.
1191 3331 1355 3400 Mederici
1371 3331 1392 3412 J
1394 3330 1519 3399 ohanni

150 3437 192 3505 de
209 3439 241 3506 S.
259 3438 454 3524 Eustochio,
471 3448 506 3508 et
523 3440 690 3509 Morinen.
715 3440 955 3508 Bertholomeo
981 3439 1024 3506 de
1040 3437 1211 3522 Certaldo,
1229 3458 1269 3505 ac
1286 3435 1317 3504 S.
1335 3434 1519 3503 Donatiani

151 3543 369 3611 ecclesiarum
381 3544 607 3632 predictarum
620 3567 694 3614 can.
705 3554 740 3614 et
755 3549 847 3634 preb.
857 3543 1047 3632 hujusmodi
1064 3543 1111 3610 sic
1126 3563 1201 3609 vac.
1217 3541 1238 3622 J
1241 3541 1366 3610 ohanni
1379 3542 1421 3608 de
1433 3535 1520 3607 Ban-

152 3647 223 3713 chis
238 3648 386 3736 prefatis,
405 3657 514 3736 apost.
530 3660 620 3720 auct.
636 3651 796 3732 conferre,
812 3649 926 3734 eisque
941 3648 1086 3736 gratiose
1102 3647 1278 3736 providere
1293 3647 1336 3714 de
1352 3646 1415 3710 illis
1430 3667 1438 3726 ;
1451 3664 1520 3711 non

153 3756 241 3820 obst.
258 3754 433 3821 beneficiis
449 3756 531 3822 eccl.
546 3756 628 3839 aliis,
645 3777 710 3842 que
726 3755 746 3836 J
749 3757 901 3824 ohannes
925 3753 967 3821 de
984 3752 1015 3820 S.
1041 3751 1225 3820 Eustachio
1242 3758 1277 3816 et
1291 3747 1311 3828 J
1314 3750 1463 3817 ohannes
1478 3747 1520 3814 de

154 3854 303 3925 Banchis
319 3858 439 3946 prefati
456 3860 611 3928 obtinent
633 3862 688 3927 vel
704 3869 895 3950 expectant,
912 3860 946 3926 in
956 3857 1154 3925 cancellaria
1176 3865 1288 3923 vestra
1303 3855 1521 3942 imposterum

155 3962 424 4049 exprimendis...
449 3984 508 4030 seu
533 3964 624 4052 quod
650 3966 740 4033 idem
765 3965 1023 4033 Bertholomeus
1046 3961 1111 4030 def.
1138 3961 1302 4028 natalium
1329 3957 1455 4046 patitur
1479 3957 1521 4026 de

154 4069 266 4135 soluto
282 4068 415 4154 genitus
440 4079 474 4136 et
500 4070 609 4137 soluta
624 4092 633 4152 ς
650 4089 748 4158 super
774 4090 946 4164 quocum
971 4066 1101 4149 eodem,
1117 4073 1155 4133 ut
1178 4066 1255 4132 ben.
1283 4063 1365 4130 eccl.
1390 4061 1520 4129 etiamsi

156 4181 307 4239 curatum
324 4171 483 4241 existeret
499 4175 618 4262 primo,
635 4183 670 4241 et
696 4173 817 4241 deinde
841 4181 880 4238 ut
904 4193 978 4240 can.
995 4181 1030 4240 et
1056 4175 1148 4258 preb.
1171 4190 1238 4237 una
1260 4190 1336 4236 curn
1352 4167 1452 4254 dign,
1467 4166 1521 4234 vel

155 4293 239 4360 pers.
255 4296 315 4343 seu
331 4276 388 4344 off.
412 4297 441 4343 c.
458 4298 486 4344 c.
503 4278 557 4344 vel
582 4300 608 4346 s.
636 4300 675 4361 c.,
702 4278 832 4346 etiarnsi
858 4278 892 4344 in
917 4276 1051 4344 cathed.
1075 4277 1129 4342 vel
1156 4274 1416 4362 metropolitana
1440 4272 1522 4338 eccl.

157 4381 308 4446 obtinere
324 4381 446 4464 valeat,
463 4381 576 4449 extitit
606 4391 695 4450 auct.
722 4391 829 4470 apost.
851 4383 1092 4470 dispensatum.
1105 4379 1245 4447 Statutis
1260 4387 1295 4445 et
1311 4375 1522 4446 consuetudi·

157 4483 255 4552 nibus
268 4485 409 4553 ecclesie
420 4485 587 4554 Morinen.
603 4486 753 4575 predicte
777 4487 963 4570 contrariis,
985 4487 1087 4553 etiam
1103 4485 1130 4551 si
1147 4505 1301 4573 expresse
1317 4491 1475 4551 caveatur
1490 4481 1524 4548 in

161 4587 207 4653 eis
218 4599 256 4656 ut
268 4590 380 4658 nullus
394 4591 568 4659 defectum
583 4592 774 4680 hujusmodi
800 4593 942 4680 patiens,
959 4593 1013 4659 vel
1040 4591 1102 4658 nisi
1126 4590 1279 4678 primitus
1291 4591 1380 4678 juret
1395 4609 1431 4656 se
1454 4587 1524 4653 fore

161 4691 203 4760 de
219 4695 372 4782 legitimo
388 4696 487 4766 thoro
502 4706 630 4781 natum,
650 4698 683 4764 in
699 4698 801 4786 ipsius
817 4699 957 4766 ecclesie
984 4696 1187 4765 canonicum
1213 4695 1419 4778 admittatur,
1437 4693 1526 4779 jura·

164 4843 412 4868 ffl—-u--nn-

199 4933 221 4984 1.
233 4935 295 4988 Volr
306 4953 332 4988 n.
345 4941 400 4990 670.
410 4967 442 4978 -
454 4941 476 4992 2.
492 4942 573 5008 ὡνηρ.
586 4941 677 5006 clonia,
692 4944 805 4996 los-170.
828 4997 833 5010 ,

213 5030 275 5072 anu.
289 5030 338 5074 vnr.
356 5033 416 5085 Belg.
1459 5045 1482 5080 ¹⁵
