3650 5675
323 484 361 548 ra
878 481 966 560 1313,
990 481 1024 576 ra
1048 479 1115 545 mu.

364 637 445 698 368.
462 630 550 696 Item
574 652 669 717 supp.
686 630 774 697 idem
799 630 904 711 miles,
921 641 1012 715 quat.
1028 631 1122 718 [cler.
1147 651 1208 696 suo
1236 631 1355 716 Egidio
1369 632 1412 697 de
1429 631 1585 714 Noelete,
1606 638 1680 701 sub-

320 735 465 800 diacono
477 737 690 800 Attrebaten.
717 734 814 816 dioc,
831 735 950 799 scolari
979 735 1013 798 in
1040 735 1154 813 theol,
1171 734 1212 800 de
1239 738 1318 801 nob.
1344 756 1466 820 genere
1492 749 1678 822 procreem,

321 838 428 926 fratri]
447 839 619 923 cujusdam
635 839 863 924 specialissimi
881 839 1026 904 scutiferi
1047 840 1106 919 sui,
1123 839 1164 905 de
1181 860 1255 905 can.
1273 841 1354 905 eccl.
1371 841 1403 907 S.
1421 841 1510 907 Petri
1529 842 1679 908 Rothna·

321 944 438 1022 censis,
455 941 674 1009 Cameracen.
690 943 787 1023 dioc,
804 943 985 1027 dignemini
1002 943 1186 1029 providere,
1200 952 1234 1009 et
1257 947 1349 1029 preb.
1368 944 1459 1030 [vac.
1475 967 1533 1011 seu
1549 946 1677 1034 vacat]

320 1046 429 1112 eidem
446 1047 694 1129 conferendam,
708 1047 881 1113 collationi
898 1055 1007 1132 apost.
1023 1067 1192 1112 reservare
1208 1070 1216 1127 ;
1232 1068 1302 1113 non
1330 1050 1416 1114 obst.
1433 1050 1523 1133 quod
1539 1051 1680 1115 alteram
1763 1046 1770 1062 '

319 1151 581 1235 capellaniannn
596 1150 716 1216 domus
734 1170 919 1236 pauperum
937 1150 1131 1216 clencorum
1149 1151 1180 1215 S.
1198 1150 1232 1216 N
1235 1152 1333 1217 icolai
1358 1153 1571 1235 Amblanen,
1588 1154 1680 1238 cujus

319 1253 444 1318 fructus
463 1274 583 1333 ·····‘²0.
596 1254 653 1320 lib.
671 1253 784 1338 Paris,
801 1275 867 1319 sec.
883 1263 953 1320 tax.
969 1254 1111 1337 decime,
1136 1256 1287 1321 valorem
1314 1276 1464 1322 annuum
1489 1279 1558 1323 non
1583 1279 1680 1324 exce-

318 1357 414 1437 dunt,
431 1357 584 1422 obtinere
599 1365 769 1423 noscatur.
785 1356 918 1423 -Fiat
936 1358 976 1423 R.

362 1501 443 1561 369.
461 1494 548 1560 Item
563 1515 659 1581 supp.
676 1495 765 1561 idem
779 1497 885 1577 miles,
903 1505 995 1580 quat.
1014 1496 1092 1582 [suo
1115 1497 1248 1562 medico
1272 1504 1306 1562 et
1331 1499 1507 1585 capellano
1530 1498 1678 1576 Johanni

319 1597 459 1663 Gilberti
477 1607 496 1681 ¹,
513 1598 702 1666 Toruacen.
718 1600 815 1680 dioc,
831 1621 920 1684 mag.
934 1601 967 1664 in
984 1608 1056 1680 art,
1066 1603 1141 1666 bac.
1154 1601 1188 1666 in
1204 1602 1302 1683 med,
1316 1610 1350 1666 et
1365 1601 1484 1666 scolari
1497 1601 1531 1666 in
1544 1601 1675 1688 theol.,]

318 1703 360 1768 de
391 1725 466 1768 can.
482 1713 517 1768 et
540 1707 632 1790 preb.
660 1708 742 1770 eccl.
759 1703 798 1770 B.
825 1702 874 1770 M.
900 1705 944 1770 de
969 1706 1131 1786 Antonio,
1149 1705 1368 1772 Cameracen.
1393 1706 1479 1772 dioc.
1508 1705 1598 1792 [vac.
1622 1709 1677 1772 vel

319 1807 445 1894 vacat]
464 1809 647 1893 dignemini
663 1810 860 1895 providere;
877 1831 946 1875 non
963 1813 1049 1876 obst.
1062 1810 1152 1895 quod
1165 1811 1306 1876 alteram
1316 1810 1508 1897 portionem
1523 1811 1676 1895 parroch.

318 1914 399 1978 eccl.
415 1913 458 1978 de
473 1911 649 1995 Gbistella,
665 1912 854 1980 Tomacen.
875 1915 1143 1994 dioc.,.0btineut
1160 1915 1192 1978 in
1211 1914 1379 1996 Flandria,
1397 1914 1431 1978 iu
1459 1923 1677 2000 quapropter

318 2015 485 2082 interdicti
502 2017 725 2100 formidinem,
742 2019 794 2084 cui
810 2018 902 2084 dicta
918 2026 1006 2083 terra
1024 2016 1180 2083 Flandrie
1196 2017 1317 2083 dicitur
1332 2038 1404 2083 esse
1421 2018 1582 2102 subjecta,
1598 2018 1675 2083 resi-

318 2120 396 2185 dere
412 2141 481 2185 non
502 2121 625 2202 audet;
642 2143 700 2188 seu
716 2123 806 2209 quod
822 2144 842 2186 a
859 2122 890 2188 S.
904 2121 943 2188 V.
956 2122 998 2187 de
1023 2142 1096 2188 can.
1109 2124 1190 2188 eccl.
1208 2121 1239 2188 S.
1262 2121 1351 2186 Petri
1369 2121 1561 2203 Insulensis,
1586 2121 1676 2188 dicte

318 2224 507 2292 Tornacen.
523 2226 620 2307 dioc,
637 2229 697 2292 sub
713 2249 788 2312 exp.
804 2231 907 2312 preb.,
924 2247 971 2312 gr.
988 2226 1180 2300 obtinuerit,
1197 2225 1258 2290 sibi
1276 2225 1369 2310 quasi
1387 2225 1560 2307 Inutilem;
1586 2247 1676 2306 nam,

317 2337 416 2414 prout
432 2332 474 2395 ab
491 2351 559 2396 uno
575 2331 697 2396 clerico
712 2331 850 2412 audivit,
863 2331 936 2415 jam
952 2338 1029 2396 sunt
1043 2351 1083 2394 20
1095 2331 1150 2394 vel
1166 2330 1310 2415 amplius
1322 2337 1551 2415 expectantes,
1568 2329 1676 2416 ipsum

317 2431 336 2510 J
340 2433 511 2498 ohannem
527 2433 667 2500 indicta
682 2436 790 2520 gratia
805 2434 1035 2520 precedentes.
1050 2473 1093 2482 -
1109 2432 1186 2498 Fiat
1203 2433 1243 2499 R.

361 2577 443 2638 370.
460 2571 548 2662 Item
564 2594 658 2659 supp.
675 2573 764 2638 idem
780 2573 885 2654 miles,
902 2581 995 2657 quat.
1014 2571 1193 2657 [Samardo
1209 2570 1251 2636 de
1267 2569 1454 2651 Villan'bus,
1472 2571 1548 2636 cler.
1564 2571 1676 2635 Attre-

316 2677 431 2741 baten.
447 2676 543 2756 dioc,
561 2677 680 2742 scolari
697 2677 730 2740 in
747 2685 809 2742 art.
827 2677 982 2758 Parisius,
998 2676 1040 2741 de
1056 2678 1135 2740 nob.
1141 2695 1264 2760 genere
1274 2682 1460 2760 procreato,
1477 2696 1517 2740 ac
1534 2695 1675 2740 consan-

316 2778 455 2865 guineo]
474 2780 646 2865 cujusdam
662 2780 778 2847 militis
793 2781 852 2862 sui,
879 2780 922 2847 de
938 2801 1013 2847 can.
1029 2780 1111 2845 eccl.
1139 2778 1170 2844 S.
1197 2777 1312 2844 Crucis
1328 2777 1547 2845 Cameracen.
1562 2777 1675 2864 digne·

317 2884 398 2949 mini
415 2882 601 2970 providere,
617 2893 652 2949 et
675 2889 778 2971 preb.,
798 2885 889 2971 [vac.
914 2906 973 2951 seu
997 2884 1139 2971 vacat.],
1165 2884 1274 2949 eidem
1301 2883 1549 2967 conferendam,
1574 2884 1675 2949 collu-

317 2987 401 3052 tioni
419 2996 528 3072 apost.
544 3008 724 3055 reservare.
741 2988 877 3054 -Fiat
894 2989 934 3055 R.

362 3132 440 3191 371.
455 3164 499 3175 -
515 3125 603 3192 Item
619 3149 714 3215 supp.
741 3130 831 3195 idem
858 3130 963 3210 mileS,
992 3138 1082 3213 quat.
1108 3127 1258 3206 Jolranni
1284 3128 1433 3209 Doubus,
1450 3126 1526 3193 cler.
1549 3125 1676 3190 Toma-

319 3250 393 3295 ceu.
420 3229 516 3309 dioc,
541 3239 622 3298 nato
649 3234 822 3319 cujusdam
848 3234 1020 3299 familiaris
1045 3233 1191 3300 scutiferi
1216 3232 1276 3313 sui,
1304 3253 1381 3298 cum
1397 3253 1464 3317 quo
1488 3249 1584 3316 super
1609 3229 1675 3295 def.

318 3333 491 3413 natalium,
508 3355 608 3418 quern
623 3338 760 3423 patitur,
776 3346 895 3424 utpote
916 3338 1079 3404 desoluto
1094 3338 1226 3423 genitus
1237 3359 1314 3403 cum
1324 3337 1443 3416 soluta,
1460 3357 1480 3400 a
1494 3335 1676 3401 diocesano

320 3457 390 3517 suo,
407 3445 444 3501 ut
459 3446 632 3506 tonsuram
648 3443 838 3507 clericalem
865 3451 899 3507 et
923 3446 1000 3509 ben.
1017 3444 1185 3507 obtineret
1212 3442 1294 3508 eccl.
1320 3462 1345 3507 s,
1373 3462 1412 3521 c.,
1429 3440 1491 3505 fuit
1515 3440 1597 3505 alias
1612 3438 1675 3504 dis-

320 3549 507 3624 pensatum,
526 3542 564 3608 V.
581 3544 612 3609 S.
627 3566 675 3630 gr.
692 3547 904 3632 ampliantes,
918 3555 965 3626 ut,
976 3547 1068 3612 dicto
1082 3566 1151 3612 non
1169 3548 1254 3611 obst.
1270 3545 1414 3624 defectu,
1424 3544 1533 3609 dictus
1548 3542 1568 3621 J
1572 3543 1677 3609 oban-

319 3664 379 3710 nes
395 3645 438 3710 ad
450 3666 568 3712 omnes
583 3649 717 3715 ordines
732 3650 932 3736 promoveri,
950 3659 984 3716 et
999 3654 1075 3716 ben.
1102 3651 1184 3715 eccl.
1202 3671 1230 3716 e.
1254 3650 1407 3716 evaleat
1424 3648 1583 3727 obtinere,
1600 3666 1676 3712 cum

318 3748 438 3815 eodem
454 3751 636 3836 dignemini
652 3754 852 3841 dispensare.
874 3792 906 3802 -
936 3754 1013 3819 Fiat
1030 3754 1069 3820 R.

362 3853 442 3920 Dat.
458 3858 558 3924 Avin.
574 3882 594 3942 4
610 3858 654 3923 id.
670 3859 750 3923 maii
767 3868 801 3923 a⁰
821 3868 860 3924 1⁰.
878 3860 929 3944 (2,
951 3860 1052 3941 178l').

369 3993 476 4077 372·
1386 4028 1482 4091 1343,
1500 4027 1540 4071 12
1558 4027 1632 4070 maa

362 4108 464 4197 Supp.
477 4112 706 4198 Raymundus,
732 4112 899 4179 Morinen.
911 4115 1013 4199 episc.
1029 4122 1049 4193 ²,
1071 4121 1163 4197 quat.
1182 4112 1300 4198 [Petro
1313 4111 1504 4195 Raymundi
1529 4108 1676 4193 Sequeti,

318 4215 434 4299 nepoti
450 4237 521 4297 suo,
538 4217 625 4297 cler,
642 4224 676 4281 et
689 4216 824 4303 scolari]
844 4217 986 4282 Parisius
1002 4217 1035 4281 in
1048 4217 1120 4302 jure
1130 4237 1214 4297 can,
1226 4217 1269 4282 de
1279 4237 1351 4281 can.
1363 4224 1396 4280 et
1408 4218 1500 4300 preb.
1513 4221 1547 4279 et
1559 4234 1678 4300 prepo-

318 4318 429 4398 situra,
445 4328 601 4384 mensata
616 4321 796 4404 vulgariter
810 4329 1016 4406 nuncupata,
1038 4341 1112 4386 vac.
1133 4322 1167 4384 ln
1183 4321 1264 4385 eccl.
1289 4319 1479 4399 Valentina,
1505 4316 1678 4403 provincie

319 4420 556 4505 Terragonen,
572 4444 632 4509 per
646 4426 700 4488 ob.
718 4422 819 4489 Blasii
836 4424 878 4503 de
893 4423 1001 4505 Luna,
1018 4424 1188 4509 quondam
1214 4444 1288 4489 can.
1305 4430 1339 4487 et
1355 4421 1515 4508 prepositi
1543 4421 1575 4484 in
1596 4421 1678 4485 eccl.

319 4524 531 4610 supradicta;
549 4546 690 4610 quorum
706 4527 923 4593 collationem
939 4550 997 4594 seu
1012 4528 1266 4614 dispositionem
1287 4526 1376 4592 dom.
1397 4523 1416 4602 J
1420 4525 1571 4591 ohannes
1589 4544 1679 4611 papa

320 4625 434 4706 XXII,
450 4628 505 4693 diu
523 4637 602 4693 ante
618 4633 672 4694 ob.
698 4630 778 4695 dicti
807 4631 920 4714 Blasii,
938 4634 1110 4698 collati0ni
1127 4632 1214 4698 sedis
1240 4638 1348 4716 apost.
1363 4630 1548 4695 reservavit
1563 4652 1571 4709 ;
1596 4648 1681 4714 quos

354 4853 376 4898 1.
388 4852 450 4898 Veii
461 4867 485 4901 n.
498 4854 612 4902 333-334.
623 4882 656 4890 -
666 4856 689 4903 2.
701 4854 837 4917 Raymonrl
851 4858 946 4917 Sequot
958 4854 1060 4903 nomme
1073 4855 1094 4903 lc
1107 4856 1137 4902 22
1149 4859 1199 4903 oct.
1214 4854 1282 4913 1334,
1301 4850 1426 4901 transfere
1437 4853 1451 4899 b
1466 4852 1537 4913 Lyon
1550 4850 1573 4898 le
1586 4850 1616 4898 10
1628 4849 1679 4900 lev.

323 4926 384 4972 135ss
397 4926 501 4987 (Eubcl,
516 4927 533 4976 1.
547 4929 601 4988 330,
620 4929 687 4988 367.)
