3650 5675
643 523 730 597 1342,
753 522 843 587 12-18
864 525 1041 602 septembre.
1485 529 1526 591 43

211 672 329 754 204.
1121 709 1214 773 1342,
1233 710 1272 752 12
1289 691 1482 775 septembre.

204 791 306 875 Supp.
323 789 505 855 Balduinus
520 790 562 855 de
579 788 739 856 Bailliaco
752 800 771 871 ¹,
788 792 987 856 Ambianen.
1003 792 1100 872 dioc,
1116 814 1203 876 mag.
1220 793 1252 856 in
1268 802 1340 873 art,
1357 795 1419 877 leg.
1436 794 1526 859 doct.

156 902 196 959 et
224 894 278 959 lic.
304 894 337 958 in
362 894 451 959 decr.
476 914 516 958 ac
540 894 618 959 cler.
646 895 731 978 regis
757 894 907 975 Francie,
925 896 977 960 cui
995 895 1048 960 fel.
1061 916 1126 962 rec.
1139 895 1343 961 Benedictus
1354 918 1440 982 papa
1456 895 1524 962 XII

156 998 202 1063 de
218 1019 291 1064 can.
307 1000 367 1063 sub
383 1017 459 1082 exp.
482 1000 574 1081 preb.
601 998 684 1063 eccl.
710 998 911 1063 Ambianen.
939 1000 1078 1083 gratiam
1105 1000 1280 1079 concessit,
1307 1020 1373 1083 que
1399 1001 1526 1064 nullum

155 1102 276 1167 sortita
292 1100 354 1167 fuit
368 1099 538 1180 eflectum,
556 1110 647 1185 quat.
674 1100 784 1168 eidem
800 1101 842 1167 de
859 1122 930 1167 can.
954 1103 1102 1187 ejusdem
1124 1105 1206 1169 eccl.
1230 1104 1416 1189 providere,
1433 1108 1526 1189 preb.

154 1225 249 1285 vero,
266 1204 378 1289 dign...
395 1204 577 1289 dignemini
603 1224 780 1286 reservare,
797 1226 866 1271 non
893 1208 979 1270 obst.
995 1206 1086 1289 quod
1102 1207 1135 1271 in
1148 1208 1179 1271 S.
1196 1207 1350 1293 Dyouisii
1366 1206 1526 1274 Leodien.

154 1309 360 1374 decanatum
376 1327 417 1373 ac
432 1328 504 1372 can.
521 1316 555 1373 et
570 1312 663 1393 preb.
678 1330 738 1394 per
754 1330 831 1375 eum
847 1317 1058 1395 acceptatam
1073 1309 1216 1394 litigiose
1231 1319 1344 1375 tamen
1361 1318 1396 1375 et
1408 1312 1525 1396 capell.

154 1413 198 1478 de
215 1411 370 1496 Luquete
385 1412 418 1475 in
436 1410 603 1477 Morimen.
620 1413 702 1478 eccl.
719 1414 867 1478 noscitur
883 1414 1044 1478 obtinere.
1060 1455 1103 1462 —
1120 1412 1195 1479 Fiat
1212 1412 1252 1478 R.

201 1516 281 1581 Dat.
296 1536 350 1600 ap.
367 1514 615 1581 Villamnoram
633 1536 649 1579 2
668 1516 713 1581 id.
730 1526 814 1601 sept.
832 1524 864 1581 a⁰
885 1525 924 1582 1⁰.
943 1515 986 1600 (1,
1009 1518 1098 1601 rppl)

210 1643 463 1727 205-208.
1123 1678 1218 1742 1342,
1236 1679 1276 1742 13
1294 1662 1483 1746 settembre.

204 1762 306 1847 Supp.
323 1761 507 1846 Philippus,
524 1781 581 1825 rex
599 1760 812 1842 Francorum,
829 1770 922 1847 quat.
945 1764 1022 1829 cler.
1039 1784 1100 1830 suo
1114 1784 1201 1848 mag.
1226 1763 1377 1830 Henrico
1394 1763 1489 1829 Coke
1506 1776 1525 1845 ²,

159 1867 377 1945 Cameracen.
404 1864 502 1943 dioc,
529 1865 668 1930 decan.
696 1866 777 1931 eccl.
802 1865 997 1933 Laudunen.
1021 1867 1203 1952 dignemini
1221 1868 1406 1953 providere,
1434 1871 1525 1953 preb.

160 1990 251 2050 vero,
268 1970 356 2053 [vac.
372 1968 426 2033 vel
444 1970 576 2052 vacat.]‚
590 1967 699 2034 eidem
716 1969 956 2035 conferendam
971 1971 1153 2055 dignemini
1169 1991 1347 2053 reservare,
1359 1993 1428 2038 nom
1440 1975 1525 2037 obst.

159 2072 251 2157 quod
276 2092 349 2137 can.
375 2080 409 2137 et
432 2073 524 2157 preb·
557 2074 639 2138 eccl.
667 2071 706 2138 B.
732 2072 864 2139 Gudule
887 2073 1110 2140 Bruxellensis
1133 2084 1154 2155 ³,
1183 2075 1397 2141 Cameracen.
1427 2076 1525 2154 dioc„

159 2178 372 2255 decanatum,
400 2196 472 2242 can.
500 2185 535 2242 et
560 2179 652 2261 preb.
679 2177 762 2241 eccl.
786 2176 824 2243 B.
850 2176 898 2244 M.
923 2176 1247 2244 Teneremondensis
1261 2191 1282 2260 ⁴,
1310 2179 1526 2245 Cameracen.

159 2280 257 2361 dioc,
269 2300 342 2345 can.
353 2287 388 2344 et
396 2282 489 2365 preb.
505 2279 586 2344 eccl.
603 2278 642 2344 B.
660 2278 813 2363 Quintini
830 2280 862 2343 in
880 2279 1107 2362 Viromandia,
1122 2279 1326 2347 Novioinen.
1338 2282 1435 2363 dioc,
1453 2303 1526 2348 can.

161 2392 196 2449 et
211 2386 301 2469 preb.
319 2384 402 2448 eccl.
420 2382 458 2448 B.
476 2382 648 2448 Guimnari
676 2382 843 2468 Lyrensis,
870 2404 973 2449 unam
989 2386 1106 2472 capell.
1125 2385 1157 2449 in
1173 2386 1256 2451 eccl.
1271 2385 1314 2450 de
1340 2386 1464 2466 Haren,
1492 2395 1527 2450 et

162 2487 331 2571 quandam
357 2488 455 2552 aliam
483 2488 600 2572 capell.
618 2488 651 2550 in
668 2488 750 2552 eccl.
767 2487 809 2552 de
834 2487 984 2567 Foresto,
1013 2488 1228 2555 Cameracen.
1255 2488 1352 2570 dioc„
1380 2489 1527 2555 noscitur

162 2592 325 2657 obtinere.
342 2631 385 2639 —
404 2590 478 2655 Fiat
496 2590 535 2655 R.

205 2719 293 2779 206.
310 2711 398 2777 Item
414 2732 509 2797 supp.
533 2711 678 2795 prefatus
701 2732 769 2791 rex,
794 2718 884 2794 quat.
912 2712 1012 2795 [mag.
1041 2711 1191 2776 Roberto
1219 2711 1338 2797 Egoly,
1363 2711 1469 2795 dicto]
1485 2711 1527 2775 de

163 2818 286 2898 Asclia,
302 2816 345 2883 de
361 2838 435 2882 can.
451 2824 486 2882 et
497 2818 590 2902 preb.
603 2817 683 2881 eccl.
697 2815 894 2898 Tornacen„
908 2836 981 2882 vac.
1001 2817 1056 2881 vel
1078 2824 1198 2897 vacat„
1210 2816 1393 2900 dignemini
1416 2816 1527 2902 provi-

163 2921 252 3002 dere,
280 2942 353 2987 non
365 2924 451 2987 obst.
468 2920 557 3005 quod
573 2921 768 3000 cantoriam,
785 2941 858 2986 can.
875 2929 910 2986 et
925 2923 1017 3006 preb.
1033 2922 1115 2987 eccl.
1132 2919 1170 2986 B.
1187 2920 1318 2986 Gudule
1335 2919 1527 2986 Bruxellen-

163 3026 217 3106 sis‚
235 3036 270 3090 et
296 3045 369 3090 can.
391 3033 426 3089 et
452 3027 544 3111 preb.
571 3024 654 3090 eccl.
679 3023 717 3089 B.
746 3023 796 3088 M.
821 3023 1157 3105 Teneremondensis‚
1186 3025 1401 3090 Cameracen.
1428 3024 1526 3100 dioc„

164 3129 314 3194 noscitur
330 3129 494 3194 obtinere.
509 3168 552 3176 —
570 3127 645 3193 Fiat
662 3126 703 3192 R.

206 3255 292 3314 207.
309 3247 397 3313 Item
413 3269 509 3334 supp.
525 3248 671 3334 prefatus
687 3269 754 3329 rex,
780 3257 870 3332 quat.
887 3250 989 3333 [mag.
1014 3248 1180 3332 Henrico]
1195 3249 1347 3314 Slabbart
1357 3256 1377 3328 ⁵,
1393 3249 1436 3314 de
1452 3271 1526 3314 can.

164 3361 199 3416 et
228 3355 320 3437 preb.
352 3354 434 3418 eccl.
461 3353 681 3432 Attrebaten„
707 3373 779 3416 vac.
810 3353 864 3416 vel
890 3361 1009 3433 vacat,
1034 3352 1217 3437 dignemini
1248 3353 1434 3438 providere,
1457 3374 1525 3419 non

167 3458 251 3522 obst.
268 3456 358 3540 quod
374 3457 585 3536 decanatum,
602 3477 675 3523 can.
692 3463 726 3521 et
741 3458 833 3541 preb.
850 3457 932 3520 eccl.
950 3455 987 3520 B.
1004 3455 1136 3522 Gndule
1152 3456 1385 3538 Bruxellensis‚
1410 3458 1528 3523 Came-

165 3579 274 3626 racen.
290 3560 388 3641 dioc,
404 3559 554 3626 noscitur
570 3560 731 3625 obtinere.
748 3600 792 3608 —
808 3558 884 3624 Fiat
902 3558 941 3624 R.

208 3687 297 3748 208.
312 3679 401 3746 Item
416 3703 510 3768 supp.
528 3681 617 3746 idem
633 3701 699 3760 rex,
725 3689 816 3765 quat.
841 3679 1002 3763 [Johanni
1026 3680 1068 3745 de
1092 3680 1176 3746 Lare
1191 3682 1234 3746 de
1259 3681 1421 3763 Lorani0,
1442 3680 1527 3746 Leo-

166 3785 253 3849 diem.
270 3784 368 3867 dioc„
393 3785 522 3850 nullum
544 3788 622 3851 bem.
637 3785 719 3850 eccl.
736 3785 913 3868 assecut0],
931 3782 972 3848 de
988 3804 1062 3849 cam.
1078 3793 1113 3850 et
1128 3788 1220 3871 preb.
1230 3786 1312 3849 eccl.
1337 3783 1527 3862 Belvacen.,

166 3908 238 3953 vac.
254 3889 307 3953 vel
324 3895 443 3968 vacat,
460 3888 641 3973 dignemini
658 3888 844 3973 providere.
860 3928 903 3936 —
920 3887 995 3952 Fiat
1012 3886 1052 3953 R.

210 3989 288 4057 Dat.
304 4013 357 4077 ap.
374 3990 622 4058 villamnovam
638 3992 681 4057 id.
698 4000 782 4077 sept.
799 3999 831 4056 a⁰
852 3999 890 4055 1⁰.
908 3989 951 4071 (l,
971 3999 1074 4075 204‘').

216 4117 332 4201 209.
1126 4152 1220 4215 1542,
1239 4152 1277 4215 15
1296 4132 1484 4218 septembre.

209 4235 311 4323 Supp.
328 4236 514 4302 Bonifatius
529 4237 571 4302 de
589 4236 673 4302 Fara
689 4244 779 4321 quat.
805 4257 972 4302 reservare
999 4235 1181 4320 dignemini
1199 4256 1272 4301 cau.
1289 4242 1324 4299 et
1339 4235 1429 4319 preb.
1445 4234 1527 4298 eccl.

167 4338 336 4422 Leodien„
352 4361 425 4406 vac.
445 4361 504 4426 per
520 4343 573 4407 ob.
598 4340 753 4406 Catelloli
777 4340 818 4406 de
835 4339 979 4405 Medicis
994 4339 1036 4405 de
1054 4337 1258 4419 Mediolano,
1276 4359 1348 4424 cap.
1370 4336 1410 4404 V.
1427 4337 1469 4418 8.,
1493 4345 1528 4401 et

167 4443 346 4510 Guabrielli
362 4444 509 4510 filiosuo
525 4444 684 4525 conferre,
700 4465 770 4510 non
796 4446 880 4511 obst.
906 4442 997 4528 quod
1011 4442 1121 4508 dictus
1136 4440 1270 4507 Gabriel
1286 4442 1438 4509 obtineat
1453 4461 1526 4506 can.

167 4557 201 4613 et
217 4553 307 4634 preb.
324 4549 357 4614 in
374 4549 457 4614 eccl.
475 4548 675 4614 Ebredunen
693 4548 774 4614 ets.
791 4548 957 4626 Joliannis
972 4547 1014 4613 de
1031 4545 1199 4612 Modecia.
1217 4587 1257 4594 —
1275 4544 1349 4611 Fiat
1367 4544 1407 4611 R.

210 4651 287 4718 Dat.
303 4673 356 4737 ap.
373 4651 622 4720 Villamnovain
640 4652 678 4718 id.
696 4661 780 4739 sept.
797 4663 829 4718 21⁰
850 4661 888 4719 1⁰.
905 4650 949 4736 (1,
969 4658 1073 4736 207l').

203 4816 222 4862 l.
234 4814 328 4864 Parent
338 4815 372 4864 de
383 4816 493 4864 Thomas
503 4815 536 4866 de
549 4817 640 4878 Besslp,
653 4816 795 4865 chancelier
806 4817 838 4864 de
851 4817 923 4864 Paris
934 4815 1052 4878 (Denitle,
1069 4813 1191 4874 Clamat,
1207 4815 1240 4874 ll,
1253 4817 1308 4876 271,
1321 4815 1368 4862 278
1381 4828 1386 4867 t
1399 4815 1432 4863 cf.
1445 4812 1528 4860 vmal.

170 4901 195 4933 n.
208 4889 286 4950 3094).
298 4917 330 4924 -
349 4893 371 4938 2.
384 4889 447 4937 Voir
467 4889 571 4953 Deprem
592 4905 617 4940 n.
630 4893 685 4939 589.
696 4917 729 4926 -
748 4892 769 4940 3.
789 4890 813 4938 11
830 4890 920 4939 ‹lerInt
939 4892 997 4953 plus
1017 4889 1075 4938 tarn
1093 4888 1176 4952 doyen
1190 4889 1260 4950 (Van
1278 4887 1418 4945 (eastern,
1434 4888 1485 4949 13).
1523 4914 1528 4919 -

171 4961 193 5007 4.
208 4959 226 5007 ll
239 4961 318 5022 figure
329 4977 429 5011 comme
440 4961 475 5010 tel
487 4977 518 5012 en
533 4965 594 5012 ists
607 4965 778 5026 (lliercxscna
789 4965 940 5028 fliete-erpho
953 4964 987 5022 11,
1001 4963 1053 5025 81).
1065 4991 1097 4997 -
1109 4965 1132 5012 b.
1145 4963 1201 5010 Van
1214 4963 1307 5021 Gestel,
1321 4963 1355 5021 11,
1371 4963 1409 5010 13.
