3650 5675
729 536 815 616 lala,
836 537 888 606 la
909 533 1085 621 septembre.
1529 527 1581 611 tlt

226 689 287 758 fati
316 689 408 759 card.
436 699 473 758 et
502 689 547 757 ad
575 690 678 777 ipsius
699 709 826 776 preces,
852 687 1000 758 Bardeto
1029 689 1073 757 de
1100 689 1261 777 Maupilis
1287 689 1342 758 off.
1367 691 1580 761 tantationum

225 795 313 862 curie
337 793 523 862 Tomacen.
550 796 664 880 quoad
687 794 810 861 vixerit
837 793 1037 862 concesserit
1053 795 1242 877 liberaliter,
1268 804 1303 862 et
1326 797 1512 880 donaverit,
1537 819 1580 865 ne

225 919 323 986 super
337 900 393 966 off.
407 900 560 986 predicto
576 900 712 984 ejusque
727 899 832 965 libero
848 899 1008 965 exercitio
1020 899 1116 983 juxta
1132 900 1383 966 concessionem
1394 902 1579 987 predictam

225 1012 261 1069 et
275 1005 577 1071 emolumentorum
588 1025 628 1070 ac
640 1011 862 1089 proventuum
875 1002 1092 1090 perceptione
1105 1004 1218 1068 valeat
1229 1003 1449 1090 imposterum
1461 1007 1580 1072 moles-

225 1108 301 1189 tari,
317 1107 568 1174 concessionem
594 1115 629 1174 et
652 1107 872 1174 donationem
899 1105 1086 1192 hujusmodi
1104 1107 1300 1174 confirmare
1322 1108 1514 1194 dignemini.
1538 1149 1581 1161 -

228 1211 306 1279 Fiat
322 1213 362 1280 R.

270 1356 355 1419 508.
371 1349 460 1417 Item
475 1369 570 1436 supp.
586 1358 679 1434 quat.
704 1348 852 1427 Johanni
879 1347 1024 1435 Ligonis,
1042 1349 1119 1415 cler.
1135 1347 1322 1414 Tomacen.
1338 1349 1436 1432 dioc,
1447 1371 1535 1437 mag.
1547 1351 1581 1417 in

226 1463 287 1521 art.
302 1455 386 1520 etin
398 1456 472 1541 jure
487 1453 551 1520 civ.
575 1454 640 1534 lic,
661 1453 704 1519 de
725 1453 910 1539 plebanatu
937 1453 1045 1539 plebis
1071 1453 1225 1518 secularis
1249 1460 1285 1519 et
1301 1454 1417 1540 colleg.
1443 1457 1524 1521 eccl.
1540 1455 1582 1522 de

226 1559 350 1639 Vumo,
366 1558 493 1624 Lucan.
509 1558 607 1639 dioc,
623 1577 683 1644 per
695 1560 749 1623 ob.
760 1556 842 1623 dicti
857 1557 949 1622 dom.
966 1556 1054 1624 card.
1064 1577 1138 1623 vac.
1150 1558 1205 1625 vel
1217 1557 1309 1637 aliae,
1323 1559 1415 1644 cujus
1426 1558 1582 1640 redditus,

226 1683 293 1729 sec.
307 1671 377 1728 tax.
392 1662 533 1743 decime,
551 1682 592 1746 50
618 1661 652 1727 fl.
678 1661 748 1727 auri
774 1661 924 1726 valorem
952 1680 1099 1726 annuum
1123 1681 1191 1727 non
1216 1660 1391 1744 excedunt,
1409 1662 1585 1747 dequibus

227 1767 330 1832 babet
340 1765 512 1832 canonicis
526 1787 585 1832 seu
600 1765 803 1852 presbyteris
818 1764 920 1850 ipsius
934 1765 1042 1851 plebis
1056 1765 1244 1831 necessaria
1260 1765 1456 1848 ministrare,
1472 1767 1585 1852 digne-

228 1871 310 1936 mini
334 1871 520 1959 providere,
544 1870 699 1952 scientes,
727 1869 826 1935 Pater
846 1869 911 1950 8⁰¹⁰,
937 1870 1027 1954 quod
1053 1870 1201 1955 prefatus
1222 1869 1313 1937 dom.
1328 1870 1418 1936 card.
1434 1872 1586 1956 promisit

112 2039 115 2043 ,
229 1975 351 2060 pluries
365 1974 496 2060 prefato
510 1972 529 2051 J
533 1973 668 2054 ohanni,
685 1972 741 2058 qui
756 1973 813 2039 diu
831 1973 925 2038 stetit
941 1973 974 2038 in
991 1973 1102 2039 studio
1117 1994 1194 2039 cum
1209 1973 1344 2040 Andrea
1358 1974 1400 2041 de
1417 1973 1585 2062 Maupilis‚

229 2079 330 2144 fratre
345 2077 426 2144 dicti
443 2077 644 2158 cancellarii,
661 2077 769 2164 ipsum
785 2097 994 2164 promovere.
1012 2117 1050 2126 -
1070 2075 1146 2144 Fiat
1162 2098 1222 2164 pro
1245 2078 1318 2165 ipso
1339 2079 1540 2146 cancellario
1561 2080 1587 2146 si

229 2182 336 2268 magis
350 2183 423 2248 vult
438 2183 549 2268 quoad
563 2183 709 2268 gratiam
726 2181 874 2268 superius
889 2181 950 2247 sibi
968 2181 1093 2248 factam
1111 2181 1151 2247 R.
1168 2190 1202 2248 et
1217 2203 1279 2269 pro
1295 2183 1359 2250 isto
1374 2182 1416 2249 de
1429 2183 1504 2265 alia,
1516 2192 1549 2249 et
1562 2185 1588 2250 si

231 2287 448 2352 cancellarius
463 2288 535 2352 vult
550 2285 656 2372 magis
669 2285 813 2372 primam
830 2286 883 2350 vel
899 2305 969 2351 non
984 2286 1056 2351 vult
1071 2285 1143 2371 ipse
1159 2286 1375 2353 cancellarius
1391 2287 1500 2355 istam.
1512 2287 1589 2355 Fiat

230 2411 292 2475 pro
307 2411 349 2456 eo
363 2410 425 2478 pro
439 2412 506 2476 qua
522 2391 647 2478 petitur
663 2389 703 2456 R.

278 2495 358 2561 Dat.
375 2515 429 2582 ap.
446 2495 695 2562 Villamnovam
719 2519 739 2580 4
755 2493 822 2560 kal.
838 2504 924 2581 sept.
940 2503 973 2560 a⁰
990 2501 1031 2561 2⁰.
1050 2495 1098 2580 (5,
1119 2497 1210 2579 136.)
1225 2513 1243 2562 ¹.

284 2631 403 2715 509.
1212 2663 1306 2728 1345,
1323 2668 1341 2729 ,a
1358 2652 1546 2734 septembre.

276 2750 378 2838 Supp.
394 2749 559 2838 Philippa,
576 2750 690 2835 regina
713 2749 844 2834 Anglie,
870 2756 962 2833 quat.
988 2747 1149 2832 [Johanni
1174 2748 1216 2814 de
1243 2747 1445 2834 Gaydenton
1463 2763 1483 2834 ²,
1500 2751 1591 2835 cler]

233 2855 442 2922 Lincolnien.
457 2855 555 2935 dioc,
570 2855 614 2921 de
630 2875 702 2921 can.
719 2856 800 2920 eccl.
817 2853 1032 2920 Cameracen.
1048 2861 1083 2920 et
1098 2856 1189 2939 preb.
1209 2853 1390 2939 dignemini
1407 2857 1591 2943 providere.

233 3000 277 3009 -
293 2958 370 3024 Fiat
387 2958 426 3024 R.

278 3062 359 3129 Dat.
376 3084 430 3150 ap.
446 3062 696 3131 Villamnovam
713 3086 730 3130 2
747 3085 825 3130 non.
839 3071 924 3150 sept.
941 3070 975 3129 a⁰
992 3070 1034 3129 2⁰.
1050 3065 1097 3147 (5,
1119 3064 1221 3148 193l').

285 3200 398 3282 510.
1214 3234 1308 3298 1545,
1324 3234 1345 3297 5
1361 3220 1550 3303 septembre.

279 3316 334 3381 8¹¹*
350 3317 461 3383 Pater.
474 3316 509 3383 N
511 3339 592 3405 uper
604 3317 750 3404 Bompar
763 3317 807 3383 de
818 3316 944 3381 Lainac
953 3324 973 3395 ³,
990 3336 1063 3381 can.
1080 3316 1160 3381 eccl.
1176 3314 1490 3405 Tomacen.,vigore
1506 3322 1593 3389 litte·
1646 3400 1648 3405 ¹

235 3443 344 3488 rarum
359 3429 555 3503 vestrarum,
571 3444 631 3510 per
646 3443 728 3508 quas
744 3422 845 3510 dign,
857 3441 943 3507 pers.
956 3440 1013 3485 seu
1025 3420 1080 3485 off.
1093 3440 1122 3484 c.
1135 3440 1163 3484 c.
1176 3421 1230 3485 vel
1246 3442 1270 3487 s.
1288 3443 1316 3487 c.
1332 3422 1365 3488 in
1376 3424 1495 3489 eadem
1512 3428 1593 3493 eccl.

236 3528 449 3612 expectabat,
467 3526 775 3593 archidiaconatum
792 3523 996 3607 Brugensem
1013 3524 1046 3588 in
1060 3524 1176 3589 eadem
1188 3526 1268 3589 eccl.
1288 3523 1486 3609 Tomacen.,
1502 3538 1593 3613 tunc,

237 3651 297 3716 per
312 3632 366 3696 ob.
382 3630 553 3713 quondam
568 3652 657 3716 mag.
673 3629 692 3708 J
696 3630 839 3696 ohannis
854 3628 897 3693 de
913 3626 1101 3714 Batpalmis
1117 3640 1136 3707 ⁴,
1154 3650 1228 3695 vac.
1245 3632 1447 3717 acceptavit,
1467 3634 1594 3719 sibique

236 3733 280 3800 de
293 3734 350 3799 illo
358 3733 438 3798 fecit
450 3734 551 3799 etiam
563 3734 742 3820 provideri;
756 3754 855 3818 quem
868 3731 1001 3816 quidem
1013 3731 1321 3798 archidiaconatum
1331 3734 1439 3799 dictus
1449 3734 1595 3822 Bompar

237 3846 362 3902 extunc
377 3836 527 3923 possedit
542 3848 578 3903 et
594 3839 704 3906 adbuc
719 3836 868 3923 possidet
882 3834 1023 3921 pacifice
1039 3842 1073 3898 et
1100 3835 1221 3919 quiete.
1240 3834 1361 3900 Verum
1386 3837 1462 3921 quia
1478 3842 1521 3903 ab
1537 3840 1595 3904 ali·
1639 3828 1643 3837 ’

237 3942 356 4026 quibus
371 3942 550 4022 dubitatur,
563 3942 654 4026 quod
668 3942 777 4008 dictus
801 3939 1094 4005 archidiaconatus
1110 3959 1169 4024 per
1195 3939 1226 4002 S.
1243 3937 1292 4018 V,
1305 3940 1358 4004 vel
1374 3960 1433 4025 per
1449 3942 1593 4025 aliquem

236 4047 280 4112 de
295 4045 582 4132 predecessoribus
597 4047 726 4129 vestris,
743 4055 823 4113 ante
839 4046 1108 4131 acceptationem
1125 4043 1319 4128 predictam,
1337 4045 1526 4129 specialiter
1542 4050 1594 4113 vel

237 4150 439 4235 generaliter
453 4150 552 4216 fuerit
567 4161 763 4231 reservatus,
776 4170 870 4236 supp.
887 4150 996 4215 dictus
1006 4148 1162 4233 Bompar,
1175 4154 1277 4229 quat,
1291 4147 1334 4212 ad
1347 4168 1446 4213 omne
1458 4150 1594 4217 dubium

238 4255 517 4334 submovendum,
544 4256 853 4322 archidiaconatum
881 4253 1078 4339 predictum,
1107 4252 1139 4315 in
1167 4270 1208 4315 eo
1232 4271 1312 4315 casu
1337 4250 1370 4315 in
1395 4272 1461 4335 quo
1484 4253 1592 4321 forsan

238 4359 337 4423 fuerit
370 4368 568 4440 reservatus,
590 4361 699 4427 eidem
727 4360 875 4444 Bompar
899 4356 1048 4423 conferre
1074 4354 1278 4440 dignemini;
1300 4374 1367 4421 non
1393 4358 1478 4423 obst.
1505 4360 1594 4445 quod

239 4482 314 4527 can.
330 4471 364 4527 et
379 4465 470 4547 preb.
487 4462 521 4527 in
536 4465 618 4529 eccl.
630 4464 817 4530 Tomacen.
832 4460 983 4546 predicta
998 4460 1145 4524 noscitur
1161 4458 1321 4525 obtinere.
1337 4500 1380 4509 —
1396 4459 1474 4528 Fiat
1490 4460 1531 4529 R.

285 4564 365 4631 Dat.
380 4588 435 4653 ap.
451 4566 699 4633 Villamnovam
715 4588 791 4633 non.
808 4573 892 4651 sept.
908 4573 943 4629 a⁰
960 4572 1002 4630 2⁰.
1018 4566 1065 4647 (5,
1081 4564 1166 4647 194).

277 4774 298 4819 l.
312 4772 347 4819 lm
358 4775 390 4819 :lb
400 4777 464 4835 Μυῒ.
477 4775 546 4830 1343,
560 4774 613 4821 Luc
625 4774 657 4821 ‹l›
669 4774 815 4823 Ablmtilms
833 4772 865 4819 tle.
885 4772 1006 4820 Fletclttm
1024 4769 1149 4817 clamantib
1167 4782 1231 4831 pour
1250 4784 1294 4818 solt
1308 4770 1348 4818 llls
1368 4771 1486 4836 Philippo
1505 4772 1599 4835 l'dgliso

241 4844 372 4908 ‹l'Appclli
384 4846 461 4908 (dioe.
472 4846 505 4896 de
519 4846 680 4907 Vintimille),
694 4858 801 4896 vomente
809 4847 959 4909 perlambit
971 4846 1007 4893 alu
1019 4844 1087 4893 card.
1099 4845 1131 4893 ‹lc
1144 4846 1303 4892 sebusianae
1315 4846 1425 4910 (suppl,
1438 4852 1457 4895 t.
1470 4850 1492 4905 5,
1500 4847 1519 4896 f.
1532 4850 1599 4909 188).

146 4928 149 4933 '
244 4947 276 4954 -
288 4923 311 4967 2.
325 4909 538 4980 Blisa'Petitioaa,
551 4920 571 4978 Ι,
587 4924 615 4969 ΙΙ
627 4938 633 4974 ;
645 4922 733 4984 Ριιμιῖ
744 4922 847 4979 ,better-a,
863 4921 909 4976 ΙΙΙ,
925 4922 977 4968 131.
1039 4921 1061 4965 3.
1075 4918 1185 4980 Bompar
1196 4917 1227 4965 tle
1240 4918 1365 4979 Longario
1378 4918 1448 4981 (Vos
1462 4918 1481 4979 1,
1495 4921 1555 4983 268)
1567 4934 1600 4969 ou

244 4992 331 5057 plutbt
343 4992 375 5041 de
387 4993 507 5058 Iangeac
519 5010 526 5054 ς
538 4996 593 5043 roir
604 5008 631 5043 n.
643 4990 700 5043 112.
709 5022 741 5030 -·
753 4990 777 5042 Ι.
790 4994 846 5053 llos
860 4992 893 5052 ΙΙ,
906 4994 952 5041 lat
966 5008 971 5051 ;
984 4990 1066 5052 l’blal,
1080 5006 1104 5039 n.
1117 4996 1188 5041 btttbl.
