3650 5675
282 579 327 646 '70
818 617 821 623 ·
846 568 933 645 1343.
958 570 977 633 7
998 583 1086 634 mars

288 734 350 796 bus
386 727 564 794 sustentari
589 725 760 804 debuerat,
791 721 993 807 prepeditus,
1021 728 1056 785 et
1080 719 1286 785 baccalarius
1323 719 1357 782 in
1382 719 1560 798 medicina,
1591 720 1647 803 qui

290 853 407 900 omnes
420 852 532 896 cursus
547 829 673 895 dudum
689 826 770 912 legit
797 827 830 890 in
847 845 898 904 ea,
915 831 1008 908 quat.
1024 823 1067 888 de
1093 844 1166 888 can.
1183 824 1264 888 eccl.
1290 822 1321 888 S.
1339 821 1427 887 Petri
1456 821 1648 902 InsulensiS,

289 937 379 1002 dicte
394 935 491 1014 dioc.,
517 932 578 998 sibi
604 931 788 1016 dignemini
805 928 992 1015 providere,
1011 935 1046 992 et
1072 929 1163 1013 preb.
1183 924 1273 1012 [vac.
1299 947 1357 992 seu
1382 925 1521 1012 vacat.‚]
1540 925 1650 991 eidem

215 1113 218 1119 ,
291 1038 538 1118 conserendam,
556 1034 726 1102 collationi
756 1041 865 1119 apost.
886 1052 1055 1098 reservare
1071 1051 1159 1110 ;non
1187 1033 1273 1096 obst.
1290 1030 1380 1115 quod
1406 1031 1548 1095 alteram
1574 1049 1651 1116 por-

290 1145 419 1209 tionem
434 1141 587 1227 parroch.
603 1141 684 1205 eccl.
700 1139 742 1204 de
765 1136 940 1216 Ghistella,
956 1134 1106 1221 predicte
1129 1134 1227 1216 dioc.,
1252 1134 1405 1200 obtineat
1421 1134 1454 1198 in
1483 1133 1649 1214 Flandria,

292 1245 326 1308 in
342 1250 557 1330 quapropter
573 1241 740 1307 interdicti
756 1240 979 1322 formidinem,
992 1241 1043 1304 cui
1060 1239 1152 1304 dicta
1168 1248 1255 1304 terra
1272 1237 1426 1304 Flandrie
1441 1237 1563 1303 dicitur
1578 1258 1650 1302 esse

291 1349 452 1433 subjecta,
468 1345 611 1411 residere
626 1365 695 1410 non
711 1344 823 1410 audet.
844 1381 876 1392 -
898 1342 974 1408 Fiat
991 1342 1031 1409 R.

338 1451 383 1515 Et
398 1449 557 1534 quoniam
573 1450 785 1535 quamplures
799 1457 878 1514 sunt
894 1448 1094 1513 auctoritate
1104 1447 1136 1512 S.
1149 1445 1189 1510 V.
1202 1446 1389 1532 prebendas
1413 1446 1445 1510 in
1461 1446 1552 1512 dicta
1566 1447 1649 1511 eccl.

294 1555 325 1620 S.
342 1553 431 1618 Petri
449 1551 629 1617 Insulensis
644 1559 873 1638 expectantes,
890 1559 927 1616 ut
950 1551 1107 1617 diuturna
1121 1550 1312 1635 expectatio
1328 1550 1448 1633 aliquo,
1465 1550 1544 1615 licet
1560 1551 1651 1615 labo·

294 1660 391 1736 rios0,
408 1655 566 1740 suffragio
581 1656 757 1737 relevetur,
773 1677 868 1743 supp.
882 1657 971 1722 idem
985 1655 1004 1734 J
1008 1656 1169 1736 ohannes,
1186 1655 1241 1740 qui
1259 1655 1292 1720 in
1309 1656 1473 1720 scolarum
1490 1655 1651 1740 regimine

294 1764 443 1827 laborare
459 1761 601 1826 fideliter
615 1761 801 1841 consuevit,
823 1769 913 1845 quat.
930 1761 1078 1846 regimen
1098 1781 1155 1826 seu
1171 1757 1318 1825 officium
1334 1757 1475 1823 rectorie
1487 1758 1651 1823 scolarum

294 1865 375 1932 dicti
399 1866 463 1931 loci
491 1884 549 1930 seu
564 1865 643 1928 ville
659 1863 851 1947 Insulensis,
866 1865 909 1931 de
925 1883 991 1950 qua
1008 1865 1096 1930 idem
1112 1863 1132 1942 J
1135 1864 1286 1929 ohannes
1310 1861 1468 1927 oriundus
1494 1871 1555 1954 est,
1572 1881 1652 1926 con-

295 1977 425 2035 suetum
441 1989 501 2054 per
515 1968 680 2034 decanum
696 1977 731 2034 et
747 1989 820 2055 cap.
845 1969 935 2036 dicte
960 1970 1052 2049 eccl,
1071 1968 1113 2033 ad
1140 1965 1277 2051 aliquod
1301 1975 1434 2052 tempus
1459 1967 1650 2051 prefinitum

294 2075 336 2138 ab
352 2071 409 2152 eis,
425 2073 504 2137 solis
519 2073 686 2156 magistris
701 2074 735 2136 in
751 2081 813 2138 art.
829 2073 1000 2158 assignari,
1017 2073 1264 2158 quamprimum
1291 2069 1452 2135 terminus
1467 2071 1652 2155 assignatus

294 2176 352 2257 illi,
368 2175 423 2260 qui
439 2196 496 2241 eas
510 2175 595 2260 regit
610 2174 653 2241 ad
668 2196 815 2261 presens,
831 2178 963 2263 elapsus
978 2176 1086 2258 fuerit,
1100 2175 1208 2242 eidem
1225 2174 1244 2253 J
1248 2175 1374 2241 obanni
1387 2175 1544 2241 mandare
1560 2195 1652 2240 corn·

293 2277 382 2343 mitti
410 2286 445 2343 et
470 2278 627 2363 assignari
651 2279 845 2364 dignemini,
872 2289 980 2367 apost.
1007 2289 1095 2346 auct.
1118 2279 1303 2345 tenendum
1327 2286 1362 2344 et
1377 2279 1558 2364 regendum
1575 2299 1651 2344 cum

294 2382 531 2447 emolumentis
552 2383 730 2464 consuetis,
739 2384 849 2450 donec
864 2384 1069 2470 prebendam
1087 2383 1120 2447 in
1136 2383 1228 2449 dicta
1244 2385 1385 2450 ecclesia
1400 2383 1498 2448 fuerit
1513 2382 1653 2469 pacifice

263 2540 267 2546 .
294 2493 474 2552 assecutus.
489 2527 533 2535 —
550 2485 626 2552 Fiat
640 2487 683 2553 ad
697 2487 871 2553 biennium
885 2487 925 2553 R.

338 2589 418 2654 Dat.
433 2609 487 2674 ap.
503 2588 750 2656 Villamnovam
766 2612 847 2658 non.
863 2600 960 2658 mart.
977 2601 1011 2657 a⁰
1031 2599 1069 2658 1⁰.
1087 2591 1137 2676 (2,
1152 2592 1220 2675 89).

344 2727 460 2813 334.
1357 2762 1452 2826 1345,
1471 2761 1490 2826 7
1506 2763 1608 2807 mars.

245 2848 250 2857 '
337 2847 426 2932 Sign.
438 2848 470 2913 S.
483 2847 522 2913 V.
540 2847 596 2911 ille
606 2857 626 2928 ¹,
639 2848 694 2932 qui
712 2848 745 2911 in
761 2849 915 2913 columbe
928 2848 1039 2935 specie
1055 2869 1114 2934 per
1129 2868 1310 2914 cavernam
1322 2847 1467 2913 nracerie
1477 2862 1488 2887 ²
1498 2866 1603 2932 nuper
1618 2846 1651 2910 in

294 2959 369 3017 orto
380 2972 474 3016 suam
490 2952 767 3037 supplicationem
784 2954 941 3037 porrexit,
958 2954 990 3017 in
1008 2975 1082 3038 qua,
1099 2963 1137 3018 ut
1149 2952 1180 3019 S.
1193 2953 1233 3019 V.
1244 2954 1456 3019 clementiam
1472 2950 1515 3017 ad
1530 2951 1651 3017 facien-

293 3056 374 3121 dum
386 3054 446 3119 sibi
458 3056 598 3139 gratiam
614 3055 741 3121 facilius
768 3056 952 3139 inclinaret,
976 3079 1052 3123 cum
1079 3058 1276 3142 quibusdam
1300 3058 1449 3122 versibus
1465 3066 1499 3122 et
1522 3057 1652 3122 rithmis

295 3160 423 3225 motiva
443 3180 507 3243 que
534 3168 691 3224 secuntur
710 3160 886 3245 premisit:
917 3162 1018 3248 Supp.
1046 3161 1077 3227 S.
1094 3162 1133 3227 V.
1158 3161 1293 3228 humilis
1317 3169 1352 3226 et
1372 3161 1515 3227 devotus
1539 3168 1653 3226 orator

279 3258 591 3341 'vesterJohannes
618 3263 769 3346 Gilberti,
800 3266 954 3332 sacerdos
980 3267 1066 3333 dioc.
1092 3267 1287 3349 Tornaoen,
1315 3287 1400 3351 mag.
1426 3267 1459 3330 in
1484 3274 1546 3331 art.
1563 3264 1652 3331 Pari-

295 3367 371 3448 sius,
387 3368 466 3432 licet
482 3368 515 3431 in
528 3366 741 3433 confectione
755 3369 940 3434 rotulorum
965 3370 1195 3456 magistrorum
1220 3369 1445 3435 universitatis
1460 3367 1652 3435 Parisiensis

294 3491 362 3535 non
378 3470 564 3536 interfuerit
579 3471 756 3536 occasione
771 3492 960 3556 guerrarum
974 3472 1002 3537 F
1002 3474 1139 3555 landrie,
1151 3474 1185 3537 in
1195 3473 1314 3559 quibus
1325 3472 1468 3559 perdidit
1481 3494 1521 3538 ea
1534 3472 1652 3557 quibus

294 3574 470 3639 sustentari
497 3574 667 3655 debuerat,
693 3575 895 3660 prepeditus,
922 3583 957 3641 et
978 3578 1164 3643 bacalarius
1191 3577 1224 3642 in
1250 3576 1428 3658 medicina,
1452 3577 1506 3661 qui
1535 3596 1652 3642 omnes

293 3698 406 3745 cursus
417 3677 543 3744 dudum
558 3678 639 3763 legit
652 3678 688 3742 in
700 3700 751 3759 ea,
768 3688 933 3763 quatenus
957 3679 1017 3744 sibi
1043 3681 1222 3766 specialem
1248 3682 1389 3765 gratiam
1414 3679 1574 3746 facientes
1586 3688 1650 3745 etc.

294 3782 394 3866 quod,
408 3782 592 3848 secundum
604 3782 651 3846 rei
669 3782 858 3865 veritatem,
874 3783 960 3849 sicut
975 3792 1093 3869 postea
1117 3805 1158 3847 ex
1174 3784 1290 3868 majori
1315 3782 1555 3848 deliberatione
1576 3801 1651 3866 per·

292 3887 419 3973 pendit,
439 3894 592 3972 tempore
615 3886 836 3952 confectionis
856 3886 1023 3952 dictorum
1047 3887 1232 3952 rotulorum
1260 3886 1494 3971 magistrorum
1521 3885 1651 3950 univer-

292 3992 401 4057 sitatis
417 3990 619 4071 Parisiensis,
632 4011 749 4075 guerra
763 4011 832 4055 non
856 3990 977 4055 eratin
996 3988 1162 4071 Flandria,
1183 3991 1242 4056 sed
1265 3991 1372 4075 magis
1393 3976 1525 4074 treuge,
1544 3997 1579 4054 et
1605 3990 1650 4055 ita

291 4096 400 4161 dictus
415 4096 615 4180 supplicans,
628 4094 708 4159 licet
722 4116 791 4160 non
806 4094 906 4160 fuerit
914 4103 995 4160 tnnc
1011 4095 1172 4180 temporis
1189 4094 1340 4175 Parisios,
1364 4094 1443 4179 quin
1460 4104 1575 4160 tamen
1591 4093 1650 4157 ibi-

291 4201 369 4266 dem
380 4208 462 4265 tunc
476 4199 624 4285 potuerit
636 4198 805 4281 interesse,
817 4220 884 4265 non
901 4199 963 4264 fuit
973 4200 1149 4265 occasione
1164 4220 1355 4285 guerrarum
1369 4197 1525 4264 Flandrie
1534 4216 1650 4284 prepe-

290 4304 389 4382 ditus,
401 4304 434 4367 in
445 4303 563 4387 quibus
572 4303 677 4367 etiam
687 4312 721 4367 et
732 4303 758 4367 si
772 4311 902 4388 partem
914 4323 1115 4384 eorum,n0n
1126 4312 1243 4369 tamen
1256 4304 1368 4369 onmia
1380 4304 1523 4389 perdidit
1533 4303 1652 4388 quibus

290 4405 450 4470 debuerat
460 4406 647 4472 sustentari.
664 4406 889 4492 Quapropter,
899 4427 942 4471 ne
958 4415 1096 4493 propter
1111 4406 1300 4493 hujusmodi
1313 4406 1441 4473 motiva
1454 4408 1487 4472 in
1500 4414 1651 4493 pretacta

290 4508 534 4593 supplicatione
546 4530 606 4595 per
617 4531 685 4575 non
702 4510 949 4576 advertentiam
968 4533 1037 4578 non
1062 4513 1221 4593 totaliter,
1247 4521 1347 4598 prout
1363 4510 1470 4593 erant,
1487 4530 1650 4597 expressa,

289 4610 397 4695 gratia
411 4610 503 4676 dicto
519 4612 720 4698 supplicanti
742 4613 833 4679 facta
857 4616 1048 4701 surreptitia
1074 4616 1213 4681 forsitan
1239 4615 1414 4698 videatur;
1443 4636 1537 4701 supp.
1562 4615 1650 4681 idenr

289 4714 308 4791 J
312 4714 463 4780 ohannes
479 4722 569 4799 quat.
586 4721 637 4782 s¹¹¹⁸
648 4735 768 4781 manus
782 4725 895 4782 vestra
910 4718 1067 4804 dignetur
1080 4721 1112 4784 in
1129 4716 1407 4807 presentijcedula
1426 4720 1516 4805 prius
1527 4719 1650 4806 scripta

287 5008 303 5052 2
324 4933 346 5052 l(
361 4930 436 5052 CpttFe
453 4930 598 5056 spppqiqpp,
617 4933 663 4994 qui
683 4936 722 4982 est
740 4933 765 4982 le
784 4936 906 4985 correctit
923 4936 955 4987 de
973 4936 998 4987 la
1019 4934 1089 5001 piece'
1107 4936 1267 5001 precedente,
1286 4940 1325 4987 est
1341 4937 1374 4987 de
1391 4937 1416 4987 la
1435 4936 1518 4987 meme
1535 4937 1603 4987 date.
1620 4962 1652 4972 -

305 5043 311 5054 .
335 5006 399 5053 bn.
427 5020 465 5053 ,an
481 5043 494 5066 .,
535 5042 541 5067 ,
586 5044 593 5057 .
