3650 5675
746 548 834 622 1349,
857 549 897 612 22
920 548 990 614 mai.
1489 549 1552 614 449

187 700 222 765 in
238 698 391 780 Terasca,
407 698 540 764 etiamsi
567 699 785 765 canonicatus
812 707 847 764 et
862 698 1034 784 prebenda
1050 702 1206 778 existant,
1235 697 1433 764 Laudunen.
1453 697 1551 778 dioc,

187 825 258 870 non
273 806 359 870 obst.
375 802 466 887 quod
479 823 555 868 can.
572 810 607 868 et
622 805 715 889 preb.
738 804 821 869 eccl.
839 804 870 870 S.
887 803 1065 890 Gaugerici
1087 803 1314 884 Cameracen,
1339 811 1375 869 01
1397 803 1551 890 parroch.

187 910 270 974 eccl.
286 906 329 972 de
344 906 489 986 Thanes,
506 914 541 971 et
569 908 735 992 capellan.
762 907 797 972 in
820 908 902 973 ecel.
931 908 963 973 S.
990 908 1131 994 Spiritus
1155 908 1188 971 in
1212 908 1445 988 Abbatisvilla,
1461 907 1551 974 dicte

187 1013 390 1078 Ambianen.
406 1012 504 1092 dioc,
519 1011 669 1077 noscitur
685 1013 847 1078 obtinere.
863 1053 907 1062 -
923 1011 1062 1078 Habeat
1074 1021 1112 1077 ut
1126 1033 1235 1099 supra.
1253 1014 1323 1098 (19,
1341 1017 1419 1098 211)

234 1155 336 1215 1722.
354 1147 445 1232 Mag.
462 1147 480 1226 J
484 1149 609 1214 ohanni
627 1148 777 1231 Carlarii,
794 1150 981 1236 presbitero
1008 1149 1198 1215 Tomacen.
1226 1150 1324 1229 dioc,
1341 1149 1473 1215 decan.
1490 1152 1550 1216 sub

186 1273 262 1339 erp.
277 1255 370 1338 preb.
387 1251 419 1317 S.
435 1253 551 1318 Amati
567 1253 765 1334 Duacensis,
793 1255 1008 1319 Attrebaten.
1024 1253 1111 1319 dioc.
1127 1276 1136 1333 ;
1161 1273 1230 1318 non
1257 1256 1343 1319 obst.
1368 1253 1460 1337 quod
1474 1275 1550 1340 par-

185 1357 278 1422 roeh.
294 1357 376 1422 eccl.
403 1355 446 1421 de
470 1354 696 1437 Lambersart,
719 1368 754 1422 et
778 1379 880 1423 unam
907 1357 940 1422 S.
967 1355 1105 1422 Martini
1132 1357 1167 1421 in
1194 1357 1226 1422 S.
1254 1356 1344 1421 Petn‘
1362 1367 1421 1422 'et
1448 1358 1550 1423 aliam

185 1460 218 1526 S.
235 1458 347 1526 Mauri
362 1460 398 1525 in
413 1460 445 1525 S.
471 1458 623 1525 Mauritii
648 1461 810 1535 ecclesiis,
841 1460 1034 1542 1000100οἰ0,
1061 1461 1211 1546 ejusdem
1237 1461 1425 1527 Tornacen.
1448 1462 1549 1543 dioc,

186 1565 392 1649 capellanias
406 1564 557 1629 noscitur
572 1564 723 1629 obtinere
737 1588 745 1644 ;
762 1586 827 1650 que
838 1565 1023 1651 capellanie
1033 1565 1076 1630 ad
1087 1565 1256 1631 decimam
1271 1566 1461 1632 nullatenus
1473 1575 1551 1632 sunt
1631 1547 1635 1559 ¹

186 1676 313 1734 taxato.
329 1709 373 1717 -
389 1667 528 1733 Habeat
542 1677 582 1732 ut
596 1669 630 1733 in
647 1668 766 1735 forma.

233 1810 334 1872 1723.
362 1804 456 1890 Mag.
484 1804 650 1889 Rengero,
675 1805 746 1871 filio
774 1805 916 1872 Henrici
943 1806 986 1872 de
1010 1805 1248 1886 Zvirokerken,
1274 1807 1483 1872 subdiacono
1507 1807 1549 1873 de

186 1912 353 1993 Trajecto,
369 1910 412 1975 de
426 1911 503 1974 ben.
520 1929 548 1974 c.
565 1930 595 1974 c.
610 1910 676 1974 etc.
702 1909 746 1975 ad
772 1910 851 1975 coll.
878 1917 945 1975 etc.
969 1909 1118 1976 investiti
1142 1907 1358 1974 ecclesiarum
1384 1903 1426 1974 de
1442 1907 1550 1974 Orten

186 2017 279 2084 etde
295 2013 510 2094 Buscoducis,
526 2013 634 2094 simul,
646 2024 684 2078 ut
699 2013 830 2094 dicitur,
847 2013 892 2079 ad
907 2009 1315 2093 invicemunitarum,·vel
1328 2007 1467 2096 quarum
1483 2031 1550 2078 una

183 2123 226 2186 ab
242 2120 306 2185 alia
317 2119 497 2205 dependet,
514 2117 675 2184 Leodien.
691 2118 801 2198 dioc.;
818 2140 888 2184 non
905 2122 991 2185 obst.
1009 2117 1103 2204 quod
1120 2117 1274 2205 parroch.
1298 2119 1380 2183 eccl.
1395 2113 1438 2183 de
1459 2116 1550 2182 Riin·

183 2224 260 2304 viic,
276 2223 465 2308 Trajecten.
482 2220 581 2302 dioc,
597 2222 748 2288 noscitur
771 2223 934 2289 obtinere.
962 2263 1006 2273 -
1031 2221 1168 2288 Habeat
1184 2217 1228 2288 'ut
1243 2222 1277 2286 in
1294 2223 1400 2287 forma
1415 2221 1458 2287 ad
1473 2221 1550 2288 coll.

183 2327 323 2394 rectoris
337 2347 397 2392 000
411 2325 562 2391 investiti
579 2325 733 2412 predicti.
750 2326 822 2411 (19,
842 2328 945 2410 211l).

232 2469 337 2529 1724.
700 2464 806 2530 Natio
828 2466 1033 2550 Anglicona.

231 2569 323 2656 Mag.
339 2569 509 2635 Willelmo
525 2569 567 2634 de
583 2569 652 2634 Los
666 2582 686 2650 ²,
703 2569 826 2635 clerico
850 2567 1011 2634 Leodien.
1035 2569 1130 2648 dioc,
1155 2566 1197 2632 de
1212 2569 1288 2636 ben.
1304 2569 1386 2632 0001
1404 2587 1433 2635 c.
1450 2587 1479 2632 c.
1494 2567 1548 2631 vel

186 2695 212 2740 s.
225 2695 254 2741 c.
270 2681 446 2759 spectante
461 2672 505 2738 ad
522 2673 598 2738 coll.
614 2681 679 2738 etc.
697 2673 828 2738 abbatis
850 2680 886 2737 et
901 2677 1090 2738 conventus
1112 2669 1308 2736 monasterii
1320 2669 1352 2735 S.
1368 2668 1545 2750 Trudonis,

187 2776 347 2843 Leodien.
375 2775 473 2858 dioc,
501 2776 726 2842 communiter
750 2776 805 2840 vel
831 2774 976 2857 divisim,
1003 2774 1093 2862 [vac.
1116 2775 1171 2840 vel
1198 2772 1339 2860 vacat.],
1367 2771 1550 2859 dignemini

185 2880 444 2948 misericorditer
458 2881 646 2967 providere,
663 2889 728 2946 etc.
745 2904 752 2958 ;
769 2901 840 2945 non
856 2884 947 2947 obst.
966 2879 1084 2965 gratia,
1108 2898 1211 2964 quam
1227 2878 1377 2943 nondum
1393 2885 1444 2943 est
1460 2898 1549 2945 asse·

185 2994 293 3067 cutus,
308 2985 351 3051 de
367 2985 463 3052 altari
479 2985 534 3049 vel
558 2985 698 3071 capella,
723 2985 816 3069 cujus
843 2984 944 3049 annui
971 2982 1119 3049 redditus
1135 3002 1301 3049 summam
1328 3002 1368 3046 20
1395 2980 1549 3047 florenor.

183 3110 253 3156 non
270 3089 447 3168 excedunt,
460 3095 495 3153 et
513 3109 590 3154 cum
607 3088 681 3153 aliis
701 3108 771 3153 non
788 3088 1000 3153 obstantibus
1023 3094 1089 3153 etc.
1106 3086 1193 3152 utin
1219 3085 1335 3151 forma.
1352 3125 1395 3135 -
1412 3084 1550 3151 Habeat

184 3191 228 3257 ad
239 3194 316 3259 0011.
332 3191 452 3257 decani
467 3198 503 3257 et
526 3191 662 3277 capituli
687 3192 769 3257 eccl.
793 3191 825 3256 S.
849 3190 990 3256 Servatii
1014 3189 1248 3275 TrajectensiS,
1272 3188 1434 3257 Leodien.
1450 3188 1548 3270 dioc,

185 3296 409 3362 communiter
424 3297 480 3360 vel
495 3294 639 3375 divisim,
657 3303 693 3360 ut
710 3295 743 3359 in
760 3294 877 3360 forma.
893 3297 963 3377 (19,
982 3294 1060 3378 214)

232 3435 332 3498 1725.
360 3430 452 3516 Mag.
480 3430 633 3497 Henrico
657 3431 750 3497 dicto
778 3430 953 3497 Moleman
980 3430 1023 3497 de
1049 3430 1151 3496 Elten
1167 3440 1188 3513 ³,
1212 3431 1334 3497 clerico
1360 3430 1548 3517 Trajecten.

185 3536 283 3616 dioc,
299 3534 342 3601 de
357 3538 435 3601 ben.
451 3556 480 3600 c.
497 3557 525 3600 c.
542 3536 598 3600 vel
614 3556 640 3601 s.
662 3556 691 3601 c.
708 3544 886 3621 spectante
909 3535 1134 3601 communiter
1161 3537 1215 3601 vel
1242 3536 1374 3603 divisim
1402 3536 1445 3601 ad
1472 3538 1547 3603 0011.

184 3639 355 3725 prepositi,
371 3638 492 3705 decani
508 3650 544 3703 et
571 3639 707 3724 capituli
726 3639 808 3705 eccl.
826 3639 857 3703 S.
883 3638 1028 3705 Ruboldi
1054 3637 1317 3719 Mechliniensis,
1331 3640 1546 3707 Cameracen.

184 3744 283 3824 dioc,
302 3742 392 3830 [vac.
408 3745 464 3809 vel
480 3742 621 3829 vacat.],
637 3743 821 3828 dignemini
846 3743 1035 3828 providere,
1063 3762 1140 3809 cum
1164 3743 1399 3829 acceptatione
1427 3752 1492 3809 etc.
1509 3752 1547 3811 ut

186 3848 219 3924 in
235 3847 352 3913 sonna.
367 3888 411 3897 -
427 3845 565 3912 Habeat
579 3847 623 3913 ad
638 3848 714 3913 coll.
737 3847 908 3932 prepositi,
926 3846 1044 3913 decani
1061 3854 1096 3926 et
1112 3846 1247 3932 capituli
1265 3847 1346 3912 eccl.
1362 3847 1394 3912 S.
1410 3846 1545 3913 Andree

184 3950 361 4017 Colonien.
377 3959 415 4016 ut
430 3971 541 4037 supra.

231 4091 332 4152 1726.
349 4086 443 4173 Mag.
458 4088 608 4155 Amaldo
625 4089 724 4155 Haec
739 4090 781 4156 de
799 4089 961 4156 Huesden
978 4101 998 4170 ⁴,
1023 4088 1146 4155 clerico
1168 4088 1357 4174 Trajecten.
1380 4089 1477 4171 dioc,
1502 4090 1544 4155 de

184 4192 263 4255 ben.
278 4192 361 4257 eccl.
376 4212 406 4256 c.
422 4213 450 4256 c.
468 4193 522 4257 vel
546 4213 571 4257 s.
588 4214 628 4274 0.,
645 4204 821 4281 spectante
848 4195 892 4260 ad
919 4196 997 4260 coll.
1014 4202 1079 4261 010.
1106 4193 1245 4260 rectoris
1270 4194 1486 4261 ecclesiarum
1502 4194 1543 4261 de

184 4292 294 4359 Orten
309 4304 344 4360 et
359 4296 401 4361 de
417 4294 656 4377 Buschoducis,
673 4296 842 4374 Leodien.
856 4298 955 4377 dioc,
973 4317 1112 4380 quarum
1140 4316 1207 4373 una
1222 4295 1391 4383 dependet
1408 4300 1450 4363 ab
1467 4298 1543 4379 alia,

189 4398 278 4485 [vac.
294 4401 360 4465 vel.
376 4401 504 4488 vacat]
530 4409 606 4483 etc,
622 4402 753 4467 etiamsi
778 4422 837 4488 per
862 4401 993 4467 obitum
1018 4401 1157 4486 alicujus
1183 4402 1221 4467 in
1246 4402 1337 4467 curia
1365 4402 1473 4483 Rom,
1490 4404 1544 4467 vel

183 4522 244 4589 per
259 4503 399 4569 liberam
413 4504 673 4589 resignationem
697 4506 730 4569 in
746 4505 865 4579 eadem
881 4524 1001 4569 vacare
1025 4505 1212 4589 contigerit,
1235 4505 1417 4590 dignemini
1433 4508 1545 4591 provi·

183 4605 262 4670 dere
277 4629 286 4687 ;
302 4627 372 4671 non
389 4609 475 4673 obst.
491 4609 599 4693 gratia
624 4608 771 4694 generali
799 4608 861 4672 sibi
889 4628 949 4694 per
976 4608 1007 4672 S.
1025 4606 1064 4673 V.
1081 4608 1172 4673 facta
1199 4608 1243 4674 ad
1269 4608 1346 4683 coll.
1373 4609 1494 4677 decani
1509 4620 1545 4677 01

184 4710 321 4795 capituli
333 4711 475 4776 ecclesie
490 4711 533 4776 de
547 4711 756 4794 Zantbomel,
774 4731 874 4796 quam
897 4711 1048 4777 nondum
1065 4720 1116 4777 est
1142 4722 1323 4793 assecutus
1351 4734 1454 4797 quam
1481 4716 1542 4782 sibi

219 4922 241 4967 1.
253 4917 277 4965 Il
288 4918 331 4966 fut
341 4917 460 4981 presente
470 4922 487 4969 ia
498 4927 566 4971 cette
577 4922 735 4984 chapellcnie
746 4936 778 4971 en
791 4923 853 4970 1335
875 4922 1040 4985 (Hectorem,
1057 4920 1155 4971 Cur-tul.
1168 4921 1236 4983 673).
1244 4949 1276 4958 -
1289 4924 1311 4971 2.
1323 4921 1427 4983 Denifle,
1441 4922 1476 4983 11,
1490 4925 1546 4973 618.

184 5018 218 5027 -
230 4993 253 5041 3.
264 4989 313 5051 rb,
327 4991 361 5051 11,
374 4994 430 5043 648.
441 5020 474 5029 —-
485 4994 508 5042 1.
521 4994 569 5053 la,
583 4994 618 5054 11,
632 4994 686 5044 648.

236 5080 299 5122 Anni.
314 5080 361 5122 Vnt.
379 5081 439 5134 Belg.
1474 5098 1499 5138 ²⁹
