3650 5675
303 536 361 601 410
846 532 936 607 1349,
958 532 1008 596 5-7
1030 550 1118 598 mars.

356 683 497 768 1520.
1366 715 1462 781 1349,
1478 714 1499 778 5
1516 718 1620 763 mars.

309 848 314 856 -
345 803 468 888 Supp...
485 800 645 885 P(etrus),
673 798 762 866 card.
787 799 1012 878 Attrebaten,
1038 807 1128 882 quat.
1156 800 1333 885 capellano
1359 808 1395 866 et
1422 800 1574 866 familiari
1604 821 1665 867 suo

303 907 463 973 continuo
492 903 711 971 commensali
737 902 919 969 Guillelmo
945 902 988 968 de
1013 901 1197 969 Brillicuria
1223 904 1363 972 decan.
1391 912 1426 970 et
1456 907 1548 992 preb.
1581 906 1664 972 eccl.

303 1011 334 1076 S.
351 1009 509 1075 Rumoldi
527 1006 767 1090 Maeliniensis,
785 1006 1001 1072 Cameracen.
1018 1006 1115 1088 dioc,
1132 1027 1207 1074 vac.
1225 1008 1269 1074 ad
1284 1029 1420 1095 presens
1434 1029 1495 1095 per
1510 1018 1663 1076 contrac-

301 1123 374 1180 tum
389 1112 673 1178 matrimonium...
699 1133 759 1198 per
784 1110 979 1189 Johannem
996 1109 1116 1192 Calini,
1133 1110 1301 1194 clericum,
1317 1100 1466 1197 ejusdem
1482 1113 1564 1178 eccl.
1587 1132 1663 1179 can.

301 1217 545 1302 prebendatum
575 1215 756 1300 dignemini
783 1215 981 1301 providere;
1009 1236 1079 1281 non
1096 1218 1182 1282 obst.
1195 1216 1286 1300 quod
1308 1237 1384 1284 can.
1407 1225 1442 1283 et
1464 1219 1555 1303 preb.
1580 1219 1663 1289 eccl.

301 1321 333 1388 S.
361 1320 506 1406 Quiriaci
522 1319 564 1385 de
587 1320 735 1385 Pruvino
758 1327 794 1384 et
808 1319 947 1405 paroch.
963 1320 1045 1384 eccl.
1061 1318 1103 1384 de
1120 1317 1268 1400 Huretis,
1285 1319 1451 1386 Senonen.
1474 1319 1571 1401 dioc,
1586 1341 1664 1386 nos-

301 1425 387 1490 citur
399 1423 583 1490 obtinere...
600 1463 641 1474 -
658 1423 736 1489 Fiat
752 1423 792 1488 R.

346 1529 425 1594 Dat.
440 1529 541 1594 Avin.
560 1549 577 1612 3
593 1547 673 1594 non.
689 1535 788 1593 mart.
804 1535 839 1592 a⁰
857 1535 898 1612 7⁰.
917 1527 986 1611 (17,
1008 1527 1095 1611 188).

354 1680 483 1765 1521.
1352 1692 1485 1778 13496
1516 1715 1618 1761 mars.

346 1799 470 1886 Supp...
489 1797 638 1865 Michael
653 1797 695 1863 dc
711 1795 810 1863 Mota
821 1806 840 1879 ¹,
856 1796 910 1863 lic.
927 1795 960 1860 in
978 1803 1061 1861 art...
1078 1802 1113 1861 et
1136 1795 1274 1862 studens
1295 1794 1329 1862 in
1352 1795 1426 1882 jure
1454 1818 1538 1880 can,
1557 1797 1663 1864 Mori-

300 1925 379 1968 nen.
395 1902 493 1984 dioc,
509 1908 599 1987 quat.
624 1900 666 1966 de
691 1921 765 1967 carr.
793 1908 827 1965 et
850 1901 943 1986 preb.
971 1901 1053 1965 eccl.
1079 1898 1110 1965 S.
1144 1897 1235 1965 Petri
1260 1899 1419 1983 Ariensis,
1444 1900 1534 1968 dicte
1564 1901 1663 1984 dioc,

300 2027 375 2073 vac.
392 2007 435 2073 ad
449 2026 586 2093 presens
607 2024 667 2092 per
694 2007 748 2071 ob.
773 2004 945 2089 quondam
969 2004 1044 2070 Ade
1071 2003 1113 2070 de
1140 2003 1340 2086 Camberon,
1357 2005 1412 2091 qui
1440 2015 1536 2072 extra
1563 1997 1663 2073 Rom.

302 2112 428 2177 curiam
458 2110 547 2176 diem
578 2109 698 2176 clausit
725 2116 923 2190 extremum,
949 2116 1029 2173 ante
1056 2108 1126 2194 ejus
1157 2110 1211 2174 ob.
1238 2110 1447 2176 reservatis...
1479 2108 1662 2195 dignemini

300 2215 477 2302 providere
492 2237 501 2295 ;
518 2234 587 2281 non
603 2216 690 2280 obst.
705 2212 796 2298 quod
808 2211 897 2279 idem
910 2210 1061 2278 Michael
1084 2212 1221 2298 paroch.
1234 2213 1316 2278 eccl.
1329 2213 1371 2279 de
1384 2212 1662 2300 Etthenlinghem

298 2320 396 2405 juxta
412 2317 539 2403 BrugiS,
554 2317 852 2398 Tornacendioc,
869 2325 905 2382 et
931 2315 1112 2401 quamdam
1140 2316 1304 2402 capellan.
1329 2317 1363 2382 in
1389 2318 1471 2384 eccl.
1495 2315 1662 2384 Morinen.

300 2423 450 2490 noscitur
464 2422 649 2489 obtinere...
666 2461 706 2472 —
723 2420 801 2487 Fiat
817 2419 858 2487 R.

344 2527 425 2593 Dat.
440 2527 542 2594 Avin.
559 2547 577 2590 2
593 2545 673 2592 non.
690 2531 837 2590 111111ο
854 2531 897 2608 7⁰.
914 2524 984 2608 (17,
1006 2525 1093 2609 190).

356 2679 491 2764 1522.
1366 2714 1460 2779 1399,
1478 2711 1617 2779 711111.

346 2798 464 2887 [Motu
478 2795 630 2885 proprio]
649 2816 860 2863 reservamus
874 2817 949 2864 can.
966 2805 1001 2863 et
1015 2799 1107 2884 preb.
1124 2797 1264 2865 ecclesie
1289 2795 1491 2865 Morinensis
1503 2819 1586 2883 quos
1602 2801 1661 2867 ob-

299 2904 385 2969 tinet
400 2901 575 2980 Johannes
599 2901 733 2987 Rogerii
748 2912 760 2937 ²
774 2901 997 2967 conferendos
1020 2900 1203 2969 Laurentio
1225 2901 1269 2967 de
1291 2902 1524 2985 Abbatisvilla,
1548 2906 1662 2991 capel-

299 3009 377 3073 lano
393 3008 520 3092 capelle
536 3014 660 3088 nostre,
677 3025 754 3071 cum
769 3025 829 3091 per
856 3004 1107 3071 assecucionem
1134 3026 1209 3072 can.
1226 3014 1261 3071 et
1276 3009 1369 3092 preb.
1395 3027 1435 3072 ac
1450 3008 1663 3093 precentorie

300 3110 441 3177 ecclesie
457 3108 655 3191 Aniciensis,
661 3108 703 3174 de
719 3109 838 3194 quibus
853 3109 964 3175 eidem
979 3107 999 3186 J
1002 3108 1128 3174 ohanni
1145 3109 1361 3196 providimus,
1367 3110 1422 3175 vel
1438 3110 1519 3176 alias
1534 3117 1662 3197 preter-

301 3234 401 3300 quam
416 3235 476 3300 per
491 3213 593 3299 ipsius
607 3211 627 3290 J
630 3212 771 3279 ohannis
786 3214 840 3279 ob.
856 3215 1057 3279 vacabunt...
1072 3253 1116 3264 —
1132 3212 1208 3279 Fiat
1223 3222 1319 3280 motu
1334 3214 1480 3300 proprio.
1497 3213 1537 3280 R.

305 3403 310 3414 ἡ
345 3318 425 3383 Dat.
441 3318 541 3383 Asin.
557 3338 638 3383 non.
653 3325 752 3384 mart.
769 3325 803 3391 a⁰
820 3324 862 3403 7⁰.
880 3318 949 3402 (17,
970 3319 1072 3402 1811).

353 3471 651 3559 1523-1524.
1293 3516 1298 3520 ’
1364 3504 1459 3570 1399,
1477 3503 1616 3571 7marc

341 3593 465 3678 Supp...
484 3590 705 3677 Raymundus
731 3591 774 3657 de
800 3590 832 3656 S.
860 3587 1042 3671 Michaele,
1066 3589 1178 3674 legum
1204 3589 1323 3655 doctor
1348 3597 1383 3655 et
1409 3590 1496 3676 regis
1517 3589 1662 3656 Francie

298 3698 513 3779 consiliarius,
529 3705 567 3762 ut
582 3696 902 3776 archidiaconatum,
919 3703 1045 3760 canet
1071 3696 1164 3780 preb.
1180 3695 1321 3761 ecclesie
1346 3696 1560 3761 Attrebaten.
1586 3716 1661 3763 vac.

271 3829 273 3832 ·
297 3800 332 3865 in
349 3799 448 3866 Rom.
474 3799 564 3865 curia
587 3816 647 3884 per
673 3800 727 3865 ob.
751 3797 874 3882 bon(e)
900 3795 1096 3881 mem(orie)
1118 3794 1292 3863 Gaucelmi
1308 3797 1483 3879 Johannis
1509 3800 1660 3887 episcopi

298 3906 475 3986 Albanen,
491 3905 572 3970 olim
599 3904 631 3970 S.
648 3902 690 3970 R.
706 3901 746 3969 E.
773 3902 948 3969 cardinalis
962 3912 983 3983 ³,
1000 3902 1061 3968 sibi
1086 3900 1228 3969 conferri
1251 3901 1432 3987 dignemini
1449 3924 1457 3982 ;
1479 3921 1549 3967 non
1573 3905 1660 3969 obst.

300 4009 391 4093 quod
405 4008 439 4073 in
456 4009 538 4074 eccl.
554 4006 728 4092 Urgellen.
743 4027 816 4074 can.
840 4014 875 4071 et
889 4010 982 4093 preb.
1008 4015 1042 4072 et
1069 4007 1233 4093 capellam
1258 4006 1289 4072 S.
1307 4004 1446 4072 Martini
1461 4009 1548 4072 Aule
1570 4027 1661 4074 nove

298 4114 389 4198 regie
404 4111 541 4179 Tholos.
557 4112 628 4177 sine
644 4131 723 4177 cura
738 4118 773 4177 et
788 4132 863 4177 can.
887 4120 922 4177 et
937 4113 1029 4198 preb.
1050 4110 1193 4185 ,ecclesie
1216 4110 1255 4177 B.
1272 4108 1322 4177 M.
1337 4110 1380 4176 de
1396 4111 1546 4178 Cassello
1572 4111 1660 4178 obti-

298 4237 379 4281 nere
396 4215 526 4281 dicatur
540 4224 575 4280 et
590 4216 674 4282 eccl.
689 4221 840 4281 curatam
854 4215 898 4280 de
913 4214 1123 4299 Landingen,
1140 4212 1308 4281 Morinen.
1332 4213 1430 4296 dioc,
1447 4214 1500 4280 cui
1516 4223 1567 4281 est
1581 4216 1660 4281 resi-

298 4338 403 4403 gnare
418 4325 585 4404 paratus...

345 4476 450 4539 1524.
468 4471 555 4538 Item
572 4493 667 4559 supp.
683 4471 774 4558 quod
796 4474 831 4537 in
857 4492 938 4540 casu
963 4473 1081 4558 inquo
1105 4474 1136 4541 S.
1161 4473 1199 4540 V.
1224 4473 1408 4561 providerit
1431 4474 1540 4541 eidem
1568 4474 1661 4561 Ray-

297 4575 425 4641 mundo
454 4575 497 4641 de
526 4574 686 4662 predictis
717 4574 989 4643 archidiaconatu
1018 4580 1073 4643 vel
1105 4577 1422 4664 archipresbiteratu
1445 4580 1503 4661 (=
1523 4577 1662 4663 Regalis

297 4680 433 4758 montis
447 4680 580 4745 Albien.
596 4679 712 4765 dioc),
728 4686 766 4745 ut
782 4677 964 4748 Guillelmo
981 4680 1158 4767 Raynaldi,
1174 4684 1359 4769 presbitero
1375 4682 1462 4750 dioc.
1478 4683 1510 4749 S.
1528 4682 1662 4769 Papuli,

333 4941 532 5022 11011311,
545 4966 617 5014 1510.
629 4992 661 5003 -
671 4967 694 5015 r.
705 4965 769 5014 ron
780 4979 805 5015 n.
818 4968 872 5026 roo,
885 4968 940 5029 cre,
953 4968 1024 5017 1151.
1036 4994 1069 5005 -
1080 4968 1102 5017 a.
1115 4967 1177 5017 von
1188 4982 1214 5017 n.
1226 4969 1297 5018 1512.
