3650 5675
317 550 377 615 236
836 548 924 621 1345,
948 549 1001 613 8-9
1022 549 1149 615 octobre.

316 700 376 767 sibi
404 700 504 781 facto,
532 698 716 785 dignemini
732 697 775 764 de
802 698 884 764 eccl.
908 698 951 763 de
974 698 1102 782 Quarta
1126 697 1279 779 Matheo,
1295 708 1331 765 et
1346 700 1388 767 de
1403 704 1485 768 eccl.
1501 701 1544 768 de
1560 702 1679 769 Stratis

316 804 483 892 predictis,
505 805 552 871 sic
580 824 663 885 vac,
689 802 835 882 Johanni
857 801 1004 889 prefatis
1026 812 1114 869 auct.
1140 812 1249 890 apost.
1266 805 1451 891 providere.
1466 846 1510 856 -
1527 805 1602 873 Fiat
1616 828 1678 894 pro

316 917 458 995 utroque
477 907 516 974 R.

361 1012 439 1079 Dat.
457 1032 511 1099 ap.
528 1012 775 1080 Villamnovam
794 1032 809 1099 5
827 1032 907 1080 non.
925 1020 992 1079 oct.
1007 1019 1040 1078 a⁰
1055 1019 1099 1098 4⁰.
1118 1014 1168 1098 (8,
1186 1014 1254 1098 50).

367 1150 481 1237 937.
1348 1186 1366 1231 r
1367 1186 1409 1251 54
1409 1186 1443 1250 5,
1460 1168 1482 1231 8
1496 1166 1633 1234 octobre.

358 1269 460 1356 Supp.
477 1268 684 1335 Christianus
699 1270 741 1336 de
758 1268 831 1335 Elst
849 1280 869 1349 ¹,
885 1267 1027 1333 nuncius
1042 1267 1085 1334 ad
1101 1266 1140 1335 V.
1165 1269 1197 1335 S.
1220 1290 1321 1351 nunc,
1339 1279 1373 1336 et
1389 1271 1473 1336 alias
1497 1270 1539 1337 ad
1561 1271 1678 1357 prede-

315 1395 479 1441 cessorem
496 1383 655 1455 vestrum,
673 1397 713 1439 ex
730 1383 826 1461 parte
843 1373 1083 1441 Universitatis
1106 1373 1266 1441 Parisien.
1283 1373 1479 1455 destinatus,
1495 1375 1677 1459 quodcum

315 1480 398 1545 alias
425 1479 459 1543 in
487 1478 642 1546 faciendo
667 1479 777 1545 eidem
802 1500 849 1564 gr.
877 1481 1057 1567 specialem
1087 1480 1130 1547 de
1156 1480 1309 1566 parroch.
1334 1480 1416 1546 eccl.
1443 1480 1485 1547 de
1516 1481 1678 1563 Dracher,

315 1582 474 1651 Leodien.
487 1584 585 1663 dioc„
595 1603 669 1649 vac.
681 1583 715 1648 in
728 1584 819 1649 curia
835 1605 876 1649 ex
892 1604 961 1651 non
978 1584 1192 1671 promotione
1213 1584 1256 1651 ad
1265 1584 1417 1650 ordinem
1433 1585 1679 1652 sacerdotalem

315 1687 398 1753 infra
418 1695 552 1774 tempus
573 1687 654 1774 juris
680 1687 814 1754 Geraldi
840 1688 882 1755 de
906 1690 1073 1776 Ampstel,
1089 1709 1148 1754 seu
1175 1688 1478 1774 quomodocunque
1493 1689 1576 1755 alias
1590 1690 1679 1776 apud

315 1792 430 1859 sedem
447 1800 554 1879 apost.
572 1792 644 1879 ipsa
660 1802 804 1873 uacaret,
821 1794 921 1859 aliam
937 1813 985 1878 gr.
1001 1793 1092 1880 prius
1106 1813 1167 1878 per
1182 1792 1213 1858 S.
1226 1792 1266 1858 V.
1282 1793 1344 1859 sibi
1361 1793 1486 1859 factam
1500 1794 1543 1859 de
1559 1814 1632 1861 can.
1644 1804 1680 1860 et

315 1899 407 1983 preb.
423 1897 505 1963 eccl.
522 1896 682 1962 Leodien.
698 1896 881 1963 revocastis
898 1898 969 1963 sive
992 1896 1185 1977 annulastis,
1203 1896 1355 1981 quamvis
1369 1917 1417 1981 gr.
1433 1897 1475 1964 de
1490 1898 1582 1963 dicta
1596 1900 1678 1965 eccl.

316 2000 357 2067 de
384 2000 534 2067 Dracher
557 2000 706 2087 pluribus
730 2000 792 2067 viis
816 2000 926 2068 eidem
951 2000 1142 2067 Christiano
1158 2010 1272 2088 posset
1288 2002 1380 2067 reddi
1396 2001 1544 2083 inutilis;
1564 2010 1637 2069 tum
1651 2004 1678 2067 si

314 2105 346 2171 S.
363 2103 403 2171 V.
428 2105 470 2172 de
494 2105 565 2191 ipsa
587 2104 677 2191 prius
700 2105 909 2192 disposuerit,
926 2105 1017 2191 quod
1031 2106 1139 2187 timet,
1156 2114 1229 2171 tum
1244 2105 1271 2171 si
1286 2104 1405 2190 aliquis
1419 2112 1433 2141 ⁸
1447 2108 1630 2193 impetrans
1644 2109 1678 2173 in

315 2208 421 2275 forma
446 2210 615 2275 communi
641 2210 747 2297 ipsam
772 2212 854 2275 eccl.
879 2219 958 2276 ante
980 2211 1056 2276 coll.
1080 2218 1226 2275 vestram
1242 2210 1304 2276 sibi
1321 2209 1444 2275 factam
1461 2220 1676 2298 acceptasset,

315 2318 387 2379 tum
414 2322 552 2401 propter
578 2315 701 2381 multas
727 2314 808 2380 alias
833 2314 908 2381 lites
933 2335 998 2400 que
1023 2314 1111 2381 circa
1135 2313 1201 2380 hoc
1227 2321 1367 2401 possunt
1394 2312 1549 2396 incidere,
1573 2313 1676 2381 etiam

314 2426 451 2508 propter
476 2418 665 2505 potentiam
690 2418 910 2505 occupatoris,
936 2426 970 2483 ct
992 2418 1039 2484 sic
1059 2440 1080 2484 a
1100 2418 1131 2484 S.
1148 2416 1188 2483 V.
1204 2414 1314 2486 dictus
1330 2416 1538 2486 Christianus
1552 2420 1677 2485 nullam

314 2546 361 2611 gr.
385 2532 572 2613 reportaret
594 2545 601 2591 :
630 2545 733 2609 quare
756 2543 852 2609 supp.
868 2530 905 2589 ut
922 2522 982 2588 sibi
1000 2522 1041 2589 de
1057 2521 1155 2588 dictis
1171 2542 1245 2587 can.
1262 2530 1297 2587 et
1312 2523 1404 2609 preb.
1420 2524 1503 2590 eccl.
1519 2522 1680 2591 Leodien.

315 2632 374 2696 sub
391 2627 469 2695 data
485 2630 544 2694 sub
562 2648 627 2713 qua
645 2627 734 2713 ipsos
749 2628 831 2694 alias
847 2626 908 2692 sibi
926 2626 1125 2708 contulistis,
1138 2634 1173 2692 et
1185 2629 1245 2692 sub
1261 2626 1339 2692 data
1352 2624 1535 2694 Facultatis
1546 2628 1679 2694 Artium

237 2788 239 2791 .
314 2754 373 2820 per
401 2733 440 2798 E.
468 2731 500 2798 S.
520 2731 559 2797 V.
587 2732 813 2812 concedenda,
839 2730 1022 2818 dignemini
1044 2730 1219 2818 providere
1235 2754 1243 2811 ;
1260 2752 1328 2795 non
1346 2734 1431 2799 obst.
1448 2732 1538 2817 quod
1554 2753 1629 2799 can.
1645 2742 1680 2801 et

314 2841 407 2925 preb.
433 2836 515 2904 eccl.
541 2834 572 2902 S.
600 2835 741 2903 Servatii
766 2834 1001 2921 Trajectensis,
1028 2832 1188 2902 Leodien.
1215 2833 1312 2916 dioc,
1336 2844 1496 2902 noscatur
1516 2834 1678 2920 obtinere,

314 2963 446 3009 necnon
472 2962 519 3026 gr.
545 2940 605 3006 sibi
629 2941 718 3006 facta
737 2940 779 3006 de
800 2941 891 3006 dicta
915 2940 1068 3024 parroch.
1091 2940 1173 3008 eccl.
1195 2941 1236 3007 de
1252 2941 1412 3022 Dracher,
1428 2939 1518 3010 dicte
1534 2941 1622 3009 dioc.
1637 2982 1677 2993 -

317 3046 393 3113 Fiat
409 3049 468 3112 sub
485 3045 563 3112 data
582 3045 791 3126 nunciorum,
815 3042 854 3110 R.

361 3151 449 3217 Item
474 3170 568 3236 supp.
592 3149 680 3215 idem
709 3147 928 3228 Christianus,
953 3147 1043 3233 quod
1064 3169 1140 3214 cum
1163 3149 1193 3214 S.
1211 3146 1249 3214 V.
1266 3148 1348 3214 alias
1369 3147 1514 3236 providit
1530 3148 1572 3214 de
1588 3149 1679 3215 dicta

318 3257 399 3323 eccl.
416 3255 458 3322 de
475 3254 633 3334 Dracher‚
650 3274 724 3319 vac.
741 3261 778 3318 ut
793 3251 966 3338 prefertur,
983 3262 1074 3338 quat.
1090 3250 1244 3338 dignetur
1258 3251 1296 3318 E.
1321 3250 1352 3318 S.
1369 3249 1408 3318 V.
1425 3252 1546 3319 addere
1561 3253 1680 3318 litteris

318 3361 408 3428 dicte
434 3359 539 3445 gratie
566 3358 748 3424 clausulam
775 3357 965 3441 hujusmodi
994 3377 1003 3422 :
1028 3357 1131 3423 ctiam
1158 3357 1461 3442 quomodocunque
1483 3357 1575 3424 dicta
1597 3359 1680 3424 eccl.

318 3472 411 3530 extra
439 3463 565 3530 curiam
593 3461 776 3542 vacaverit,
802 3461 988 3527 dummodo
1014 3463 1095 3527 nulli
1124 3459 1179 3528 alii
1207 3463 1293 3528 foret
1317 3463 1370 3547 jus
1394 3463 1427 3526 in
1452 3482 1487 3526 re
1514 3463 1679 3549 quesitum

318 3569 351 3634 in
368 3569 498 3635 eadem.
513 3607 557 3617 —
574 3566 649 3632 Fiat
667 3565 707 3631 R.

361 3673 439 3738 Dat.
455 3671 555 3736 Acin.
574 3672 592 3734 8
608 3669 652 3735 id.
670 3678 735 3736 oct.
753 3676 786 3735 a⁰
802 3677 845 3754 4⁰.
863 3671 913 3754 (8,
933 3671 1015 3755 55').

359 3811 617 3898 1938-939.
1350 3822 1635 3906 uraaoctoore.

359 3932 460 4016 Supp.
492 3927 741 4014 G(uillelmus),
772 3923 962 3989 vicecomes
997 3921 1191 4004 Bellisortis,
1223 3932 1317 4009 quat.
1351 3923 1471 4012 [famil.
1502 3946 1562 3992 suo
1591 3946 1678 4011 mag.

315 4031 335 4112 J
338 4033 463 4100 ohanni
482 4031 592 4117 Regis,
608 4032 682 4094 bac.
700 4029 731 4093 in
750 4030 823 4113 leg,
839 4026 944 4114 mag]
964 4027 1143 4093 liberorum
1159 4049 1304 4110 suorum,
1317 4028 1360 4095 de
1372 4030 1524 4116 parroch.
1539 4031 1622 4096 eccl.
1637 4030 1680 4095 de

316 4136 570 4220 Walvringhem
580 4144 599 4216 ²,
615 4133 783 4200 Morinen.
793 4133 890 4215 dioc,
907 4154 980 4198 vac.
996 4133 1086 4218 apud
1100 4133 1215 4200 sedem
1231 4143 1339 4220 apost.
1355 4155 1414 4220 per
1429 4144 1574 4201 mortem
1589 4135 1679 4201 dom.

316 4241 436 4320 Jacobi
461 4240 595 4321 Cauwe,
612 4240 667 4324 qui
683 4260 790 4325 nuper
806 4247 900 4304 extra
917 4238 1015 4304 Rom.
1032 4259 1099 4304 cur.
1115 4239 1205 4304 diem
1221 4238 1340 4305 clausit
1354 4248 1551 4320 extremum,
1568 4248 1603 4307 et
1618 4259 1680 4325 pro

316 4366 357 4412 eo
374 4345 463 4430 quod
479 4345 570 4411 dicta
586 4345 668 4410 eccl.
685 4353 765 4409 ante
781 4343 883 4429 ipsius
899 4342 918 4421 J
922 4343 1019 4408 acobi
1045 4351 1190 4408 mortem
1206 4343 1313 4409 fuerat
1336 4343 1424 4430 apud
1439 4343 1553 4410 sedem
1570 4353 1679 4430 apost.

315 4457 496 4528 reservata,
513 4447 622 4514 eidem
638 4448 821 4534 dignemini
837 4447 1036 4534 providere;
1053 4468 1121 4513 uon
1139 4450 1225 4513 obst.
1242 4447 1332 4533 quod
1346 4451 1423 4514 ben.
1439 4448 1521 4514 eccl.
1538 4467 1567 4514 c.
1583 4469 1612 4514 c.
1624 4449 1680 4514 vel

315 4575 340 4620 s.
368 4573 407 4634 c.,
435 4553 564 4617 etiamsi
592 4552 924 4638 archipresbiteratus
945 4551 1079 4632 existat,
1101 4572 1176 4616 vac.
1196 4553 1249 4616 vel
1265 4561 1374 4618 vacat.
1391 4552 1424 4616 in
1441 4553 1505 4618 civ.
1522 4554 1576 4617 vel
1591 4553 1679 4618 dioc.

315 4657 504 4739 Caturcen,
521 4657 645 4723 virtute
673 4657 860 4723 litterarum
885 4655 917 4720 S.
939 4655 989 4736 V.,
1013 4655 1056 4723 ad
1079 4656 1303 4740 cujuscunque
1327 4677 1384 4722 seu
1405 4675 1680 4741 quorumcunque

346 4849 374 4910 n)
391 4847 448 4898 de.
461 4847 575 4908 Aliquid.

347 5019 368 5067 1.
382 5016 481 5068 Voi1·n‚
495 5017 549 5066 831.
562 5043 592 5049 -
605 5018 628 5065 2.
641 5015 702 5064 Voir
715 5029 739 5064 n.
752 5016 806 5064 lte.
