3650 5675
688 538 776 617 1345,
797 538 852 607 2-3
874 538 1000 609 octobre.
1459 541 1521 607 235

160 693 252 777 preb.
276 690 358 758 eccl.
370 690 586 779 Aycuriensis
601 699 636 757 et
649 691 802 779 parroch.
819 692 901 757 eccl.
917 690 961 756 de
986 688 1140 773 Biemau,
1157 689 1317 759 Leodien.
1332 693 1430 775 dioc.,
1446 713 1524 761 nos·

162 797 248 863 citur
264 798 425 864 obtinere.
442 838 485 849 -
502 794 577 863 Fiat
594 795 635 863 R.

205 942 287 1003 932.
302 934 390 1003 Item
405 957 501 1023 supp.
518 944 608 1022 quat.
625 936 834 1003 consimilem
850 956 897 1021 gr.
910 936 1073 1001 facientes
1093 933 1254 1016 Henrico,
1270 943 1352 1001 nato
1369 934 1521 1015 Hernici,

162 1038 271 1106 fratris
293 1040 375 1106 dicti
392 1039 537 1121 Nicolai,
554 1041 615 1106 sibi
631 1040 673 1106 de
690 1062 763 1107 can.
779 1043 839 1106 sub
865 1060 942 1127 exp.
957 1042 1049 1125 preb.
1066 1039 1100 1104 iu
1125 1041 1207 1105 eccl.
1235 1040 1266 1105 S.
1283 1039 1424 1105 Servatii
1442 1038 1522 1105 Tra·

159 1143 327 1227 jectensiS,
345 1142 505 1211 Leodien.
521 1143 618 1225 dioc.,
634 1144 817 1229 dignemini
833 1144 1020 1230 providere,
1044 1152 1081 1209 ut
1097 1164 1204 1230 supra.
1221 1185 1264 1194 -
1281 1143 1356 1209 Fiat
1374 1143 1414 1211 R.

190 1242 193 1249 ’
209 1247 286 1314 Dat.
302 1269 355 1335 ap.
372 1246 622 1317 Villamnovam
640 1253 657 1313 6
674 1269 755 1315 non.
769 1256 837 1315 oct.
859 1256 894 1314 a⁰
910 1256 954 1335 4⁰.
972 1250 1022 1333 (8,
1039 1250 1124 1334 48l).

215 1391 464 1478 933-934.
1195 1409 1480 1494 1345,20ct0bre.

208 1510 309 1597 Supp.
326 1510 447 1594 Guido,
463 1512 516 1579 tit.
533 1512 564 1577 S.
581 1512 706 1579 Cecilie
722 1514 830 1601 presb.
847 1513 946 1595 card,
963 1520 1054 1598 quat.
1076 1513 1326 1598 consanguineo
1341 1533 1401 1579 suo
1413 1512 1525 1595 Petro,

163 1622 245 1681 nato
271 1617 350 1681 nob.
373 1615 435 1681 viri
463 1616 553 1684 dom.
581 1615 746 1695 Johannis
768 1617 811 1683 de
834 1616 987 1702 Negella,
1011 1617 1101 1685 dom.
1126 1617 1168 1684 de
1184 1615 1390 1698 Offemonte,
1411 1616 1527 1682 militis

165 1718 375 1785 Suessionen.
402 1720 500 1801 dioc.,
525 1721 566 1787 de
594 1740 667 1787 can.
694 1729 728 1786 et
754 1724 845 1806 preb.
870 1719 1030 1789 Leodien.
1054 1725 1114 1788 sub
1137 1742 1223 1808 exp„
1239 1741 1281 1787 ac
1297 1720 1352 1786 off.
1376 1720 1526 1787 custodie

165 1823 283 1908 colleg.
310 1825 392 1890 eccl.
421 1822 603 1909 Hoyensis,
627 1822 787 1890 Leodien.
811 1824 908 1907 dioc.,
934 1846 1007 1892 vac.
1030 1845 1090 1912 per
1112 1829 1166 1892 ob.
1190 1824 1280 1891 dom.
1305 1823 1527 1908 Huguicionis

166 1926 361 1994 Bemardini
373 1914 424 1995 'de
448 1927 621 1995 Marsiano
638 1940 658 2009 ¹,
675 1928 729 2012 qui
746 1948 853 2013 nuper
868 1937 963 1994 extra
979 1928 1078 1994 Rom.
1095 1949 1161 1994 cur.
1178 1928 1268 1995 diem
1284 1928 1402 1993 clausit
1417 1933 1525 1991 extre·

165 2054 268 2115 mum,
292 2034 470 2099 reservatis
494 2032 684 2120 specialiter
698 2052 758 2118 per
773 2032 887 2098 sedem
904 2041 1013 2120 apost.
1029 2034 1110 2098 dum
1125 2032 1234 2099 adhuc
1250 2031 1339 2097 idem
1356 2029 1526 2115 Huguicio

166 2136 270 2202 vitam
288 2144 402 2221 ageret
418 2136 451 2203 in
467 2136 632 2218 humanis,
648 2135 831 2221 dignemini
847 2137 1033 2222 providere.
1054 2175 1087 2185 -
1108 2136 1186 2202 Fiat
1202 2136 1242 2202 R.

208 2281 292 2341 934.
321 2271 409 2339 Item
436 2295 530 2361 supp.
558 2284 648 2360 quat.
676 2295 763 2360 mag.
790 2274 952 2342 Durando
976 2274 1125 2357 Gerardi,
1149 2276 1279 2342 decano
1301 2276 1383 2341 eccl.
1408 2275 1526 2360 colleg.

167 2377 334 2460 Enaziaci,
348 2377 599 2445 claromonten.
609 2378 706 2459 dioc.,
720 2400 794 2465 cap.
806 2399 876 2459 su0,
886 2378 1107 2465 familiarique
1118 2380 1306 2447 domestico
1318 2391 1353 2444 et
1366 2380 1527 2446 continuo

165 2482 391 2563 commensali,
419 2482 474 2566 qui
502 2483 563 2549 sibi
588 2483 726 2548 servivit
752 2485 794 2548 ab
820 2483 901 2547 olim
926 2484 1136 2548 laudabiliter
1159 2492 1261 2568 atque
1285 2483 1396 2563 servit,
1413 2482 1527 2548 multis

164 2584 303 2651 scientie
319 2594 353 2651 et
369 2585 441 2651 aliis
456 2586 619 2651 virtutum
637 2586 765 2651 meritis
781 2587 1061 2669 commendando
1074 2588 1116 2652 de
1129 2608 1204 2652 cau.
1216 2595 1250 2652 et
1261 2589 1352 2673 preb.
1366 2585 1527 2652 Leodien.

165 2690 257 2770 eccl,
275 2711 358 2777 quos
375 2690 463 2756 idem
479 2690 570 2757 dom.
596 2689 766 2775 Huguicio
787 2690 867 2756 dum
882 2691 1015 2756 viveret
1030 2692 1205 2757 obtinebat
1217 2700 1238 2773 ²,
1255 2699 1290 2755 et
1304 2710 1364 2776 per
1379 2690 1527 2774 ejusdem

164 2796 228 2875 ob.,
245 2801 282 2861 ut
297 2795 512 2881 premittitur,
529 2816 613 2875 vac,
630 2794 812 2880 dignemini
829 2794 1028 2881 providere;
1045 2816 1113 2862 non
1131 2797 1217 2860 obst.
1229 2792 1320 2880 quod
1336 2793 1424 2860 idem
1440 2813 1527 2879 mag.

164 2898 343 2964 Durandus
369 2920 453 2982 can,
469 2903 561 2986 preb.
588 2921 628 2965 ac
654 2900 771 2966 decan.
799 2900 831 2964 in
856 2901 938 2967 eccl.
963 2899 1114 2986 predicta
1139 2899 1305 2982 Euaziaci,
1322 2921 1361 2965 ac
1377 2919 1450 2964 can.
1466 2901 1526 2964 sub

164 3024 240 3090 exp.
266 3005 358 3090 preb.
382 3003 416 3068 in
440 3007 522 3072 eccl.
544 3004 789 3070 Cathalaunen.
817 3023 876 3089 per
892 3004 1022 3069 litteras
1038 3004 1068 3070 S.
1086 3003 1126 3070 V.
1142 3005 1292 3070 noscitur
1308 3004 1469 3070 obtinere.
1485 3043 1529 3054 -

166 3107 245 3173 Fiat
269 3105 310 3174 R.

210 3211 288 3277 Dat.
304 3233 357 3300 ap.
373 3211 403 3276 V
404 3213 620 3281 illamnovam
638 3217 655 3280 6
672 3235 752 3280 non.
769 3222 836 3281 oct.
852 3221 885 3279 a⁰
901 3221 944 3300 4⁰.
962 3216 1011 3300 (8,
1030 3218 1113 3300 96l').

217 3351 332 3437 935.
1198 3385 1293 3451 1345,
1308 3386 1329 3450 3
1347 3365 1486 3431 octobre.

210 3469 311 3556 Supp.
341 3469 507 3538 Robertus
531 3472 640 3538 dictus
664 3470 822 3538 Flamens
837 3471 879 3538 de
895 3471 1130 3557 Tyeberonne,
1149 3469 1318 3538 Morinen.
1334 3468 1431 3547 dioc.,
1453 3465 1530 3553 [pro

166 3571 235 3639 ind.
252 3573 284 3637 in
301 3583 362 3640 art.
378 3574 495 3661 mort]
519 3613 551 3623 -
574 3574 649 3640 Fiat
666 3574 706 3640 R.

211 3677 291 3742 Dat.
307 3699 360 3765 ap.
378 3677 626 3745 Villamnovam
645 3701 661 3764 5
679 3699 758 3745 non.
772 3688 838 3747 oct.
855 3687 889 3745 a⁰
904 3687 948 3765 4⁰.
965 3678 1015 3765 (8,
1034 3681 1116 3765 34l).

220 3815 335 3901 936.
1199 3846 1294 3913 1345,
1308 3849 1330 3911 3
1348 3827 1486 3892 octobre.

212 3933 313 4020 Supp.
341 3933 537 4016 Galbardus,
565 3936 596 4001 S.
624 3934 728 4002 Lucie
756 3938 789 4002 in
816 3938 914 4004 Silice
940 3936 1026 4004 diae.
1055 3936 1143 4002 card.
1166 3945 1187 4015 ³,
1210 3941 1301 4018 quat.
1325 3953 1403 4002 cum
1424 3949 1531 4016 nuper

169 4036 331 4104 Matheus
343 4039 384 4103 de
398 4039 528 4105 Sanctis
538 4050 558 4120 ⁴,
570 4060 642 4125 cap.
659 4049 693 4106 et
710 4039 812 4107 famil.
828 4041 1034 4108 domesticus
1050 4049 1084 4107 et
1100 4039 1280 4106 continuus
1295 4033 1531 4102 commensalis

168 4141 316 4226 ejusdem
333 4140 433 4223 card,
444 4142 486 4208 de
502 4142 630 4224 Stratis,
647 4153 682 4210 et
697 4143 716 4222 J
720 4145 871 4212 ohannes
888 4143 987 4210 Fabri
1003 4145 1045 4210 de
1062 4145 1191 4227 Quarta
1206 4140 1360 4227 parroch.
1375 4138 1532 4205 ecclesia·

166 4265 250 4326 rum,
268 4244 485 4312 Cameracen.
498 4245 596 4326 dioc.,
609 4255 690 4314 tunc
702 4251 859 4329 rectores,
873 4249 1047 4334 cupientes
1063 4247 1171 4312 dictas
1186 4266 1261 4311 suas
1277 4244 1359 4309 eccl.
1375 4263 1418 4308 ex
1433 4241 1532 4307 certis

167 4349 419 4418 rationabilibus
444 4351 551 4416 causis
573 4351 616 4418 ad
640 4353 784 4420 invicem
812 4363 1011 4441 penuutare,
1037 4351 1197 4418 Matbeus
1219 4370 1279 4437 per
1302 4370 1337 4414 se
1360 4349 1480 4434 ipsum,
1496 4354 1531 4412 et

168 4451 187 4531 J
191 4452 351 4532 ohannes,
378 4453 530 4539 predicti,
558 4475 617 4540 per
643 4466 894 4542 procuratorem
910 4456 1109 4541 legitimum,
1126 4454 1234 4520 dictas
1250 4474 1325 4519 suas
1341 4453 1423 4519 eccl.
1439 4471 1530 4537 pure,

167 4557 271 4628 libere
298 4564 333 4622 et
360 4557 555 4644 simpliciter
580 4560 821 4645 resignaverint
845 4559 877 4624 in
901 4559 1055 4625 manibus
1070 4556 1324 4644 ejusdemcard.
1339 4553 1531 4641 recipientis

169 4660 411 4746 resignationes
435 4662 623 4746 hujusmodi
646 4663 689 4730 de
712 4665 848 4751 speciali
872 4665 1034 4731 mandato
1054 4670 1177 4742 vestro,
1194 4662 1271 4727 vive
1286 4662 1379 4730 vocis
1394 4660 1531 4726 oraculo

204 4909 226 4956 l.
238 4907 338 4966 Kirscb,
351 4907 427 4964 nou..
440 4911 487 4958 268
500 4927 505 4962 ;
524 4911 557 4958 cf.
569 4910 601 4960 de
613 4911 708 4959 Theux.
725 4911 757 4964 ll.
772 4915 810 4960 79.
881 4915 903 4961 2.
917 4912 1016 4970 llollat,
1029 4926 1054 4959 n.
1066 4911 1137 4959 4038.
1150 4938 1182 4945 —
1194 4911 1215 4958 3.
1229 4909 1343 4957 Galbanl
1354 4910 1387 4958 de
1404 4909 1428 4956 ln
1441 4909 1530 4967 blot-te,

169 4995 252 5029 neven
262 4981 295 5030 de
310 4981 427 5030 clement
439 4983 461 5029 V
474 4984 579 5045 (Eubel,
593 4985 612 5040 Ι,
626 4985 719 5046 1⁴).-
737 4988 759 5033 4.
772 4985 871 5045 erscb,
882 4986 957 5039 Ir'oll..
968 4988 1024 5036 236.
