3650 5675
701 532 786 604 1847,
811 533 894 596 11-27
921 553 1009 598 mars.
1045 563 1051 590 c
1474 543 1535 606 307

230 672 365 756 1169.
1204 719 1298 785 1347,
1324 722 1363 766 rr
1389 725 1491 768 mars,

220 788 389 855 Familiari
416 800 531 858 nostro
554 794 726 881 Stephano
748 798 791 863 de
814 798 1083 886 Cbaulhagueto,
1100 823 1172 869 can.
1190 803 1476 891 Compostellano‚
1493 807 1534 872 de

176 914 252 959 can.
276 902 311 959 et
335 896 429 979 preb.
459 898 541 962 eccl.
573 896 752 981 Morinen.,
783 922 856 967 vac.
882 923 942 989 per
973 907 1026 970 ob.
1055 905 1223 984 Guillelmi
1254 907 1335 972 dicti
1368 908 1533 995 Marpain‚

177 998 233 1082 qui
259 1018 364 1083 nuper
390 1007 484 1065 extra
511 1000 609 1068 Rom.
637 1025 703 1069 cur.
734 1005 824 1071 diem
851 1007 971 1072 clausit
1001 1017 1198 1087 extremum,
1230 1013 1323 1097 cujus
1353 1015 1428 1077 ben.
1455 1014 1533 1078 dum

176 1101 285 1166 adhuc
307 1102 437 1167 viveret
458 1123 757 1189 reservaremus,
780 1119 876 1175 motu
898 1113 1033 1196 proprio
1050 1113 1273 1198 providemus.
1290 1157 1333 1165 -
1349 1115 1424 1182 Fiat
1440 1127 1534 1184 motu

176 1204 321 1289 proprie.
344 1203 387 1270 R.

220 1308 298 1374 Dat.
313 1310 415 1377 Avin.
433 1332 449 1396 5
468 1310 511 1379 id.
526 1323 624 1382 mart.
636 1323 670 1380 a⁰
686 1323 728 1400 5⁰.
747 1318 818 1402 (10,
839 1320 927 1401 109).

231 1440 367 1521 1170.
1218 1483 1313 1549 1347,
1332 1486 1370 1530 11
1388 1488 1491 1530 arzure.

221 1556 323 1642 Supp.
347 1555 521 1634 Johannes
544 1560 653 1626 dictus
677 1561 821 1647 Corseyt
839 1563 882 1629 de
898 1564 994 1646 Yvia‚
1011 1587 1139 1653 pauper
1152 1570 1229 1634 cler.
1252 1568 1412 1634 Leodien.
1439 1568 1536 1647 dioc,

180 1660 286 1745 quiin
301 1662 419 1727 vestris
433 1683 482 1746 gr.
497 1666 730 1731 communibus
752 1666 814 1732 fuit
835 1671 1009 1754 bonosque
1027 1670 1144 1736 titulos
1159 1671 1286 1754 habuit,
1303 1671 1382 1738 licet
1409 1672 1535 1736 nullum

179 1764 359 1830 comodum
385 1768 578 1853 reportavit,
602 1776 694 1852 quat.
711 1771 771 1836 sibi
792 1791 881 1857 spec.
897 1794 944 1857 gr.
961 1773 1132 1856 facientes,
1148 1776 1190 1840 de
1207 1777 1304 1841 altari
1321 1777 1374 1840 SS.
1392 1777 1537 1862 Philippi

179 1877 215 1934 et
241 1868 358 1947 Jacobi
385 1878 503 1957 apost„
531 1873 596 1938 sito
623 1875 655 1938 in
682 1877 764 1941 eccl.
791 1876 828 1941 S.
851 1877 986 1964 Sulpicii
1015 1879 1189 1959 DistensiS,
1213 1878 1303 1944 dicte
1324 1879 1422 1960 dioc,
1447 1881 1539 1964 cujus

180 1972 338 2040 fructus...
354 1994 390 2058 15
401 1975 457 2039 lib.
469 1975 548 2042 Tur.
563 1998 666 2063 parv„
683 1999 748 2045 sec.
764 1981 973 2059 taxationem
989 1982 1130 2064 decime,
1141 1983 1289 2048 valorem
1307 2003 1454 2048 annuum
1471 2004 1537 2048 non

182 2075 359 2157 excedunt,
383 2097 457 2143 vac.
482 2091 542 2164 pe'r
564 2082 683 2165 resign.
704 2080 868 2159 Jolrannis
893 2084 973 2150 dicti
1000 2084 1235 2170 Camsterpere
1263 2085 1306 2151 de
1322 2086 1408 2166 Dist,
1432 2089 1539 2171 presb.

182 2179 272 2245 dicte
295 2180 392 2261 dioc,
418 2203 519 2265 quam
544 2183 623 2249 fecit
649 2185 683 2249 in
709 2207 798 2251 man.
824 2187 914 2254 dom.
939 2188 1039 2270 Petri,
1056 2191 1156 2276 episc.
1181 2189 1377 2270 Penestrini,
1394 2191 1425 2254 S.
1444 2189 1482 2254 R.
1500 2189 1539 2254 E.

183 2283 446 2349 vicecancellarii
461 2301 480 2367 ¹,
497 2286 606 2353 eidem
618 2286 637 2364 J
641 2289 767 2353 ohanni
783 2289 966 2376 dignemini
982 2293 1169 2379 providere.
1180 2335 1223 2342 —
1234 2293 1310 2358 Fiat
1324 2294 1363 2360 R.
1376 2335 1417 2342 —-
1430 2293 1541 2359 Gratis

183 2405 246 2471 pro
261 2386 345 2451 Deo.
362 2429 406 2437 —
421 2387 498 2454 Fiat
514 2390 555 2454 R.
1063 2378 1065 2384 ’

227 2489 306 2555 Dat.
321 2491 422 2557 Avin.
440 2513 456 2577 5
475 2493 518 2560 id.
533 2503 629 2560 mart.
646 2502 678 2560 a⁰
696 2503 737 2580 5⁰.
755 2497 828 2582 (10,
850 2499 937 2582 109).

237 2618 364 2699 1171.
1071 2703 1072 2706 ,
1226 2659 1320 2723 1317,
1338 2642 1379 2704 18
1395 2661 1498 2704 utare.
1544 2691 1547 2698 .

228 2736 329 2822 Supp.
356 2735 602 2824 G[uillelmus],
619 2738 650 2804 S.
667 2736 716 2804 M.
734 2738 767 2802 in
784 2737 967 2805 Cosmedin
993 2739 1077 2806 diac.
1103 2740 1202 2822 card,
1226 2750 1316 2828 quat.
1343 2741 1461 2828 [famil.
1482 2762 1543 2807 suo

183 2861 272 2926 mag.
285 2840 489 2926 Raymundo
500 2842 647 2923 Ebraldi,
663 2842 733 2929 lic]
752 2842 786 2907 in
803 2844 879 2928 leg.,
896 2844 938 2909 de
955 2865 1029 2910 can.
1046 2853 1080 2910 et
1095 2848 1187 2931 preb.
1204 2867 1243 2911 ac
1259 2846 1407 2913 sacristia
1424 2846 1541 2911 Cesse-

182 2965 297 3010 ranen.
323 2944 505 3030 dignemini
532 2945 718 3032 providere,
743 2968 812 3012 non
835 2948 922 3014 obst.
946 2948 1035 3033 quod
1058 2969 1133 3015 can.
1158 2948 1375 3017 Cameracen.
1391 2954 1450 3015 sub
1468 2971 1542 3035 exp.

184 3049 275 3133 preb.
292 3050 443 3114 obtinere
458 3050 618 3117 noscitur.
634 3090 678 3099 -
693 3049 769 3115 Fiat
787 3050 827 3116 R.

229 3151 308 3218 Dat.
323 3152 423 3218 Avin.
440 3172 476 3238 15
490 3152 558 3219 lral.
574 3156 666 3240 apn'l.
683 3161 717 3219 a⁰
734 3162 775 3239 5⁰.
793 3156 865 3238 (10,
887 3157 975 3241 111).

240 3283 370 3364 1172.
1227 3316 1322 3382 1347,
1339 3318 1380 3361 πο
1398 3319 1500 3363 iners.

229 3400 392 3485 Dignetur
407 3400 439 3467 S.
455 3400 496 3478 V.
513 3400 662 3467 Roberto
679 3400 820 3465 Infantis
832 3417 853 3482 ²,
870 3400 903 3464 in
919 3399 983 3484 leg.
999 3400 1064 3481 lic,
1076 3400 1179 3486 judici
1196 3400 1287 3485 regio
1300 3400 1542 3487 Uzecit[ensi],

184 3503 369 3569 concedere
384 3506 466 3570 eccl.
482 3504 635 3590 parrocb.
651 3505 694 3571 de
711 3502 874 3570 Fontanis
890 3523 989 3588 super
1004 3504 1145 3590 rippiam
1162 3503 1317 3585 Somone,
1339 3504 1539 3569 Ambianen.

183 3606 270 3672 dioc.
282 3629 325 3689 ς...
347 3629 418 3674 non
440 3610 525 3675 obst.
541 3609 632 3695 quod
647 3608 681 3673 in
696 3607 882 3674 Tornacen.
900 3628 974 3675 can.
1002 3609 1061 3672 sub
1090 3628 1165 3693 exp.
1192 3610 1285 3693 preb.
1311 3606 1422 3689 dign...
1447 3615 1481 3671 et
1507 3607 1539 3669 in

183 3709 395 3777 Pinconiensi
412 3713 561 3779 ecclesiis
576 3734 649 3779 can.
665 3720 700 3777 et
716 3714 807 3797 preb.
823 3710 922 3776 aede
939 3709 1114 3776 Montibus
1130 3719 1164 3774 et
1180 3710 1221 3774 de
1240 3709 1387 3793 Ergnies,
1405 3710 1540 3773 Ambia-

182 3835 259 3880 nen.
274 3816 371 3898 dioc,
388 3816 589 3902 capellanias
604 3836 696 3902 perp.
713 3815 864 3879 obtinere
880 3823 914 3878 et
929 3816 1006 3878 ben.
1023 3814 1105 3878 eccl.
1129 3812 1173 3877 ad
1193 3812 1269 3877 coll.
1286 3811 1386 3895 episc.
1408 3820 1441 3874 et
1466 3831 1539 3895 cap.

183 3919 368 3986 Tornacen.
384 3930 563 4006 expectare
578 3926 746 3985 noscatur.
762 3959 805 3967 —
821 3916 897 3982 Fiat
913 3924 948 3981 et
963 3922 1160 3981 remaneant
1175 3914 1235 3977 sibi
1251 3913 1366 3997 gratie.
1382 3912 1420 3977 R.
1541 4000 1543 4005 Ι

228 4022 307 4089 Dat.
321 4023 422 4089 Avin.
443 4044 479 4107 13
495 4022 563 4088 kal.
578 4024 673 4109 april.
689 4031 722 4089 a⁰
739 4030 781 4106 5⁰.
799 4023 871 4107 (10,
888 4020 976 4104 113).

238 4150 370 4234 ll73.
1224 4178 1319 4244 1317,
1337 4178 1377 4245 27
1395 4182 1497 4224 naurs.

228 4262 330 4350 Supp.
352 4262 508 4329 Ysabella
536 4265 579 4331 de
610 4264 783 4349 Cabilone,
814 4287 950 4333 consors
984 4265 1075 4331 dom.
1106 4262 1269 4328 Ludovici
1296 4263 1337 4328 de
1366 4262 1540 4344 Sabaudia,

185 4366 312 4432 domini
327 4366 460 4451 Waudi,
472 4376 563 4453 quat.
579 4372 758 4437 secretario
774 4391 834 4437 suo
850 4368 1031 4434 Guillelmo
1046 4367 1088 4433 de
1105 4364 1297 4432 Blockebuz
1312 4366 1355 4432 de
1369 4369 1447 4432 ben.
1460 4366 1541 4431 eccl.

186 4469 230 4533 ad
255 4471 331 4537 coll.
358 4471 460 4556 episc.
484 4480 519 4537 et
540 4494 614 4559 cap.
635 4473 830 4540 Gebennen.
847 4472 1029 4558 dignemini
1045 4470 1227 4563 providere
1238 4492 1247 4549 ;
1264 4490 1333 4536 non
1350 4473 1435 4535 obst.
1453 4469 1543 4555 quod

186 4592 262 4639 can.
286 4580 321 4638 et
343 4576 434 4660 preb.
454 4574 488 4638 in
509 4576 591 4642 eccl.
608 4575 794 4643 Lausanen.
810 4575 958 4641 noscitur
974 4575 1126 4640 obtinere
1142 4582 1177 4639 et
1193 4595 1266 4640 can.
1283 4575 1343 4638 sub
1360 4595 1433 4661 exp.
1451 4576 1543 4659 preb.

186 4675 222 4742 in
237 4676 319 4745 eccl.
334 4676 520 4746 Tornacen.
535 4719 579 4730 —
595 4678 671 4746 Fiat
688 4681 727 4748 R.

231 4778 311 4847 Dat.
325 4780 426 4847 Avin.
444 4785 463 4846 6
478 4780 546 4849 kal.
561 4784 654 4870 apn‘l.
670 4791 703 4849 a⁰
721 4791 761 4869 5⁰.
778 4784 793 4868 (
800 4792 851 4863 10,
869 4790 972 4867 112⁰).

189 4902 428 4915 —————-

223 4963 245 5014 1.
256 4961 319 5011 Voir
329 4977 355 5012 n.
367 4963 438 5012 1142.
450 4990 483 4999 -
493 4965 517 5013 2.
528 4962 591 5013 Voir
602 4978 627 5013 11.
639 4965 677 5013 16.
757 5010 760 5014 .
