3650 5675
718 484 799 559 1851.
824 484 842 547 8
861 483 970 564 J'uillet.
1460 493 1521 557 575

165 638 239 720 Cot,
257 637 387 705 Parisiis
402 636 575 724 studenti]
593 637 636 704 de
653 656 724 703 can.
741 643 777 701 et
791 637 883 722 preb.
899 637 1041 702 ecclesie
1056 637 1087 702 S.
1103 637 1287 705 Audomari
1303 641 1344 705 de
1360 641 1391 707 S.
1409 643 1523 708 Audo-

164 764 267 825 maro,
285 742 452 810 Morinen.
464 742 562 823 dioc,
578 762 651 808 vac.
668 762 727 828 per
743 743 796 809 ob.
812 738 976 818 Johannis
991 740 1033 807 de
1050 740 1215 827 (lampeto
1232 757 1252 824 ¹,
1269 744 1324 828 qui
1340 746 1472 813 noviter
1488 748 1522 813 in

164 848 254 914 curia
271 846 369 913 Rom.
385 846 475 913 diem
491 846 611 913 clausit
627 854 823 925 extremum,
840 844 1021 929 dignemini
1039 846 1224 931 providere.
1244 888 1281 897 —-
1300 847 1378 914 Fiat
1395 849 1435 916 R.

208 952 288 1017 Dat.
303 951 404 1017 Avin.
420 972 499 1016 non.
512 950 583 1035 julii
600 957 633 1014 a⁰
653 958 712 1014 10⁰.
730 949 787 1033 (21
793 1000 801 1031 ,
821 950 887 1033 57).

215 1106 352 1188 2217.
1215 1136 1308 1202 1351,
1326 1121 1350 1183 8
1351 1122 1479 1205 juillet.

209 1224 296 1308 Sign.
313 1223 344 1289 S.
357 1222 397 1289 V.
413 1221 574 1307 P(etrus),
601 1220 689 1285 tituli
715 1219 746 1286 S.
763 1219 912 1285 Susanne
939 1223 1046 1305 presb.
1073 1220 1262 1303 cardinalis,
1293 1224 1382 1307 quod
1398 1224 1523 1291 dudum

165 1328 256 1394 dicta
272 1328 303 1393 S.
319 1326 359 1393 V.
376 1328 550 1413 capellano
566 1334 600 1390 et
616 1325 770 1390 familiari
787 1346 847 1391 suo
863 1325 1024 1395 continuo
1040 1327 1258 1393 commensali
1275 1326 1417 1396 Matheo
1432 1330 1525 1397 dicto

166 1431 373 1517 Longebraie
389 1445 410 1511 ²,
426 1429 611 1518 presbitero
628 1428 795 1495 Morinen.
806 1428 904 1510 dioc,
917 1429 1061 1514 gratiam
1077 1429 1202 1497 faciens
1218 1431 1408 1517 specialem,
1424 1437 1525 1500 bene-

165 1536 276 1602 ficium
292 1536 374 1601 eccl.
390 1556 419 1601 c.
436 1556 465 1601 c.
482 1535 536 1598 vel
552 1555 578 1600 s.
594 1555 634 1616 c.,
650 1554 725 1600 vac.
740 1534 794 1599 vel
810 1541 931 1615 vacat,
947 1533 990 1600 ad
1007 1534 1083 1601 coll.
1099 1542 1164 1601 etc.
1180 1535 1339 1623 episcopi,
1355 1538 1474 1604 decani
1490 1546 1526 1603 et

165 1640 301 1726 capituli
330 1660 369 1705 ac
395 1639 600 1723 singulorum
627 1638 864 1705 canonicorum
888 1639 1030 1705 ecclesie
1045 1638 1212 1706 Morinen.
1229 1643 1453 1708 communiter
1468 1644 1522 1709 vel

164 1743 294 1810 divisim
310 1750 477 1829 spectans,
494 1741 587 1808 dicto
603 1740 746 1808 Matheo
762 1742 1011 1824 conferendum,
1023 1743 1196 1809 collationi
1209 1753 1317 1830 apost.
1329 1747 1522 1829 reservavit,

165 1849 255 1933 cujus
281 1847 385 1933 gratie
411 1846 525 1931 vigore
550 1846 639 1911 idem
665 1844 825 1912 Matheus
852 1867 925 1913 can.
941 1854 977 1912 et
991 1849 1083 1933 preb.
1106 1847 1247 1913 ecclesie
1263 1848 1295 1914 S.
1312 1848 1416 1931 Pauli,
1433 1851 1522 1917 dicte

165 1950 261 2033 dioc,
286 1971 361 2016 vac.
385 1970 445 2036 per
467 1952 521 2017 ob.
538 1950 707 2035 quondam
723 1949 1204 2033 Johannisde0011emedi0³‚
1221 1952 1415 2019 thesaurarii
1432 1954 1522 2021 dicte

164 2055 304 2120 ecclesie
332 2052 498 2120 Morinen.
524 2062 558 2119 et
582 2054 710 2139 prefate
735 2055 875 2121 ecclesie
902 2055 934 2120 S.
959 2054 1052 2121 Pauli
1069 2055 1223 2121 canonici
1240 2058 1448 2143 prebendati,
1465 2059 1520 2143 qui

164 2180 269 2245 nuper
285 2167 378 2224 extra
394 2159 518 2225 curiam
538 2158 635 2224 Rom.
651 2158 804 2241 decessit,
822 2180 897 2226 cum
914 2160 1214 2246 protestationibus
1224 2161 1355 2242 debitis,
1367 2172 1520 2248 accepta-

163 2263 212 2329 vit
228 2271 262 2328 et
277 2263 319 2329 de
336 2264 398 2328 illis
414 2262 474 2327 sibi
491 2262 694 2327 auctoritate
710 2271 820 2329 vestra
836 2264 983 2329 obtinuit
994 2263 1171 2351 provideri.
1184 2264 1248 2330 Sed
1269 2266 1346 2350 quia
1369 2266 1466 2332 timet
1478 2288 1520 2332 ne

163 2366 248 2432 forte
273 2367 492 2433 canonicatus
517 2374 552 2431 et
578 2366 749 2449 prebenda
766 2364 957 2449 hujusmodi
971 2366 1039 2431 sint
1054 2385 1113 2451 per
1126 2386 1187 2431 vos
1202 2368 1256 2431 vel
1272 2367 1521 2453 predecessores

162 2480 291 2538 vestros
317 2471 526 2558 dispositioni
553 2477 660 2556 apost.
687 2469 887 2553 generaliter
908 2470 963 2534 vel
993 2470 1181 2556 specialiter
1201 2472 1371 2553 reservati,
1396 2472 1520 2539 idcirco

162 2598 257 2662 supp.
273 2576 381 2643 dictus
398 2576 574 2642 cardinalis
590 2582 679 2659 quat.
696 2574 756 2639 sibi
774 2573 806 2637 in
823 2594 1000 2659 personam
1016 2573 1096 2639 dicti
1115 2572 1257 2656 Mathei,
1274 2576 1440 2661 capellani
1460 2577 1519 2657 sui,

162 2682 342 2766 specialem
368 2680 510 2765 gratiam
537 2678 707 2759 facientes,
732 2678 1002 2763 acceptationem
1032 2685 1067 2742 et
1096 2677 1322 2763 provisionem
1353 2679 1520 2765 predictas

162 2785 343 2870 dignemini
367 2794 458 2852 ratas
483 2792 518 2850 et
541 2791 652 2870 gratas
675 2783 807 2864 habere,
835 2803 959 2867 easque
975 2791 1010 2849 et
1025 2803 1234 2867 quecumque
1257 2783 1378 2849 exinde
1393 2793 1520 2867 secuta,

161 2889 441 2956 reservationibus
455 2888 664 2975 generalibus
679 2898 713 2953 et
729 2887 927 2974 specialibus
938 2887 1056 2952 vestris
1065 2895 1099 2951 et
1111 2886 1381 2973 predecessorum
1393 2899 1520 2956 vestro-

161 3013 235 3060 rum
251 2993 293 3058 de
308 2993 406 3060 dictis
422 3014 496 3060 can.
513 3002 547 3058 et
562 2995 654 3078 preb.
670 2992 778 3057 forsan
796 2991 893 3056 factis
909 3012 978 3056 non
995 2994 1080 3056 obst.
1092 2991 1364 3076 quibuscumque,
1377 2994 1520 3059 auctori-

161 3104 233 3163 tate
259 3107 367 3184 apost.
392 3107 427 3162 et
450 3117 491 3162 ex
516 3104 606 3162 certa
629 3094 768 3161 scientia
784 3095 990 3176 confirmare,
1006 3115 1047 3160 ac
1062 3094 1241 3182 decernere
1256 3096 1394 3181 perinde
1410 3099 1520 3162 valere

162 3221 203 3266 ac
229 3199 255 3264 si
281 3201 389 3267 dictas
414 3201 682 3286 acceptationem
699 3208 733 3264 et
748 3199 973 3284 provisionem
1000 3198 1091 3264 nulla
1113 3199 1275 3284 generalis
1291 3201 1345 3264 vel
1364 3200 1518 3286 specialis

161 3303 340 3370 reservatio
352 3304 565 3390 precessisset
578 3327 585 3384 ;
599 3324 668 3369 non
681 3305 767 3368 obst.
779 3301 882 3367 etiam
894 3302 1065 3368 beneficiis
1077 3323 1141 3387 que
1153 3303 1283 3368 obtinet
1299 3312 1334 3368 et
1349 3304 1383 3369 in
1400 3304 1518 3388 quibus

160 3417 213 3473 est
236 3408 297 3473 sibi
321 3409 374 3493 jus
398 3409 564 3492 quesitum
591 3408 624 3472 in
650 3405 859 3485 cancellaria,
893 3407 920 3471 si
948 3426 1031 3492 opus
1057 3405 1164 3487 fuerit,
1191 3407 1408 3489 declarandis,
1440 3429 1515 3474 cum

160 3512 279 3576 ceteris
293 3532 363 3577 non
380 3514 498 3578 obst...
518 3551 555 3559 -
575 3509 650 3575 Fiat
667 3508 706 3574 R.

207 3614 284 3680 Dat.
299 3616 399 3680 Aviu.
418 3614 493 3681 8id.
506 3615 577 3699 julii
595 3621 628 3678 a⁰
649 3621 708 3679 10⁰.
726 3613 797 3696 (21,
817 3615 899 3698 5ol').

210 3768 348 3852 2218.
1209 3803 1225 3845 1
1227 3803 1248 3864 3
1250 3801 1303 3862 51,
1320 3785 1472 3864 8J'rrr'llel.

203 3888 304 3976 Supp.
320 3889 422 3956 frater
437 3888 599 3974 P(etrus),
616 3889 792 3973 episcopus
809 3885 996 3964 Vasionen,
1014 3894 1105 3970 quat.
1118 3885 1271 3950 familiari
1284 3905 1345 3950 suo
1357 3888 1518 3954 continuo

163 3991 312 4058 Henrico
341 3993 384 4058 de
416 3991 532 4058 Mirlar
552 4009 574 4072 ⁴,
599 3991 769 4076 quondam
786 3990 954 4070 Willelmi,
985 3988 1145 4056 Leodien.
1172 3989 1269 4070 dioc,
1295 3990 1338 4054 de
1365 3994 1517 4076 parrocb.

160 4097 300 4162 ecclesia
316 4097 358 4162 de
374 4096 516 4177 Scindel,
533 4096 623 4162 dicte
638 4095 735 4176 dioc,
750 4116 823 4161 vac.
840 4095 930 4180 apud
941 4095 1054 4159 sedem
1067 4101 1175 4180 apost.
1188 4114 1246 4179 per
1257 4095 1518 4161 reservationem

159 4199 200 4264 de
227 4200 345 4266 eadem
369 4200 494 4266 factam
519 4215 596 4264 ante
622 4201 676 4264 ob.
700 4198 850 4263 Glrerlasi
874 4199 954 4263 dicti
979 4196 1112 4278 Lavart,
1137 4197 1237 4283 ipsius
1253 4198 1393 4262 ecclesie
1408 4200 1516 4265 ultimi

161 4305 299 4371 rectoris
311 4319 332 4386 ⁵,
349 4305 404 4390 qui
421 4313 515 4371 extra
531 4304 629 4370 Rom.
646 4305 771 4369 curiam
787 4304 877 4368 diem
893 4305 1011 4369 clausit
1033 4312 1230 4382 extremum,
1247 4305 1300 4367 vel
1316 4303 1382 4370 alio
1397 4307 1516 4388 quovis

159 4409 261 4473 modo
283 4418 392 4491 vacet,
417 4431 493 4476 oum
520 4410 674 4476 omnibus
694 4409 820 4493 juribus
836 4416 870 4473 et
885 4408 1103 4494 pertinentiis,
1120 4407 1301 4492 dignemini
1317 4409 1491 4494 providere
1506 4434 1515 4490 ;

159 4534 226 4580 non
243 4516 329 4578 obst.
347 4515 437 4599 quod
461 4515 503 4582 ad
527 4514 602 4580 coll.
618 4515 651 4578 in
674 4511 871 4594 Machlinia,
888 4513 1105 4579 Cameracen.
1121 4512 1218 4593 dioc,
1234 4513 1382 4579 noscitur
1396 4536 1516 4602 expec-

160 4626 239 4697 tare,
253 4626 287 4684 et
303 4639 372 4683 non
386 4621 471 4685 obst.
485 4619 586 4684 etiam
600 4618 742 4703 quadam
759 4617 995 4698 matricularia,
1008 4618 1100 4702 cujus
1111 4617 1355 4702 possessionem
1368 4620 1516 4685 nondum

307 4769 416 4776 -.——.—-.

194 4847 288 4969 puori
307 4864 330 4897 n.
353 4851 421 4910 rulo,
436 4852 550 4898 11111-
571 4851 593 4898 2.
608 4851 667 4898 von
687 4865 712 4900 n.
732 4852 799 4898 1111.
812 4879 842 4887 -
864 4851 886 4898 3.
900 4849 960 4896 von
980 4864 1004 4897 n.
1024 4851 1093 4908 nri,
1111 4850 1227 4895 2111.-
1247 4823 1518 4899 1111111111.-

159 4923 181 4968 ὅ.
208 4921 256 4970 'uir
268 4937 292 4972 n.
306 4925 376 4974 2191.
