3650 5675
745 536 834 615 1844,
859 537 877 601 5
900 536 1016 602 le‘vrier.
1507 543 1557 607 151

194 692 226 756 S.
239 689 258 768 J
262 690 404 755 ohannis
417 688 586 769 Leodien,
600 708 673 754 vac.
686 688 719 753 in
733 689 823 755 curia
835 709 895 774 per
911 692 965 755 ob.
980 690 1071 755 dom.
1083 689 1249 767 Jolrarmis
1261 690 1415 759 Courtois
1425 704 1444 774 ¹,
1457 695 1558 779 ipsius

194 796 276 860 eccl.
293 815 366 859 cau.
384 797 486 879 preb,
502 794 535 857 in
552 794 702 878 partibus
724 792 930 874 decedentis,
943 795 1036 879 cujus
1062 797 1139 859 ben.
1163 804 1243 861 ante
1270 798 1371 882 ipsius
1397 802 1451 864 ob.
1469 798 1508 863 V.
1525 800 1557 865 S.

194 899 366 965 collationi
383 906 491 985 apost.
513 898 706 978 reservavit,
723 898 906 982 dignemini
923 898 1109 984 providere.
1124 940 1168 948 --
1184 898 1262 965 Fiat
1279 900 1319 967 R.

240 1002 318 1067 Dat.
334 1003 435 1067 Avin.
451 1022 530 1068 non.
547 1002 626 1068 febr.
643 1009 677 1067 a⁰
694 1008 735 1067 2⁰.
753 1002 805 1085 (4,
826 1004 928 1085 172‘').
1107 1018 1110 1021 ’

247 1141 357 1225 657.
1232 1176 1250 1218 r
1249 1175 1326 1239 344,
1343 1156 1510 1243 5fa1rier.

238 1260 338 1346 Supp.
370 1258 407 1323 lr.
438 1256 644 1339 Guillelmus,
675 1257 869 1343 archiepisc.
902 1256 1131 1323 Brundusinus
1146 1267 1166 1338 ²,
1190 1268 1281 1343 quat.
1310 1259 1460 1325 servitori
1484 1282 1555 1341 suu,

193 1363 344 1429 Anroldo
368 1361 526 1426 Willelmi
555 1360 631 1426 Rufi
658 1361 700 1426 de
727 1360 869 1445 Tongris
888 1371 907 1441 ³,
943 1362 1020 1427 cler.
1049 1360 1208 1427 Leodien.
1233 1363 1329 1444 dioc,
1357 1363 1399 1429 de
1426 1365 1556 1449 capella

193 1468 224 1532 S.
244 1466 430 1547 Michaelis,
446 1466 509 1531 sita
526 1465 558 1529 in
574 1465 717 1531 ecclesia
734 1464 772 1530 B.
787 1463 835 1531 M.
852 1466 1028 1549 Aquensis,
1036 1464 1196 1530 Leodien.
1208 1465 1306 1546 dioc,
1317 1467 1438 1531 valoris
1454 1467 1555 1531 annui

198 1592 236 1635 10
251 1590 354 1635 marc.
370 1590 449 1654 arg,
466 1589 532 1635 sec.
550 1569 716 1634 decimam
732 1569 786 1633 vel
803 1569 901 1649 circa,
919 1590 993 1634 vac.
1010 1590 1070 1654 pro
1086 1569 1233 1653 eoquod
1250 1567 1422 1646 Jolrannes
1447 1570 1556 1635 dictus

194 1672 409 1755 Blonscrode,
420 1682 508 1739 auct.
519 1673 705 1739 litterarum
716 1674 805 1739 dom.
823 1672 998 1739 Benedicti
1015 1694 1104 1759 pape
1118 1672 1198 1754 XII,
1212 1674 1245 1738 in
1262 1675 1432 1739 communi
1449 1675 1555 1740 sonna

192 1798 377 1865 pauperum
405 1780 630 1857 obtentarum,
658 1778 810 1862 parroclr.
838 1778 921 1843 eccl.
949 1778 980 1842 S.
1012 1777 1101 1842 Petri
1132 1779 1307 1861 Aquensis
1337 1778 1428 1843 dicte
1458 1779 1555 1857 dioc,

193 1882 305 1947 extitit
339 1881 477 1967 pacifice
503 1889 683 1961 assecutus
710 1881 891 1965 dignemini
919 1881 1119 1967 providere;
1147 1901 1214 1946 non
1239 1884 1325 1946 obst.
1352 1882 1442 1965 quod
1466 1883 1555 1947 idem

194 1986 363 2052 ,irnoldus
377 1989 453 2051 ben.
470 1986 552 2051 eccl.
569 2006 597 2051 c.
614 2006 643 2051 c.
661 1987 714 2050 vel
731 2007 757 2051 s.
774 2006 801 2051 c.
818 1986 860 2051 ad
877 1988 986 2052 coll...
1001 1986 1074 2051 dec.
1091 1995 1125 2050 et
1141 2005 1216 2070 cap.
1231 1986 1314 2050 eccl.
1330 1984 1368 2049 Β.
1392 1984 1441 2049 M.
1468 1986 1557 2049 Ton-

194 2090 330 2175 grensis,
347 2090 496 2176 ejusdem
511 2090 609 2171 dioc,
625 2110 686 2176 per
700 2090 830 2155 litteras
845 2098 975 2155 vestras
991 2090 1024 2154 in
1045 2090 1137 2154 dicta
1161 2089 1267 2154 sonna
1290 2092 1457 2169 obtentas,
1480 2110 1557 2154 nos-

196 2196 281 2261 citur
307 2205 486 2281 expectare
502 2216 513 2275 3
537 2214 620 2278 quas
644 2194 773 2264 litteras
789 2202 917 2261 vestras
938 2204 973 2261 et
988 2215 1104 2261 earum
1120 2193 1279 2259 effectum
1295 2193 1355 2257 sibi
1372 2192 1554 2277 dignemini

193 2318 373 2379 reservare,
390 2318 589 2383 quacunque
605 2298 846 2364 constitutione
862 2299 1031 2365 contraria
1047 2320 1115 2363 non
1133 2301 1229 2378 obst,
1245 2305 1281 2363 et
1295 2298 1497 2382 respondere
1513 2298 1556 2363 ad

193 2402 290 2467 istam
320 2422 327 2467 ε
355 2400 441 2483 Fiat,
459 2410 492 2467 et
509 2404 616 2487 prima
639 2404 746 2487 gratia
768 2411 944 2469 remaneat
960 2403 1021 2468 sibi
1037 2404 1141 2468 salva.
1157 2442 1200 2453 -
1223 2401 1312 2482 Fiat,
1328 2409 1363 2466 et
1381 2409 1556 2466 remaneat

192 2506 253 2571 sibi
269 2507 385 2592 gratia.
403 2506 443 2571 R.

237 2609 314 2674 Dat.
332 2610 432 2676 Avin.
449 2631 529 2677 non.
546 2610 626 2676 febr.
642 2618 675 2676 a⁰
693 2618 734 2676 2⁰.
752 2612 803 2695 (4,
825 2613 911 2695 176).

244 2748 358 2831 658.
1230 2779 1325 2843 1344,
1340 2780 1361 2842 5
1369 2759 1510 2848 sarrz'er.

236 2867 326 2952 Sign.
346 2865 611 2952 R(aymundus),
628 2867 729 2952 episc.
742 2867 920 2948 Moriuen,
937 2867 1027 2951 quod
1043 2885 1149 2951 nuper
1165 2865 1196 2930 S.
1213 2863 1252 2930 V.
1269 2865 1360 2930 socio
1376 2871 1446 2944 suo,
1463 2885 1550 2950 mag.

192 2968 338 3048 Johanni
366 2970 408 3036 de
436 2970 582 3050 BiterriS,
607 2973 682 3036 bac.
708 2972 741 3035 in
765 2971 855 3038 decr.
880 2980 960 3037 actu
986 2969 1110 3054 legenti
1127 2980 1147 3049 ⁴,
1174 2969 1217 3034 de
1240 2989 1313 3034 can.
1330 2977 1364 3034 et
1380 2971 1472 3054 preb.
1495 2990 1554 3034 seu

191 3073 380 3139 canonicali
403 3073 568 3158 portione,
585 3093 669 3157 quos
691 3074 862 3157 quondam
881 3074 1081 3138 Guillelmus
1097 3072 1243 3138 Amaudi
1260 3071 1303 3137 de
1318 3073 1452 3155 Querio,
1469 3072 1556 3138 sedis

192 3185 300 3262 apost.
316 3178 466 3257 nuncius,
483 3177 538 3262 qui
556 3177 589 3241 in
607 3177 756 3262 partibus
780 3177 1014 3256 Romandiole,
1031 3176 1064 3240 in
1082 3176 1218 3241 servitio
1235 3176 1388 3241 Romane
1405 3176 1556 3255 ecclesie,

192 3280 281 3345 diem
306 3281 426 3346 clausit
452 3289 650 3361 extremum,
667 3280 701 3344 in
720 3283 802 3346 eccl.
819 3280 1047 3346 Conseranen.
1063 3269 1248 3360 obtinebat,
1265 3283 1325 3346 sub
1342 3290 1433 3346 certa
1449 3280 1556 3346 forma

191 3384 337 3470 providit
353 3409 361 3464 ;
379 3391 423 3464 et,
440 3384 519 3450 licet
535 3384 698 3450 beneficia
713 3384 912 3450 nunciorum
928 3385 1019 3450 dicte
1034 3384 1121 3449 sedis
1137 3383 1260 3449 luerint
1276 3393 1310 3449 et
1322 3385 1388 3450 sint
1400 3385 1462 3470 ipsi
1485 3385 1554 3449 sedi

191 3489 381 3574 specialiter
403 3494 583 3568 reservata,
607 3495 723 3552 tamen
747 3487 932 3574 capitulum
955 3488 1046 3555 dicte
1069 3488 1295 3556 Conseranen.
1318 3492 1411 3570 eccl,
1437 3498 1555 3555 contra

191 3592 280 3679 ipsas
291 3612 385 3679 prov.
399 3601 433 3656 et
443 3611 564 3657 reserv.
577 3613 611 3657 se
625 3599 801 3677 opponunt
811 3599 845 3656 et
855 3603 1096 3678 opposuemnt,
1106 3602 1142 3658 et
1153 3602 1290 3680 propter
1305 3595 1371 3658 lroc
1386 3594 1553 3658 adsedem

192 3705 300 3781 apost.
317 3697 540 3782 appellarunt,
557 3695 796 3780 pretendentes
818 3717 854 3761 se
877 3695 1000 3762 habere
1022 3709 1160 3778 certum,
1178 3697 1335 3763 videlicet
1363 3718 1399 3760 12
1416 3698 1554 3762 canoni-

192 3821 318 3882 corum,
342 3821 530 3882 numerum,
547 3799 650 3864 etiam
676 3806 764 3866 auct.
790 3809 899 3885 apost.
916 3821 958 3866 ex
974 3812 1066 3869 certa
1093 3802 1233 3868 scientia
1257 3799 1501 3879 confimratum,
1518 3808 1553 3864 et

191 3905 294 3970 etiam
311 3925 409 3990 supra
435 3904 544 3989 ipsum
572 3923 748 3968 numerum
774 3905 940 3988 quosdam
966 3907 1148 3973 canonicos
1164 3905 1198 3969 in
1215 3905 1286 3989 ipsa
1306 3902 1446 3968 ecclesia
1463 3911 1552 3968 auct.

191 4016 300 4093 apost.
326 4007 424 4074 fuisse
450 4007 579 4093 positos
594 4015 629 4072 et
645 4015 808 4092 receptos,
824 4008 945 4093 quibus
967 4010 1161 4095 providetur
1176 4006 1359 4074 secundum
1375 4006 1465 4089 quod
1480 4007 1553 4072 aliis

193 4111 276 4178 infra
301 4133 477 4178 numerum
502 4112 722 4177 existentibus
744 4112 972 4194 antedictum;
999 4112 1241 4200 propterquod
1260 4110 1414 4176 nituntur
1442 4109 1553 4175 dicere

186 4236 249 4308 ¹seu
275 4216 392 4282 dicunt
417 4215 526 4282 dictas
552 4216 778 4301 provisionem
794 4227 829 4282 et
849 4219 1111 4283 reservationem
1133 4217 1255 4281 nullius
1270 4216 1412 4280 existere
1427 4214 1554 4279 roboris

193 4321 246 4384 vel
275 4320 450 4386 momenti.
482 4319 594 4414 Quare
625 4341 720 4414 supp,
756 4319 865 4386 dictus
898 4322 1001 4407 episc.
1036 4329 1129 4405 quat.
1159 4319 1329 4386 declarare
1359 4316 1553 4407 dignemini,

192 4431 338 4489 vestram
365 4423 589 4488 intentionem
615 4423 714 4490 luisse
730 4432 766 4521 et
780 4445 853 4492 esse
876 4425 984 4492 dictas
999 4425 1262 4490 reservationem
1278 4431 1313 4493 et
1328 4420 1552 4508 provisionem

224 4615 246 4666 1.
260 4613 358 4672 Kimb,
372 4613 446 4672 Koll,
459 4615 516 4664 2⁷1.
528 4613 551 4662 ll
562 4617 602 4662 est
613 4611 737 4662 different
748 4613 781 4662 de
791 4614 857 4664 deon
871 4615 995 4675 Gourtols,
1009 4616 1136 4678 scripteur
1151 4612 1313 4678 apostolique
1329 4607 1479 4678 mentionn6
1496 4610 1555 4673 plus

191 4687 254 4736 haut
267 4687 305 4748 (n.
319 4688 372 4746 162,
386 4693 448 4736 note
461 4686 495 4748 l),
507 4691 535 4737 et
551 4701 602 4750 que
619 4687 669 4736 l'on
688 4693 808 4736 retrouve
824 4687 946 4737 denudes
956 4695 1026 4740 notes
1037 4688 1070 4737 de
1080 4689 1106 4738 lu
1118 4688 1246 4738 chambre
1256 4686 1425 4752 aposmlique,
1438 4685 1461 4734 lc
1473 4687 1487 4733 9
1499 4683 1555 4736 dee.

189 4759 253 4807 1344
274 4757 405 4822 (Berlibre,
428 4761 526 4810 [areat.
548 4759 655 4824 auulyl,
668 4775 693 4809 n.
716 4761 819 4822 153),1e
833 4759 972 4810 rarenter
986 4764 1055 4822 1345,
1077 4763 1116 4824 (n.
1137 4761 1203 4823 155),
1225 4767 1252 4810 et
1271 4761 1330 4825 pluo
1341 4760 1400 4807 tanl
1412 4773 1510 4807 encore.
1523 4785 1556 4792 —·

191 4836 214 4882 2.
227 4832 374 4882 Guillaume
385 4833 484 4894 lununl,
497 4833 600 4883 nomme
610 4849 644 4892 au
655 4831 723 4896 siege
734 4834 766 4882 de
780 4832 911 4883 benevent
924 4835 948 4884 le
960 4837 975 4884 3
986 4849 1055 4883 mars
1068 4836 1137 4894 1344,
1151 4835 1182 4885 0.
1194 4835 1259 4884 Min.
1270 4832 1375 4896 (Eubel,
1390 4833 1408 4890 l,
1423 4830 1556 4892 137,154).

191 4933 223 4940 —-
235 4905 258 4955 3,
270 4905 331 4956 Volr
342 4921 367 4958 n.
380 4907 428 4955 653
440 4923 446 4964 3
460 4907 560 4968 Kirach,
573 4907 649 4968 dull,
663 4909 718 4958 354.
730 4935 762 4941 —-
783 4909 805 4956 4.
827 4906 969 4957 Procureur
977 4908 1010 4957 de
1019 4907 1155 4970 l‘dquuerl
1175 4909 1295 4968 Arignon
1313 4905 1444 4969 (Berlil-re,
1459 4905 1557 4952 luceat.

192 4979 299 5042 uualyl,
314 4995 338 5029 n.
352 4979 420 5043 12⁴).
