3650 5675
698 468 784 537 1846,
807 467 842 531 21
865 469 1030 532 novembre.
1486 470 1546 534 285

240 616 386 700 1096-
952 667 954 672 ·
1151 631 1247 716 1346,
1264 651 1305 696 21
1321 633 1504 697 novembre.

231 735 332 822 Supp.
349 733 546 813 Bernardus,
558 733 610 798 tit.
626 732 658 798 S.
672 731 792 799 Ciriaci
804 732 839 798 in
854 732 984 798 Terrnr's
1008 737 1113 819 presb.
1130 733 1229 814 card„
1246 741 1338 819 quat.
1354 733 1373 812 J
1377 735 1547 800 ohannem

188 840 231 908 de
259 838 424 925 Lupiano,
452 837 737 922 consanguineum
767 835 868 922 episc.
900 834 1078 918 Morimem.,
1117 839 1194 904 cler.
1221 838 1308 904 dioc.
1340 833 1547 917 Narbonem..

189 944 380 1030 cupientem
402 942 436 1006 in
452 961 545 1006 mon.
562 939 746 1022 Lesatensi,
763 939 960 1006 Cluniacen.
976 941 1111 1022 ordinis,
1129 941 1249 1006 Rivem.
1266 940 1363 1023 dioc,
1381 945 1441 1007 sub
1454 963 1548 1027 regu-

188 1048 249 1114 lari
261 1048 379 1114 habitu
394 1045 543 1110 Domino
557 1044 743 1111 famulari...
766 1044 929 1110 inlocum
945 1044 1035 1112 dom.
1052 1044 1222 1110 Guillelmi
1238 1047 1281 1112 de
1297 1045 1512 1112 Castanhaco
1529 1058 1547 1127 ¹,

189 1152 223 1217 in
238 1154 397 1218 abbatem
408 1149 603 1215 monasterii
619 1148 662 1215 de
679 1147 862 1234 Blangiaco
884 1170 944 1235 per
960 1149 991 1216 S.
1008 1149 1048 1216 V.
1064 1150 1221 1236 promoti,
1238 1151 1319 1216 olim
1334 1150 1414 1217 dicti
1431 1171 1548 1216 moma-

189 1255 278 1321 sterii
302 1253 493 1320 Lesatensis
518 1254 687 1335 monachi,
703 1254 887 1339 dignemini
912 1255 1075 1320 mandare
1089 1255 1125 1321 in
1152 1256 1356 1321 monachum
1379 1255 1490 1342 recipi.
1509 1297 1548 1306 -

192 1357 268 1424 Fiat
283 1358 324 1424 R.
467 1413 470 1418 .

234 1463 313 1528 Dat.
329 1463 427 1527 Avin.
448 1483 482 1526 11
501 1460 568 1528 kal.
584 1462 657 1528 dec.
673 1469 708 1527 a⁰
725 1469 766 1546 5⁰.
784 1463 855 1547 (12,
873 1463 976 1546 ποθ’).

244 1609 389 1694 1097.
1154 1626 1249 1710 1346,
1266 1647 1305 1690 21
1323 1627 1506 1702 novembre.

235 1727 336 1813 Supp.
362 1726 530 1806 Johanna‚
561 1727 675 1812 regina
698 1726 861 1809 Navarra,
888 1737 982 1812 quat.
1015 1727 1118 1815 [mag.
1151 1729 1332 1794 Guillelmo
1355 1728 1397 1795 de
1428 1728 1549 1795 Calve

192 1839 308 1896 moute
322 1841 342 1913 ²,
358 1832 395 1895 in·
409 1830 454 1897 U.
471 1829 498 1897 I.
514 1831 579 1912 lic,
595 1831 797 1897 cancellario
812 1831 901 1917 su0],
918 1832 961 1897 de
977 1853 1051 1898 can.
1063 1840 1096 1898 et
1112 1835 1203 1918 preb.
1221 1854 1261 1899 ac
1277 1833 1550 1900 archidiaconatu

192 1937 273 2001 eccl.
290 1935 467 2001 Ebroicen.
483 1935 667 2020 dignemini
676 1935 883 2020 providere...
889 1959 897 2015 ;
908 1956 980 2002 -non
991 1938 1076 2002 obst.
1093 1937 1183 2021 quod
1194 1937 1228 2001 in
1244 1937 1276 2003 S.
1288 1935 1450 2003 Mederici
1462 1937 1552 2002 Pari-

193 2039 273 2105 sien.
284 2047 319 2105 et
335 2038 374 2105 B.
387 2037 558 2105 Laurentii
574 2039 616 2114 de
626 2037 646 2116 J
649 2038 786 2105 oinvilla
798 2047 833 2103 et
843 2037 882 2105 B.
894 2039 1026 2105 Thome
1040 2039 1290 2126 Crispiacensis,
1307 2040 1552 2107 Cathalaunen.

119 2230 122 2234 A
193 2151 229 2208 et
243 2143 467 2209 Silvanecten.
482 2142 580 2223 dioc,
596 2162 671 2208 can.
687 2149 722 2207 et
737 2145 832 2228 preb..
845 2163 978 2210 necnon
994 2144 1029 2209 in
1043 2143 1211 2212 Morimem.
1224 2145 1374 2211 ecclesiis
1395 2165 1468 2211 can.
1492 2147 1552 2210 sub

194 2268 268 2332 exp.
278 2249 370 2333 preb.
387 2247 539 2312 obtinere
550 2255 720 2311 noscatur.
736 2287 781 2297 -
799 2246 875 2313 Fiat
892 2247 932 2314 R.

236 2347 315 2415 Dat.
331 2350 430 2416 Avin.
451 2369 485 2414 11
504 2349 571 2415 kal.
587 2349 659 2416 dec.
683 2358 717 2414 a⁰
734 2358 776 2436 5⁰.
789 2352 858 2434 (12,
880 2352 967 2436 103).

245 2487 389 2571 1098.
640 2563 642 2566 ,
714 2582 717 2588 ¹
1155 2503 1249 2586 1346,
1267 2523 1307 2568 21
1325 2505 1508 2568 rzevembre.

234 2605 335 2671 Pater
344 2605 408 2670 8⁰¹⁰.
425 2604 510 2669 Cum
528 2596 695 2670 Henricus
720 2604 763 2671 (16
779 2603 924 2670 Culento
938 2615 950 2650 ³
974 2602 1128 2670 intendat
1144 2605 1242 2670 certis
1258 2626 1299 2670 ex
1327 2607 1435 2672 causis
1450 2608 1552 2671 libere

191 2709 354 2794 resignare
369 2730 442 2775 can.
458 2717 493 2772 et
508 2711 600 2793 preb.
617 2729 701 2792 quos
722 2708 757 2773 in
781 2709 979 2774 Atrebatem.
996 2715 1031 2773 et
1047 2708 1077 2773 S.
1094 2706 1184 2772 Petri
1208 2709 1367 2789 Aricnsis,
1379 2698 1551 2774 ‘Morimem.

192 2813 288 2895 dioc,
304 2813 453 2879 ecclesiis
467 2813 616 2879 noscitur
632 2813 793 2894 obtinere,
809 2814 945 2899 placeat
959 2813 991 2880 S.
1008 2813 1077 2878 V...
1088 2812 1189 2899 episc.
1207 2811 1377 2896 Pausiam,
1389 2814 1445 2879 vel
1460 2815 1551 2881 dom.

193 2918 352 2983 cardinali
367 2917 616 2985 Claromonten.
626 2930 647 2999 ⁴,
660 2939 718 2983 seu
734 2918 830 2984 alteri
845 2917 887 2984 de
904 2939 972 3003 quo
989 2918 1028 2986 E.
1044 2919 1075 2987 S.
1092 2920 1260 2985 videbitur
1271 2917 1477 2999 faciendum,
1489 2940 1549 3005 per

192 3031 318 3089 vestras
331 3021 460 3088 litteras
475 3022 687 3089 committere
702 3022 888 3108 specialiter
898 3029 933 3088 et
948 3022 1109 3089 mandare
1125 3023 1261 3108 quat.,si
1277 3023 1445 3108 predictus
1456 3022 1550 3088 Hen-

190 3125 276 3191 ricus
290 3126 437 3211 prefatos
452 3148 527 3193 can.
543 3136 578 3192 et
593 3130 696 3213 preb„
713 3127 767 3192 vel
793 3146 898 3191 unum
922 3145 998 3191 cam.
1025 3134 1060 3191 et
1076 3116 1167 3212 preb.
1184 3127 1226 3192 de
1255 3126 1413 3213 predictis
1435 3129 1549 3192 volue-

191 3229 233 3293 rit
247 3229 350 3295 libere
375 3214 552 3315 resignare,
568 3230 717 3317 prefatus
742 3228 988 3295 commissarius
1015 3238 1125 3295 vester
1152 3230 1415 3315 resignationem
1438 3229 1549 3315 hujus-

190 3333 282 3399 modi
298 3342 386 3399 auct.
401 3342 524 3415 vestra,
536 3334 677 3420 recipiat
689 3339 723 3399 et
739 3333 896 3398 admittat
911 3355 920 3413 ;
936 3342 1148 3399 reservantes
1158 3354 1199 3398 ex
1215 3354 1305 3399 nunc
1321 3354 1394 3399 can.
1411 3341 1446 3399 et
1458 3338 1550 3421 preb.

190 3436 379 3522 hujusmodi
402 3438 574 3504 collationi
601 3447 711 3503 vestre
738 3437 968 3518 conferendos,
997 3458 1073 3503 cum
1099 3458 1159 3523 per
1191 3423 1379 3522 hujusmodi
1406 3439 1551 3523 resigna-

189 3540 317 3605 tionem
339 3545 517 3622 vacabunt,
537 3540 682 3607 Gnidoni
698 3540 740 3607 de
756 3539 910 3623 Culent0,
928 3543 1006 3607 cler.
1023 3540 1205 3607 Bituricen.
1221 3539 1319 3621 dioc,
1335 3544 1451 3627 nepoti
1475 3563 1551 3629 pre-

190 3643 248 3708 fati
266 3642 405 3710 Henrici
420 3668 429 3724 ;
452 3643 667 3711 decernendo
682 3644 773 3730 quod
787 3645 898 3710 nullus
912 3644 955 3711 dc
971 3646 1228 3731 expectantibus
1244 3652 1352 3731 apost.
1370 3654 1458 3710 auct.
1477 3666 1551 3711 can.

193 3768 251 3812 seu
265 3751 356 3835 preb.
373 3748 406 3812 in
423 3751 505 3815 eccl.
522 3749 717 3815 memoratis
731 3749 879 3836 prefatos
905 3771 978 3815 can.
1003 3758 1037 3815 et
1059 3753 1163 3834 preb,
1188 3769 1246 3814 seu
1269 3769 1384 3814 eorum
1400 3750 1551 3830 alterum,

193 3873 270 3918 cum
295 3852 452 3937 resignati
467 3852 599 3934 fuerint,
624 3862 662 3918 nt
687 3853 858 3939 prefertur,
875 3855 991 3918 valeat
1017 3863 1195 3939 acceptare
1219 3873 1279 3917 seu
1301 3852 1362 3917 sibi
1386 3853 1552 3938 provideri

193 3956 300 4022 facere
315 3957 358 4022 (16
373 3957 509 4037 eisdem,
526 3958 741 4044 ipsorumque
765 3957 1020 4044 expectantium
1043 3958 1169 4041 gratias
1196 3962 1231 4021 ct
1253 3957 1381 4021 litteras
1408 3976 1449 4022 ac
1476 3978 1552 4043 pro·

193 4080 303 4125 cessus
329 4061 373 4126 ad
395 4062 543 4146 prefatos
565 4083 638 4128 can.
657 4069 692 4127 et
707 4065 809 4148 preb„
826 4082 903 4128 cum
926 4060 1083 4145 resignati
1110 4060 1242 4140 fuerint,
1259 4059 1468 4145 aliquatenus
1483 4081 1551 4126 non

192 4162 327 4229 extendi
336 4186 344 4244 ;
360 4184 430 4229 mon
446 4168 531 4230 obst.
548 4186 592 4251 gr.
606 4186 664 4231 seu
674 4165 894 4243 ordinatione,
907 4184 1009 4247 quam
1021 4165 1101 4229 olim
1117 4164 1242 4231 fecistis
1258 4186 1356 4250 super
1370 4166 1445 4247 hoc,
1462 4164 1552 4249 quod

191 4275 410 4353 expectantes
425 4278 513 4334 auct.
526 4278 638 4335 vestra
654 4289 728 4336 can.
745 4290 804 4335 seu
817 4270 910 4354 preb.
921 4268 955 4331 in
967 4264 1137 4352 quibusvis
1149 4268 1405 4355 ecclesiis,ipsas
1415 4270 1552 4335 valeant

192 4380 368 4457 acceptare
383 4372 511 4457 sibique
526 4372 692 4460 provideri
707 4372 816 4438 facere
831 4372 873 4436 de
894 4371 1022 4437 eisdem
1035 4395 1044 4451 ;
1066 4392 1135 4439 non
1161 4375 1246 4440 obst.
1271 4372 1552 4439 reservationibns

228 4615 250 4661 1.
265 4614 312 4661 Cet
333 4612 400 4662 abbe
420 4614 567 4663 Guilleumc
578 4614 643 4663 n'est
655 4628 701 4677 pas
715 4611 766 4662 cite
776 4613 842 4661 dane
857 4612 988 4662 16661116
1003 4612 1091 4661 clm-ist.
1103 4612 1149 4675 (X,
1167 4614 1226 4661 1591
1241 4629 1247 4673 ;
1267 4612 1300 4662 cf.
1319 4611 1437 4673 Berlibre,
1455 4614 1553 4663 Inerant.

193 4685 299 4750 analyt„
312 4702 337 4735 n.
355 4689 423 4748 171).
436 4686 471 4735 Oe
482 4689 567 4735 moine
578 4688 665 4735 denuit
676 4688 730 4735 btrc
742 4702 778 4734 un
796 4690 888 4750 parent
907 4686 940 4734 de
960 4685 1073 4747 l'dquue
1092 4686 1124 4735 de
1136 4684 1304 4735 Thdrouanne
1316 4687 1385 4749 (voir
1402 4702 1428 4736 n.
1448 4688 1516 4749 904).
1530 4689 1552 4735 ll

193 4757 293 4821 resigna
303 4776 335 4809 en
350 4763 412 4810 1353
423 4767 450 4809 et
461 4760 503 4808 fut
514 4759 642 4823 remplace
653 4774 701 4823 pur
711 4760 815 4809 Nicolas
831 4760 863 4809 de
883 4760 1010 4820 Benneuil,
1023 4762 1111 4823 prieur
1129 4759 1253 4810 d'Authie
1273 4760 1350 4823 (Req.
1368 4760 1458 4824 Soppl.
1477 4762 1552 4809 Iano·

193 4838 255 4884 cent.
279 4834 913 4897 vetram,11v;Berlicre,1nrem.anatot.
932 4848 958 4883 n.
975 4834 1088 4896 2791-
1104 4836 1128 4882 2.
1145 4834 1209 4881 Voir
1225 4848 1250 4883 11.
1268 4835 1305 4895 ³4,
1326 4836 1439 4883 loea-
1455 4836 1478 4885 3.
1491 4836 1552 4882 V'oir

192 4922 218 4957 n.
231 4911 284 4958 555.
296 4911 362 4958 Μ1,
375 4895 486 4958 Iltienne
497 4908 602 4969 Aubert,
616 4909 674 4973 plus
685 4909 744 4957 tarel
756 4909 883 4958 Innocent
894 4908 941 4958 vl.
