3650 5675
308 506 343 573 ro
861 502 950 581 ran,
974 501 1019 566 ia
1039 500 1117 582 jun.

351 664 412 724 42.
431 655 519 723 Item
535 662 625 740 quat.
641 675 698 719 sex
714 655 756 720 de
776 653 903 720 clericis
930 653 1005 733 suiS,
1030 672 1115 735 quos
1144 652 1276 718 duxerit
1300 652 1531 736 nominandos,
1553 656 1586 719 in
1610 678 1672 723 suo

307 761 443 826 servitio
455 760 612 827 continue
628 759 856 839 existentibus,
874 756 1059 823 concedere
1079 756 1271 841 dignemini,
1288 766 1325 822 ut
1340 757 1402 843 ipsi
1423 757 1549 825 fructus
1570 763 1671 826 bene-

307 864 457 931 ficiorum
487 884 620 929 suorum
651 882 948 947 quorumcumque,
969 860 1255 926 distributionibus
1285 860 1463 927 cotidianis
1491 862 1671 929 dumtaxat

308 968 465 1053 exceptis,
481 968 652 1053 percipere
668 969 806 1033 valeant
820 987 879 1052 per
894 987 952 1031 sex
969 985 1074 1031 annos
1090 966 1276 1045 continuos,
1300 986 1341 1031 ac
1357 966 1383 1031 si
1404 966 1438 1031 in
1462 968 1610 1033 ecclesiis
1635 969 1671 1035 in

307 1073 424 1156 quibus
439 1072 511 1158 ipsa
531 1072 695 1138 beneficia
719 1072 873 1138 obtinent
900 1092 958 1136 seu
981 1071 1200 1155 imposterum
1227 1069 1436 1150 obtinebunt,
1453 1073 1671 1155 personaliter

306 1175 498 1256 residerent,
521 1196 585 1241 nec
607 1197 628 1241 a
652 1196 822 1259 quoquam
838 1174 880 1240 de
896 1195 965 1240 non
980 1173 1156 1239 residendo
1172 1174 1205 1237 in
1222 1173 1300 1258 ipsis
1315 1173 1485 1238 beneficiis
1499 1175 1671 1241 licentiam

306 1290 421 1364 petere
435 1286 623 1344 teneantur.
640 1278 721 1345 Non
749 1282 834 1344 obst.
860 1279 1123 1363 quibuscumque
1150 1268 1339 1363 privilegiis,
1360 1275 1581 1362 indulgentiis,
1603 1288 1670 1345 sta-

306 1383 397 1464 tutis,
414 1389 448 1447 et
465 1382 759 1448 consuetudinibus
774 1383 996 1467 quarumlibet
1008 1381 1224 1446 ecclesiarum
1241 1380 1274 1444 in
1288 1381 1492 1445 contrarium
1504 1381 1601 1447 editis
1613 1404 1670 1447 seu

307 1484 467 1565 edendis;
490 1505 567 1550 cum
593 1486 664 1551 aliis
689 1486 843 1551 omnibus
865 1484 1171 1565 nonobstantibus,
1195 1492 1231 1549 et
1255 1484 1408 1549 clausulis
1431 1485 1613 1570 oportunis,
1636 1494 1672 1551 et

306 1590 548 1655 executoribus,
562 1629 601 1639 -
621 1589 696 1655 Fiat
712 1589 753 1655 de
770 1598 913 1674 quatuor
927 1589 1093 1655 continuis
1109 1588 1390 1653 commensalibus
1415 1588 1577 1672 usquead
1593 1610 1671 1673 qua-

309 1692 497 1759 driennium
513 1694 547 1758 in
563 1694 678 1760 sonna.
1491 1698 1494 1703 ’

352 1797 429 1863 Dat.
445 1797 545 1863 Avin.
562 1820 581 1881 4
597 1819 676 1864 non.
689 1798 773 1883 junii
788 1805 821 1863 a⁰
838 1806 877 1862 1⁰.
891 1795 933 1881 (I,
952 1797 1035 1880 25l).

359 1934 544 2019 43-44.
1378 1960 1472 2024 1342,
1490 1940 1627 2023 1‘'y'1cirr.

353 2051 454 2137 Supp.
470 2049 490 2129 J
493 2054 618 2117 acobus
634 2048 833 2136 Malabayla
848 2050 891 2115 de
906 2050 969 2114 Ast
987 2058 993 2083 ¹
1010 2056 1103 2133 quat.
1124 2046 1256 2133 [nepoti
1272 2067 1332 2113 suo
1344 2045 1475 2124 Jacobo
1487 2047 1670 2135 Catayrani

311 2156 387 2220 cler.
403 2155 547 2235 Astensi,
564 2152 650 2239 filio]
678 2154 798 2219 sororis
814 2175 881 2233 sue,
903 2152 946 2219 de
962 2173 1036 2218 can.
1053 2151 1135 2216 eccl.
1150 2150 1352 2216 Ambianen.
1367 2150 1548 2236 dignemini
1564 2153 1673 2238 provi-

310 2257 388 2324 dere
408 2258 475 2345 [et]
494 2261 586 2345 preb.
602 2277 779 2322 reservare.
796 2296 836 2307 -
862 2255 939 2321 Fiat
959 2256 993 2319 in
1009 2255 1091 2321 eccl.
1108 2252 1267 2319 Leodien.
1286 2253 1325 2319 R.

353 2402 416 2462 44.
435 2394 522 2461 ltem
537 2404 629 2479 quat.
647 2394 803 2479 Philippo
820 2392 969 2459 Roctarii
992 2394 1136 2474 Astensi,
1153 2394 1242 2474 cler,
1267 2405 1413 2479 cognato
1433 2416 1503 2476 suc,
1528 2395 1571 2460 de
1597 2418 1671 2463 can.

310 2500 391 2565 eccl.
417 2498 576 2565 Leodien.
603 2497 783 2583 dignemini
810 2496 995 2583 providere,
1023 2505 1058 2561 et
1084 2500 1175 2581 preb.
1194 2517 1371 2564 reservare.
1388 2538 1430 2555 -ψ
1448 2498 1525 2564 Fiat
1541 2498 1573 2562 in
1590 2499 1672 2563 eccl.

311 2604 442 2669 Pisana.
460 2603 500 2670 R.

353 2708 433 2773 Dat.
449 2708 547 2774 Avin.
564 2707 631 2774 kal.
645 2707 728 2794 junii
746 2714 779 2772 a⁰
799 2714 828 2770 1⁰
844 2715 866 2772 ¹.
884 2704 1008 2793 (1,,260
1024 2706 1065 2790 v).

359 2860 441 2944 45.
1296 2881 1301 2890 “
1398 2891 1492 2955 1342,
1510 2893 1528 2936 2
1539 2871 1627 2961 jaan.

352 2978 441 3062 Sign.
458 2978 488 3043 S.
505 2977 545 3043 V.
570 2975 760 3062 Stephanus
784 2976 893 3042 dictus
918 2974 1059 3056 Malion,
1084 2979 1192 3061 presb.
1214 2975 1430 3041 Cameracen.
1456 2975 1554 3056 dioc,
1579 2976 1671 3041 dom.

309 3081 441 3147 comitis
469 3079 628 3146 Hanonie
643 3100 717 3165 cap.
730 3089 750 3160 ²,
775 3087 809 3144 et
833 3099 892 3164 per
916 3080 1025 3164 ipsum
1040 3099 1102 3165 pro
1128 3080 1226 3145 certis
1241 3081 1307 3145 suis
1326 3079 1474 3164 negociis
1489 3078 1533 3144 ad
1556 3078 1671 3144 sedem

309 3191 417 3271 apost.
433 3183 624 3269 specialiter
638 3183 834 3261 destinatus,
850 3182 951 3267 quod,
968 3182 1047 3248 licet
1071 3183 1161 3248 dom.
1183 3183 1394 3264 Benedictus,
1420 3191 1531 3248 vester
1553 3183 1671 3247 imme-

309 3289 400 3354 diate
416 3287 640 3374 predecessor,
657 3307 734 3352 eum
750 3287 904 3353 omnibus
919 3288 995 3352 ben.
1011 3288 1104 3367 eccl,
1121 3309 1186 3370 que
1202 3297 1283 3354 tunc
1307 3287 1469 3373 temporis
1494 3286 1671 3353 obtinebat

308 3390 551 3456 sententialiter
574 3399 663 3456 auct.
687 3398 795 3476 apost.
822 3390 1013 3476 privaverit,
1040 3412 1184 3475 eumque
1208 3391 1391 3456 inhabilem
1417 3390 1596 3456 reddiderit
1626 3390 1670 3455 ad

278 3513 282 3520 ’
307 3493 529 3578 quodcunque
542 3494 623 3560 eccl.
639 3496 715 3560 ben.
731 3494 951 3579 imposterum
963 3494 1182 3560 obtinendum
1192 3504 1223 3575 ³;
1241 3516 1356 3561 secum
1380 3504 1496 3561 tamen
1521 3503 1670 3580 postrno

308 3596 388 3661 dum
399 3597 517 3662 volens
532 3597 787 3663 misericorditer
800 3618 899 3683 agere
914 3597 949 3662 in
964 3599 1030 3664 hac
1045 3607 1151 3684 parte,
1168 3599 1277 3685 ipsum
1306 3606 1394 3664 auct.
1420 3607 1528 3685 apost.
1552 3597 1670 3664 habili-

309 3701 394 3766 tavit
409 3708 444 3765 et
460 3700 607 3766 habilem
622 3700 766 3768 reddidit
782 3702 826 3794 ad
840 3723 1038 3787 quecunque
1054 3703 1136 3770 eccl.
1151 3705 1238 3784 ben,
1255 3711 1469 3789 preterquam
1493 3703 1526 3766 in
1551 3701 1670 3766 Came-

307 3825 418 3870 racen.
431 3804 494 3871 civ.
510 3812 545 3871 et
568 3804 703 3888 diocesi,
731 3805 924 3872 obtinenda.
952 3805 1064 3890 Quare
1090 3805 1199 3872 dictus
1226 3807 1416 3893 Stephanus
1437 3805 1546 3884 eidem
1570 3805 1601 3870 S.
1629 3804 1670 3871 V.

307 3909 476 3975 humiliter
491 3931 598 3996 supp,
611 3918 703 3994 quat.
719 3910 828 3996 ipsum
845 3911 992 3995 benigno
1006 3910 1121 3976 favore
1147 3921 1397 3997 prosequentes
1421 3931 1497 3975 eum
1525 3910 1566 3974 ad
1590 3929 1670 3993 que-

308 4033 438 4098 cunque
453 4016 529 4079 ben.
546 4013 638 4093 eccl,
655 4013 758 4080 etiam
782 4013 814 4077 in
840 4013 902 4078 civ.
931 4022 965 4078 et
989 4012 1076 4079 dioc.
1101 4012 1329 4095 Cameracen,
1354 4013 1397 4080 de
1421 4035 1486 4099 qua
1514 4012 1671 4079 oriundus

308 4118 430 4214 existit,
447 4126 555 4204 apost.
572 4125 660 4184 auct.
676 4116 853 4183 habilitare
877 4125 911 4182 et
935 4117 1082 4182 habilem
1108 4117 1246 4183 reddere
1270 4117 1312 4183 de
1332 4117 1540 4202 benignitate
1560 4125 1669 4201 apost.

339 4307 366 4365 a)
383 4305 423 4352 On
439 4319 455 4352 a
467 4303 594 4368 remplnee
605 4307 621 4352 3
634 4321 688 4356 tion.
700 4310 746 4355 oct.
759 4319 805 4370 par
817 4304 861 4352 lul
865 4343 869 4354 .
874 4304 891 4368 j
894 4320 935 4355 un.
948 4305 989 4352 En
1001 4319 1088 4366 merge
1104 4311 1258 4354 :correctam
1272 4305 1303 4353 de
1310 4310 1430 4370 precepto
1441 4304 1536 4352 daritim*
1550 4306 1637 4352 nourr.

341 4487 363 4535 l.
381 4487 511 4548 Banquier
527 4489 610 4537 d'Asti
623 4505 628 4547 ;
640 4490 673 4537 cl.
692 4489 798 4546 Riezler,
811 4504 836 4539 n.
854 4492 936 4549 aaa&
955 4489 1053 4550 Kirsch,
1066 4489 1142 4550 Kolt,
1155 4493 1221 4548 2923
1240 4489 1344 4554 Deprea,
1362 4505 1388 4538 n.
1406 4493 1461 4539 205,
1473 4518 1500 4524 -
1522 4492 1544 4539 2.
1559 4474 1671 4536 lltienne

309 4559 412 4619 Mallon,
430 4561 555 4610 chanoine
572 4562 604 4610 de
622 4563 786 4610 sadermain
803 4563 836 4610 de
854 4562 934 4621 Mons,
953 4564 986 4612 de
1003 4563 1125 4625 Suignies,
1143 4569 1199 4624 etc,
1220 4563 1310 4627 prerbt
1326 4564 1372 4612 des
1391 4563 1482 4625 egliscs
1497 4563 1530 4612 de
1551 4562 1625 4610 Mons
1643 4566 1671 4610 et-

308 4632 425 4680 tresorier·
435 4633 471 4680 du
483 4633 567 4682 comte
578 4635 610 4684 de
624 4635 746 4695 Haiuaut,
758 4633 784 4685 ÷
798 4637 826 4682 15
843 4640 893 4684 oct.
911 4638 982 4685 1376.
1000 4637 1039 4685 Cf.
1061 4637 1191 4695 Devillers,
1213 4637 1311 4687 (badad.
1329 4636 1373 4684 das
1387 4637 1481 4686 monte»
1490 4635 1522 4685 da
1543 4635 1670 4693 lionam,

309 4705 353 4765 Vl,
374 4707 420 4754 904
441 4721 447 4765 3
464 4708 623 4768 Demeuldre,
647 4708 725 4771 [bap.
743 4707 774 4756 de
792 4709 910 4771 stipam,
925 4711 1033 4758 298-300
1047 4725 1053 4768 ;
1067 4711 1097 4762 E.
1115 4710 1245 4759 Mattbieu
1262 4725 1305 4774 ap.
1322 4711 1413 4774 Bioqr.
1425 4715 1477 4759 aar.
1494 4709 1525 4758 cla
1536 4709 1669 4772 Balplque,

309 4778 376 4839 XIV,
389 4782 487 4830 98-100.
499 4807 532 4817 -
543 4782 566 4831 3.
579 4782 644 4830 Acte
655 4782 690 4829 du
702 4783 717 4829 8
730 4796 798 4830 mars
811 4783 873 4830 1310
891 4784 1009 4844 (Riezler,
1028 4784 1083 4834 l'at.
1101 4783 1191 4844 Alter,
1208 4799 1235 4833 u.
1252 4787 1313 4834 2071
1328 4801 1334 4843 3
1353 4785 1471 4843 Daumct,
1491 4783 1583 4832 Berwit
1601 4781 1670 4842 XII,

309 4868 334 4902 n.
347 4854 412 4914 704.)
424 4853 486 4902 Voir
497 4869 547 4903 nne
558 4856 695 4918 supplique
707 4855 742 4902 dn
761 4857 776 4918 0
787 4857 854 4904 avril
866 4859 929 4905 1363
940 4857 973 4906 de
983 4856 1099 4919 leveque
1114 4857 1147 4905 de
1165 4858 1284 4919 Canibrai
1296 4859 1404 4906 relative
1420 4860 1435 4906 b
1453 4861 1522 4905 cette
1539 4858 1671 4918 privation

310 4926 413 4990 (suppl.
432 4926 561 4976 d't‘rbata
585 4928 610 4990 V,
623 4934 642 4978 t.
659 4930 697 4990 36,
711 4929 728 4980 l.
747 4931 793 4978 117
809 4945 814 4988 ;
833 4929 894 4993 naq.
907 4932 990 4992 Acin,
1005 4933 1057 4991 155,
1070 4931 1089 4980 f.
1101 4933 1148 4980 105
1160 4947 1166 4991 ;
1178 4932 1212 4981 cf.
1231 4933 1302 4992 Blim,
1316 4932 1448 4992 Petiliana,
1460 4932 1482 4990 l,
1496 4932 1621 4992 110111).
