3650 5675
291 465 354 530 326
827 459 914 535 1847,
938 457 1016 524 10-11
1038 460 1117 526 solt.

293 615 412 682 eccles.
427 635 453 680 s.
470 633 511 691 c.,
527 611 697 698 pertinens
709 609 753 676 ad
764 611 841 677 coll.
853 609 1002 696 episcopi
1015 608 1231 676 Cameracen.
1242 617 1331 676 auct.
1341 617 1451 676 vestra
1464 617 1652 697 expectare,

294 728 330 787 et
356 720 496 785 alteram
520 722 650 804 partem
673 716 825 802 parroch.
849 718 931 782 eccl.
954 716 985 782 S.
1008 714 1145 782 Martini
1161 717 1203 782 de
1219 715 1448 801 Zomerglrem,
1465 714 1652 782 Tornacen.

294 824 392 907 dioc,
409 824 559 891 obtinere
574 831 753 902 noscatur;
770 830 804 888 et
816 822 843 888 si
856 821 1033 908 contingat
1044 821 1188 888 eundem
1201 822 1338 887 Petrum
1353 822 1475 887 virtute
1491 821 1654 908 presentis

294 930 400 1017 gratie
424 934 575 996 curatum
604 927 805 994 beneficium
836 927 977 1013 assequi,
1008 926 1098 1013 quod
1124 927 1229 1014 possit
1259 936 1339 993 ante
1368 927 1542 1015 pacificam
1572 925 1653 993 dicti

296 1033 401 1102 curati
415 1033 570 1100 beneficii
586 1032 831 1099 assecutionem
846 1032 975 1098 dictam
990 1033 1130 1098 alteram
1145 1041 1275 1117 partem
1291 1032 1392 1119 ipsius
1407 1032 1559 1120 parroch.
1572 1032 1654 1099 eccl.

297 1159 374 1205 cum
391 1137 458 1205 alio
472 1135 638 1203 beneficio
653 1136 707 1202 vel
724 1135 836 1202 officio
852 1156 876 1201 s.
894 1156 923 1202 c.
947 1143 1146 1222 permutare,
1163 1145 1198 1201 et
1217 1136 1418 1202 beneficium
1433 1159 1491 1202 seu
1507 1134 1655 1202 officium

296 1243 486 1330 hujusmodi
503 1261 579 1308 cum
596 1242 688 1310 dicto
704 1249 819 1308 curato
830 1241 995 1308 beneficio
1011 1242 1113 1306 libere
1125 1241 1272 1328 recipere
1288 1250 1323 1307 et
1338 1242 1428 1308 licite
1444 1239 1596 1320 retinere,
1613 1238 1656 1304 de

296 1349 439 1416 uberiori
454 1348 545 1414 dono
560 1345 676 1434 gratie,
692 1345 801 1413 eidem
817 1346 1002 1414 concedere
1018 1341 1210 1430 dignemini.
1231 1387 1274 1396 —
1297 1345 1372 1412 Fiat
1396 1367 1498 1431 nsque
1522 1343 1565 1411 ad
1588 1343 1655 1410 dic-

297 1463 369 1521 tam
385 1472 560 1534 summam,
573 1452 675 1519 etiam
686 1451 713 1518 si
730 1452 763 1517 iu
779 1452 861 1519 eccl.
875 1450 1057 1518 cathedrali
1068 1452 1246 1518 vicariatus
1261 1453 1315 1517 vel
1330 1450 1421 1517 aliud
1436 1451 1566 1516 existat.
1585 1447 1624 1514 R.

341 1598 445 1659 1232.
464 1591 551 1657 ltem
566 1611 662 1680 supp.
671 1592 761 1659 idem
777 1591 905 1674 Petrus,
922 1598 1023 1677 quat,
1033 1600 1071 1658 ut
1085 1591 1119 1656 iu
1136 1593 1242 1658 altero
1255 1591 1494 1658 beneficiorum
1511 1609 1655 1670 suorum,

300 1717 365 1782 que
387 1717 477 1762 nunc
500 1697 631 1763 obtinet
646 1698 699 1762 vel
714 1697 934 1784 imposterum
947 1696 1121 1777 obtinebit,
1137 1706 1195 1763 aut
1210 1700 1244 1762 in
1259 1697 1371 1782 aliquo
1387 1695 1497 1762 studio
1512 1692 1657 1779 generali

299 1798 518 1883 residendo...,
534 1799 690 1870 fructus...
707 1802 877 1890 percipere
892 1802 1015 1883 valeat,
1032 1801 1110 1868 hinc
1125 1801 1169 1868 ad
1184 1801 1406 1888 septennium,
1423 1798 1532 1865 eidem
1556 1797 1658 1864 Petro

302 1904 486 1972 concedere
500 1903 683 1991 dignemini
698 1907 741 1974 de
754 1907 861 1992 gratia
876 1906 1022 1993 speciali.
1038 1947 1082 1957 -
1098 1905 1175 1972 Fiat
1191 1905 1235 1972 ad
1251 1905 1440 1971 triennium.
1457 1904 1498 1970 R.

344 2050 445 2112 1233.
474 2042 561 2110 Item
585 2064 680 2132 supp.
706 2045 794 2111 idem
821 2045 949 2126 Petrus,
974 2053 1067 2129 quat.
1091 2045 1222 2111 dilectis
1244 2045 1311 2111 suis
1332 2044 1352 2122 J
1356 2047 1464 2110 acobo
1480 2043 1659 2123 Scotelare,

301 2147 474 2233 preposito
489 2147 528 2215 B.
545 2145 594 2216 M.
611 2149 788 2236 Brugensis
801 2168 821 2232 ¹,
831 2158 867 2215 et
877 2150 897 2228 J
900 2149 1028 2216 ohanni
1040 2149 1238 2231 Sclredekin,
1251 2170 1325 2215 can.
1338 2150 1419 2215 eccl.
1432 2148 1463 2214 S.
1477 2147 1661 2214 Donatiani

303 2250 489 2337 Brugensis,
512 2253 532 2331 J
536 2254 660 2321 ohanni
683 2255 726 2322 de
748 2255 841 2321 Leke
862 2276 902 2321 ae
928 2255 1079 2320 Elizabet
1094 2255 1164 2340 ejus
1179 2255 1283 2334 uxori,
1300 2273 1339 2320 ac
1355 2252 1475 2319 Livino
1490 2251 1533 2318 de
1548 2249 1660 2317 Aden-

302 2355 402 2440 ghem
427 2377 468 2424 ac
495 2357 680 2424 Katlrerine
706 2361 776 2447 ejus
800 2360 904 2440 uxori,
928 2367 963 2425 et
988 2359 1107 2444 Egidio
1131 2358 1173 2423 de
1200 2357 1297 2424 Mota
1325 2379 1365 2424 ac
1393 2356 1575 2444 Margarite
1590 2356 1661 2442 ejus

304 2461 408 2544 uxori,
425 2471 459 2528 et
474 2461 668 2530 Alexandro
688 2465 851 2531 Sandrare
866 2465 908 2530 de
927 2462 1126 2550 Honguebe,
1144 2484 1183 2530 ae
1200 2462 1320 2548 Egidio
1335 2463 1377 2528 de
1393 2461 1611 2528 Coudebrouc
1626 2467 1661 2524 et

306 2565 489 2633 Katherr'ne
515 2570 585 2655 ejus
610 2569 715 2651 uxori,
742 2579 918 2636 eteorum
944 2569 1080 2635 cuilibet
1104 2569 1240 2654 plenam
1263 2568 1491 2634 remissionem
1511 2565 1661 2632 omnium

305 2682 523 2758 peccatorum
546 2693 680 2740 suorum
695 2675 729 2740 in
746 2675 863 2740 mortis
879 2674 1022 2740 articulo
1038 2681 1127 2739 auct.
1143 2680 1251 2760 apost.
1268 2671 1453 2739 concedere
1476 2668 1660 2756 dignemini

306 2785 344 2843 ut
359 2777 522 2846 informa.
543 2815 576 2827 —
598 2778 674 2846 Fiat
691 2779 731 2847 R.

350 2882 430 2949 Dat.
445 2883 545 2950 Avin.
563 2886 581 2950 8
598 2884 641 2951 id.
657 2904 730 2971 aug.
746 2892 779 2951 a⁰
796 2890 838 2951 6⁰.
856 2886 931 2969 (29,
952 2885 1053 2972 174').

363 3019 502 3107 1234.
1365 3051 1459 3121 1347,
1477 3054 1517 3099 ro
1533 3036 1620 3099 aoztt.

352 3137 455 3225 Supp.
479 3137 720 3225 G(uillelmus),
744 3140 896 3207 minister
922 3140 1003 3207 eccl.
1031 3140 1199 3207 Auxitane
1211 3148 1231 3223 ²,
1248 3146 1285 3206 ut
1301 3159 1377 3206 cum
1400 3138 1541 3205 dilectus
1559 3155 1665 3223 nepos

310 3262 387 3309 suus
407 3242 582 3321 Johannes
603 3242 646 3310 de
670 3244 820 3332 Fayaco,
837 3244 986 3327 clericus,
1004 3265 1076 3312 can.
1101 3253 1137 3310 et
1162 3247 1255 3332 preb.
1278 3264 1361 3330 quos
1376 3263 1481 3330 nuper
1496 3242 1531 3307 in
1546 3240 1664 3308 Came-

310 3367 421 3413 racen.
437 3348 519 3415 eccl.
536 3348 719 3431 obtinebat,
735 3350 769 3415 in
785 3349 939 3415 manibus
953 3346 1012 3415 R¹¹¹¹
1029 3348 1066 3416 P.
1082 3358 1117 3415 et
1139 3347 1230 3416 dom.
1242 3348 1437 3434 G(uidonis)
1454 3346 1497 3414 de
1512 3344 1663 3426 Bolonia‚

311 3452 364 3518 tit.
380 3451 411 3518 S.
428 3450 551 3518 Cecilie
581 3455 689 3540 presb.
706 3454 838 3536 card.,...
852 3454 1077 3539 resignavit...,
1098 3454 1172 3519 Ade
1195 3454 1238 3520 de
1261 3452 1406 3539 Fayaco,
1431 3452 1561 3533 clerico,
1584 3448 1665 3516 dicti

311 3554 331 3635 J
334 3557 477 3624 ohannis
490 3577 660 3642 germano,
676 3557 826 3623 conferre
841 3555 1033 3643 dignemini.
1055 3595 1087 3606 -
1109 3556 1183 3623 Fiat
1200 3566 1234 3624 et
1250 3558 1416 3645 exprimat
1430 3555 1592 3623 beneficia
1608 3572 1667 3618 sua

311 3662 346 3727 in
371 3662 578 3728 cancellaria.
605 3661 645 3727 R.

355 3766 434 3831 Dat.
449 3765 549 3830 Avin.
566 3787 586 3849 4
601 3764 645 3831 id.
662 3785 737 3850 aug.
752 3772 785 3831 a⁰
803 3770 845 3831 6⁰.
861 3766 935 3849 (14,
953 3766 999 3851 2).

365 3901 504 3989 1235.
1368 3933 1464 4001 1347,
1481 3936 1521 3981 rr
1537 3920 1625 3980 aona.

356 4020 490 4108 Supp...
514 4016 634 4099 Guido,
651 4018 866 4086 Cameracen.
876 4022 988 4108 episc,
999 4028 1091 4106 quat.
1108 4021 1217 4087 eidem
1234 4023 1418 4089 concedere
1434 4018 1613 4105 dignemini
1630 4026 1669 4083 ut

311 4124 417 4211 possit
443 4122 541 4190 certis
567 4122 799 4189 executoribus
825 4132 935 4191 certas
958 4134 992 4191 et
1017 4125 1168 4212 ydoneas
1190 4126 1363 4193 nominare
1377 4144 1534 4212 personas
1549 4122 1669 4208 quibus

312 4235 508 4295 executores
534 4228 635 4294 iidem
663 4226 695 4292 in
721 4228 937 4296 Cameracen.
953 4237 988 4296 et
1003 4230 1140 4315 singulis
1160 4232 1344 4315 collegiatis
1359 4230 1507 4297 ecclesiis
1522 4226 1668 4295 civitatis

312 4343 348 4399 et
376 4331 518 4399 diocesis
555 4332 772 4401 Cameracen.
803 4334 845 4400 de
876 4336 1011 4421 singulis
1048 4335 1300 4403 canonicatibus
1333 4338 1393 4403 sub
1431 4332 1668 4423 expectatione

312 4438 482 4525 prebende
497 4438 699 4506 auctoritate
714 4439 909 4525 apostolica,
926 4440 982 4505 uni
998 4441 1059 4508 soli
1075 4461 1217 4527 persone
1226 4440 1260 4507 in
1280 4461 1480 4527 unaquaque
1503 4438 1670 4506 dictarum

312 4543 528 4611 ecclesiarum
551 4544 728 4613 dumtaxat
749 4544 950 4631 provideant
974 4554 1009 4613 et
1032 4546 1074 4613 de
1096 4546 1280 4634 acceptatis
1295 4546 1355 4613 sibi
1371 4546 1480 4614 facere
1495 4544 1670 4633 providere

312 4668 434 4734 easque
450 4652 541 4717 omni
556 4648 799 4737 impedimento
815 4658 969 4718 cessante
985 4650 1076 4718 licite
1090 4651 1266 4720 retinere...
1280 4650 1355 4719 Fiat
1368 4650 1408 4718 R.

355 4752 434 4821 Dat.
454 4754 553 4822 Aviu.
578 4774 595 4841 3
619 4754 663 4822 id.
686 4776 760 4842 aug.
777 4761 811 4822 a⁰
828 4759 870 4823 6⁰.
887 4758 959 4841 (14,
977 4757 1038 4845 8').

345 4931 367 4978 1.
379 4930 443 4979 Volr
453 4944 479 4981 11.
491 4932 547 4981 610.
557 4956 591 4967 -
602 4933 626 4980 2.
637 4931 701 4980 Voir
711 4946 737 4981 n.
749 4934 805 4980 979.
