3650 5675
294 496 355 559 514:
823 492 911 567 1350,
935 495 1031 559 28-29
1053 495 1121 560 mai.

296 650 327 714 S.
341 647 529 731 Walburgis
541 646 728 731 BrugensiS,
741 646 928 712 Tomacen.
941 648 1038 728 dioc,
1051 668 1153 713 unam
1163 669 1256 734 perp.
1270 652 1493 736 capellaniam
1510 653 1657 720 noscitur

297 752 488 817 obtinere...
507 792 549 800 —
567 750 642 815 Fiat
660 750 699 815 R.

340 855 419 920 Dat.
436 854 536 918 Avin.
554 856 571 918 8
588 853 654 918 kal.
668 854 751 939 junii
768 862 800 919 a⁰
818 862 859 934 9⁰.
877 856 952 935 (20,
970 858 1029 938 8l).

350 990 649 1074 1975-1976.
1362 1029 1457 1092 1350,
1474 1013 1516 1073 28
1532 1014 1614 1075 mar

338 1109 427 1194 Sign.
455 1110 486 1174 S.
515 1108 554 1172 V.
582 1107 791 1186 Willrelmus,
817 1106 1013 1194 archiepisc.
1041 1108 1226 1192 Colonien,
1254 1112 1344 1195 qnod
1371 1112 1497 1177 dudum
1524 1114 1654 1178 nobiles

294 1212 479 1293 Johannes
507 1232 620 1278 comes
644 1209 816 1277 Clevensis
827 1224 846 1292 ¹,
874 1198 911 1276 et¹
937 1208 1111 1279 Methildis
1132 1215 1175 1279 de
1198 1214 1320 1295 Gelria,
1344 1217 1460 1282 relicta
1484 1217 1653 1301 quondam

296 1314 477 1394 Godefridi,
503 1316 574 1381 nati
600 1315 732 1380 comitis
759 1314 963 1395 Lossensis²,
990 1316 1128 1382 domina
1151 1318 1185 1381 in
1212 1316 1397 1384 Meclrlinia
1420 1327 1456 1384 et
1478 1320 1512 1384 in
1529 1320 1654 1405 Eytka,

296 1419 542 1502 consanguinea
557 1418 637 1484 dicti
653 1419 905 1505 archiepiscopi,
930 1417 1106 1486 Colonien.
1123 1430 1158 1485 et
1174 1420 1335 1487 Leodien.
1352 1423 1449 1502 dioc,
1466 1424 1657 1508 ignorantes

296 1524 431 1607 aliquod
458 1524 737 1609 impedimentum
763 1524 906 1590 existere
935 1524 1022 1590 inter
1038 1526 1137 1611 ipsos,
1160 1526 1410 1592 matrimonium
1434 1525 1477 1590 ad
1499 1526 1656 1606 invicem,

296 1627 418 1691 bannis
433 1648 501 1693 non
518 1628 625 1709 editis,
642 1637 679 1692 ut
694 1628 796 1693 moris
811 1636 862 1693 est
879 1629 1047 1694 interdum
1074 1628 1144 1693 fieri
1171 1630 1259 1695 inter
1284 1630 1413 1695 nobiles
1436 1630 1567 1695 illarum
1582 1651 1656 1715 par-

296 1730 391 1812 tium,
405 1730 448 1796 ad
464 1731 609 1796 invicem
626 1738 875 1811 contraxerunt,
888 1731 1012 1796 carnali
1030 1732 1190 1797 intereos
1206 1733 1327 1818 copula
1338 1734 1524 1814 subsecuta,
1537 1755 1578 1799 ex
1590 1754 1656 1818 qua

296 1833 424 1919 prolem
441 1841 657 1920 procrearunt
676 1858 684 1914 ;
710 1833 866 1918 quodque
890 1835 1106 1919 postmodum
1123 1836 1166 1900 ad
1182 1836 1283 1920 ipsius
1309 1834 1483 1901 Metlrildis
1497 1837 1655 1903 notitiam

296 1938 459 2022 pervenit,
476 1938 567 2021 quod
582 1939 652 2024 ipse
668 1958 782 2003 comes
797 1938 906 2002 eidem
931 1938 1103 2021 quondam
1119 1936 1301 2005 Godesrido
1324 1949 1443 2025 quarto
1458 1942 1653 2025 consangui-

295 2040 412 2105 nitatis
438 2041 543 2125 gradu
567 2043 743 2107 attinebat.
770 2041 882 2125 Quare
908 2038 1048 2127 predicti
1075 2040 1247 2120 Johannes
1270 2065 1385 2110 comes
1406 2054 1440 2110 et
1479 2044 1653 2111 Metbildis

295 2165 364 2210 non
379 2156 520 2231 possunt
535 2148 632 2213 simul
648 2148 682 2212 in
698 2145 887 2231 hujusmodi
899 2146 1116 2212 matrimonio
1128 2149 1174 2213 sic
1187 2157 1361 2213 contracto
1372 2149 1463 2213 licite
1472 2169 1654 2228 remanere,

295 2249 544 2335 dispensatione
560 2258 669 2336 apost.
685 2270 782 2336 super
798 2249 863 2315 hoc
880 2270 948 2314 non
964 2250 1115 2315 obtenta.
1131 2248 1255 2315 Verum
1279 2252 1356 2334 quia
1372 2273 1414 2315 ex
1429 2252 1654 2337 separatione,

295 2353 332 2434 si,
349 2354 439 2437 quod
454 2355 550 2435 absit,
567 2356 670 2435 fieret,
688 2357 793 2420 nmlta
805 2354 963 2419 seandala
978 2361 1012 2418 et
1028 2353 1184 2439 pericula,
1201 2363 1235 2419 et
1250 2375 1440 2439 guerrarum
1463 2355 1654 2420 discrimina

295 2456 381 2521 inter
407 2458 497 2544 ipsos
513 2466 547 2523 et
563 2480 678 2524 eorum
704 2458 971 2543 consanguineos
998 2466 1033 2523 et
1060 2458 1196 2538 amicos,
1224 2458 1279 2543 qui
1303 2460 1431 2524 nobiles
1449 2466 1483 2523 et
1498 2467 1654 2544 potentes

295 2561 451 2643 existunt,
469 2562 690 2627 verisimiliter
719 2561 888 2649 [possent]
918 2563 1098 2647 provenire
1116 2584 1125 2642 ;
1143 2562 1242 2646 igitur
1257 2583 1351 2648 supp.
1377 2562 1466 2627 idem
1484 2562 1653 2647 archiepi-

294 2686 423 2750 scopus
452 2675 543 2751 quat.
560 2666 725 2732 scandalis
750 2676 784 2731 et
806 2667 961 2752 periculis
985 2666 1162 2731 obviantes
1188 2666 1395 2752 supradictis
1423 2686 1500 2731 cum
1527 2665 1653 2730 eisdem

293 2768 450 2847 Johanne
475 2771 599 2835 comite
616 2779 650 2835 et
667 2768 842 2851 Methilde,
870 2770 961 2854 quod
977 2768 1010 2833 in
1026 2770 1074 2835 sic
1090 2778 1265 2835 contracto
1286 2770 1501 2834 matrimonio
1524 2770 1653 2856 possint

293 2874 384 2939 licite
400 2895 582 2954 remanere,
611 2874 794 2958 dignemini
811 2873 1069 2939 misericorditer
1084 2872 1275 2959 dispensare
1294 2897 1302 2953 ;
1319 2875 1447 2959 prolem
1462 2883 1652 2959 susceptam

293 2985 328 3041 et
340 2977 585 3062 suscipiendam
602 2978 706 3042 exeis
722 2978 905 3062 legitimam
929 2978 1149 3043 decernentes
1167 3001 1175 3056 ;
1200 2978 1423 3056 absolventes,
1440 2978 1466 3042 si
1482 2978 1653 3061 indigeant

293 3089 357 3146 etc.
377 3103 385 3160 ;
414 3101 490 3145 cum
515 3081 670 3146 omnibus
697 3082 853 3146 clausulis
880 3081 1063 3167 oportunis.
1079 3121 1123 3130 -
1139 3080 1214 3146 Fiat
1235 3102 1295 3166 per
1317 3081 1545 3166 dyocesanum
1561 3082 1586 3146 si
1610 3081 1653 3147 sit

291 3184 348 3264 ita,
375 3183 413 3248 R.
430 3220 474 3229 —
490 3183 565 3249 Fiat
583 3183 622 3250 R.

280 3407 283 3412 Ι
338 3329 437 3389 1976.
454 3322 542 3386 Item
558 3343 653 3408 supp.
670 3331 762 3407 quat.
776 3323 959 3388 Willrelmo
975 3324 1016 3388 de
1028 3319 1256 3390 Duvenvorde
1267 3342 1287 3405 ³,
1299 3324 1436 3389 domino
1451 3324 1493 3389 de
1517 3323 1651 3388 Oester·

292 3427 376 3491 hout
391 3447 430 3492 ac
448 3427 517 3512 ejus
538 3427 736 3507 conthorali,
750 3426 910 3492 Leodien.
921 3427 1019 3507 dioc,
1032 3426 1074 3493 de
1086 3428 1235 3512 plenaria
1249 3427 1455 3511 indulgentia
1471 3426 1650 3510 dignemini

291 3529 477 3615 providere.
494 3567 536 3577 -
553 3526 629 3593 Fiat
648 3528 687 3593 R.

335 3633 413 3698 Dat.
422 3633 529 3709 ,Avin
544 3653 560 3717 5
577 3631 643 3698 kal.
656 3633 740 3717 junii
756 3642 789 3698 a⁰
806 3642 847 3714 9⁰.
866 3635 942 3719 (20,
964 3636 1029 3718 13⁸⁶)

345 3773 645 3857 1977-1978.
1362 3805 1608 3870 [3511291111.

338 3891 437 3957 Motu
459 3889 594 3978 proprio
618 3890 832 3977 providemus
859 3891 1007 3974 Aymoni
1035 3890 1077 3954 de
1105 3890 1285 3955 Cofolento
1294 3909 1315 3969 ⁴,
1333 3889 1497 3955 canonico
1513 3888 1544 3952 S.
1561 3886 1651 3950 Petri

293 3997 484 4077 Insulensis,
497 3996 684 4061 Tonracen.
701 3993 798 4074 dioc,
809 3994 850 4058 de
861 3996 955 4079 preb.
972 4003 1006 4058 et
1022 3995 1172 4059 cantoria
1182 4015 1263 4078 quas
1280 3994 1312 4057 in
1329 3993 1470 4058 ecclesia
1488 3991 1650 4056 Insolensi

293 4101 411 4166 Petrus
428 4100 590 4165 Kaboche
606 4115 627 4178 ⁵,
644 4098 724 4163 dum
739 4097 879 4176 viveret,
897 4097 1082 4162 obtinebat.
1098 4097 1259 4162 Volumus
1283 4104 1396 4160 autem
1423 4093 1513 4180 quod
1535 4115 1650 4178 quam·

291 4205 435 4290 primum
456 4203 701 4290 possessionem
725 4199 894 4286 prebende
911 4207 946 4264 et
961 4200 1111 4264 cantorie
1135 4199 1359 4284 predictarum
1387 4197 1527 4282 pacifice
1551 4197 1650 4261 suerit

292 4317 472 4388 assecutus
482 4305 699 4392 prebendam,
711 4324 812 4388 quam
823 4303 856 4367 in
867 4301 958 4368 dicta
975 4303 1115 4368 ecclesia
1127 4303 1170 4368 ad
1179 4323 1315 4388 presens
1327 4302 1469 4382 obtinet,
1481 4301 1650 4366 dimittere

290 4423 455 4478 teneatur.
471 4453 514 4460 —
530 4410 607 4475 Fiat
623 4417 719 4474 motu
736 4409 871 4493 proprio
890 4407 929 4472 R.

336 4552 435 4614 1978.
452 4551 552 4635 Supp.
570 4548 796 4632 G(uillelmusl
819 4545 962 4630 Rogerii,
979 4547 1084 4626 mileS,
1095 4554 1185 4631 quat.
1199 4545 1355 4632 [antiquo
1371 4565 1432 4610 suo
1447 4542 1599 4608 servitori
1614 4550 1651 4606 et

321 4785 341 4830 l.
357 4780 455 4829 littorio
468 4781 491 4828 le
505 4783 533 4828 lo
546 4780 684 4828 novembre
697 4779 758 4825 13113
772 4775 814 4838 (de
827 4775 951 4835 Clrostrct,
965 4793 990 4839 p.
1003 4778 1055 4836 35).
1065 4805 1097 4811 -
1108 4780 1131 4825 2.
1143 4777 1245 4824 (lendre
1256 4776 1288 4823 de
1300 4773 1414 4832 Rcrraud,
1427 4776 1512 4821 conrte
1523 4771 1555 4818 de
1571 4771 1650 4818 Guel-

285 4859 338 4915 ‹lre,
358 4856 408 4904 cito
429 4871 460 4902 cn
483 4855 544 4902 1339
567 4853 691 4917 (ivonem,
709 4851 765 4898 (lul.
783 4847 847 4912 dipl.
869 4850 999 4903 Lunensis,
1017 4865 1041 4912 p.
1061 4851 1128 4910 283),
1146 4851 1169 4899 lc
1187 4853 1218 4898 27
1239 4849 1383 4913 septembre
1397 4849 1459 4895 1339
1471 4845 1525 4908 (ib,
1538 4847 1605 4906 ⁸292).
1617 4872 1651 4881 —

286 4933 308 4980 3.
318 4931 380 4976 l'oir
391 4944 416 4979 n.
429 4931 483 4986 625,
504 4929 574 4975 13211.
586 4953 618 4960 -—
630 4928 652 4975 l.
665 4926 727 4971 1ὀίιέ
739 4939 764 4972 n.
783 4925 853 4972 1273.
866 4951 897 4958 -
909 4929 932 4971 5.
950 4924 1012 4971 Voir
1024 4939 1048 4971 n.
1063 4927 1132 4971 111611.
