3650 5675
487 509 576 588 1346,
599 509 639 572 24
660 506 814 574 decembre
835 506 983 582 -1347,
1007 509 1046 574 ler
1061 509 1189 592 janvier.
1463 515 1519 580 291

159 677 233 722 mus
248 655 397 735 Johanni
413 657 515 744 Regis
530 669 549 740 ¹,
564 661 640 725 bac.
656 658 690 723 in
705 659 781 742 leg.,
802 657 1019 726 Lemovicen.
1044 659 1130 726 dioc.
1146 683 1197 742 ;...
1216 683 1285 727 non
1308 665 1394 729 obst.
1410 664 1521 750 provi-

159 761 308 827 sionibus
318 783 379 848 per
392 783 456 828 nos
471 763 554 829 alias
568 763 630 828 sibi
645 762 742 828 factis
757 761 800 828 de
815 763 969 848 parroch.
982 765 1063 828 eccl.
1076 764 1119 830 de
1129 763 1330 833 Guialhiaco
1342 768 1427 833 etde
1438 767 1520 833 Cor-

159 885 289 931 nusone
304 867 467 933 canonice
481 867 593 948 unitis,
608 866 696 933 dioc.
714 866 916 948 Ruthenen,
933 875 968 933 et
983 867 1025 934 de
1040 869 1192 954 parroch.
1209 871 1291 935 eccl.
1303 869 1345 934 de
1355 869 1519 936 Walvrin-

159 967 258 1053 ghen,
274 969 362 1036 dioc.
379 969 547 1036 Morinen.
568 1009 601 1020 -
623 970 700 1037 Fiat
715 978 812 1037 motu
827 971 964 1057 proprio
981 971 1020 1037 R.

203 1073 281 1139 Dat.
295 1074 398 1140 Avin.
416 1095 454 1160 14
469 1074 535 1141 kal.
547 1076 676 1160 januar.
700 1082 733 1140 a⁰
757 1082 798 1160 5⁰.
816 1075 887 1160 (12,
908 1076 1011 1161 158').

211 1213 341 1295 1118.
1124 1225 1219 1311 1346,
1237 1248 1276 1311 24
1295 1230 1473 1294 decembre.

202 1331 304 1418 Supp.
329 1331 477 1410 Jacobus
503 1329 646 1413 Storem,
670 1332 747 1398 cler.
774 1332 965 1398 Tomacen.
992 1329 1089 1411 dioc,
1114 1330 1167 1396 lic.
1195 1331 1229 1394 in
1246 1339 1307 1396 art.
1329 1340 1364 1396 et
1387 1332 1421 1396 in
1443 1333 1517 1417 leg,

159 1445 250 1520 quat.
265 1456 355 1522 spec.
370 1456 418 1521 gr.
434 1434 596 1501 facientes
611 1435 731 1517 eidem,
747 1435 790 1502 de
806 1456 881 1502 can.
897 1443 933 1501 et
947 1436 1039 1522 preb.
1056 1435 1137 1501 eccl.
1165 1431 1203 1500 B.
1221 1431 1270 1499 M.
1286 1435 1328 1500 de
1345 1435 1517 1516 Curtra00,

160 1537 346 1605 Tomacen.
369 1539 467 1622 dioc„
484 1560 558 1606 vac.
574 1561 634 1626 per
649 1544 703 1607 ob.
720 1539 890 1626 quondam
906 1539 1071 1617 Johannis
1097 1539 1269 1621 Ellebode,
1286 1541 1341 1624 qui
1357 1546 1436 1605 ante
1451 1537 1519 1606 kal.

161 1645 307 1709 octobris
321 1645 474 1729 proxime
488 1644 640 1730 preteriti
652 1653 748 1710 extra
762 1643 860 1709 Rom.
873 1663 941 1708 cur.
954 1643 1108 1720 decessit,
1120 1642 1164 1707 ad
1175 1640 1430 1728 dispositionem
1446 1662 1518 1706 ves-

159 1753 247 1812 tram
263 1754 378 1833 spect,
393 1768 455 1833 pro
479 1769 521 1814 eo
541 1748 631 1832 quod
647 1748 678 1813 S.
689 1746 730 1814 V.
750 1751 826 1812 ben.
842 1747 936 1827 eccl,
950 1767 1014 1830 que
1029 1745 1139 1812 dictus
1154 1745 1325 1830 quondam
1346 1745 1366 1824 J
1370 1745 1520 1812 ohannes

161 1849 240 1915 dum
254 1851 385 1916 viveret
400 1852 586 1933 obtinebat,
601 1850 778 1917 donationi
795 1857 904 1936 apost.
920 1850 1113 1930 reservavit,
1129 1848 1311 1935 dignemini
1323 1849 1518 1936 providere;

159 1973 226 2018 non
243 1957 329 2020 obst.
345 1954 436 2038 quod
450 1954 521 2039 ipse
537 1953 556 2032 J
560 1957 686 2021 acobus
702 1975 778 2020 can.
794 1956 854 2020 sub
875 1974 951 2038 exp.
968 1957 1060 2039 preb.
1085 1954 1119 2017 in
1134 1955 1216 2019 eccl.
1233 1953 1420 2019 Tornacen.
1444 1973 1519 2019 nos·

160 2058 245 2123 citur
260 2059 413 2123 obtinere
428 2081 436 2139 ;
454 2079 512 2124 seu
528 2057 619 2144 quod
635 2059 736 2144 aliqui
753 2078 853 2143 super
868 2057 967 2123 dictis
982 2077 1057 2123 can.
1085 2066 1120 2122 et
1143 2059 1247 2143 preb,
1263 2077 1347 2142 quos
1373 2057 1520 2143 ipsorum

161 2161 301 2246 quilibet
329 2162 372 2228 ad
398 2182 434 2227 se
460 2171 612 2247 spectare
635 2162 816 2248 pretendit,
844 2181 1047 2246 quamquam
1070 2163 1200 2227 nullum
1222 2161 1277 2247 jus
1306 2160 1456 2226 habeant
1487 2160 1520 2224 in

161 2265 297 2347 eisdem,
313 2265 526 2352 litigaverint,
544 2274 588 2347 et,
604 2273 642 2331 ut
657 2265 769 2348 fertur,
785 2265 919 2349 litigent
944 2265 976 2328 in
1002 2265 1160 2351 presenti.
1177 2262 1320 2345 -Fiat,
1345 2263 1455 2330 sinon
1479 2263 1522 2328 sit

162 2370 256 2434 alteri
273 2370 307 2435 in
322 2391 358 2435 re
373 2371 425 2452 jus
439 2371 617 2455 quesitum.
634 2369 675 2436 R.

206 2473 286 2540 Dat.
301 2476 402 2540 Avin.
420 2495 438 2555 9
454 2474 522 2541 kal.
535 2475 667 2560 januar.
682 2482 715 2540 a⁰
733 2482 774 2558 5⁰.
791 2475 863 2559 (12,
883 2473 970 2556 171).

214 2611 345 2695 1119.
1130 2641 1149 2684 r
1149 2618 1226 2704 346,
1243 2639 1284 2704 ²7
1301 2619 1479 2684 decembre.

206 2729 307 2815 Supp.
324 2729 498 2808 Johannes
514 2727 693 2814 Radulphi,
721 2729 798 2793 cler.
825 2724 1043 2790 Lemovicen.
1068 2722 1165 2804 dioc,
1193 2732 1286 2808 quat.
1309 2723 1352 2788 de
1368 2722 1522 2808 parroch.

161 2834 243 2899 eccl.
259 2833 302 2899 de
317 2831 591 2917 Walvrimghem,
609 2830 777 2898 Morinen.
793 2829 891 2911 dioc,
907 2848 980 2894 vac.
996 2848 1056 2913 per
1079 2833 1225 2892 mortem
1251 2825 1360 2892 ultimi
1385 2825 1522 2891 rectoris

161 2936 252 3003 dicte
267 2939 360 3019 eccl,
377 2957 443 3021 que
458 2944 537 3001 ante
552 2937 624 3021 ejus
638 2944 783 3001 mortem
799 2935 909 2999 fuerat
925 2931 1097 2998 collationi
1114 2930 1201 2997 sedis
1217 2938 1326 3016 apost.
1342 2938 1522 3011 reservata,

160 3040 343 3125 dignemini
359 3039 557 3125 providere;
574 3060 643 3105 non
659 3041 745 3104 obst.
767 3036 857 3122 quod
879 3056 940 3122 per
956 3035 987 3101 S.
1004 3033 1044 3101 V.
1060 3034 1103 3101 de
1118 3035 1237 3100 eadem
1253 3035 1336 3101 eccl.
1352 3034 1522 3121 provisum

160 3144 311 3209 extiterit
324 3164 413 3228 mag.
429 3127 579 3221 Johanni
596 3141 697 3227 Regis
712 3153 732 3224 ²,
749 3163 850 3227 quam
875 3161 945 3206 non
969 3139 1162 3225 acceptavit
1186 3159 1249 3205 nec
1276 3139 1379 3205 etiam
1404 3158 1521 3225 accep-

158 3256 232 3313 tare
248 3256 344 3313 curat
359 3270 367 3328 ;
385 3268 462 3313 cum
477 3247 588 3312 eidem
603 3246 635 3312 S.
645 3245 685 3311 V.
697 3246 740 3313 de
752 3244 980 3331 aliaparroch.
997 3244 1079 3309 eccl.
1091 3244 1267 3328 proviserit
1281 3265 1321 3307 ex
1334 3252 1411 3329 post
1421 3242 1520 3324 sact0,

160 3360 196 3416 et
207 3352 272 3435 juri
288 3351 379 3435 quod
393 3352 497 3416 habet
511 3350 545 3414 in
561 3350 680 3415 eadem
695 3350 814 3415 cedere
829 3355 995 3413 teneatur.
1010 3386 1054 3396 —
1071 3345 1148 3411 Fiat
1165 3344 1205 3412 R.

204 3455 284 3521 Dat.
299 3455 401 3520 Avin.
419 3459 437 3519 6
452 3454 520 3520 kal.
533 3454 661 3539 januar.
677 3461 711 3519 a⁰
728 3461 766 3539 5⁰.
784 3454 856 3535 (12,
876 3450 961 3535 169).

212 3594 349 3677 1120.
1166 3623 1227 3687 134
1232 3622 1261 3685 7,
1279 3611 1322 3667 r*
1329 3600 1472 3683 janvier.

201 3712 258 3777 ὃ111ιέ
280 3718 387 3798 pater.
413 3710 547 3775 Pridem
569 3708 737 3796 provideri
764 3710 948 3775 mandastis
964 3708 1126 3775 Durando
1142 3707 1281 3772 Cornuti
1297 3714 1317 3786 ³,
1335 3704 1517 3771 camerario

158 3815 249 3882 dom.
268 3813 478 3902 [Guidonis],
494 3813 584 3880 card.
599 3812 820 3896 Boloniensis,
836 3812 878 3879 de
894 3834 970 3879 can.
986 3822 1021 3878 et
1033 3816 1124 3898 preb.
1141 3831 1224 3895 quos
1240 3809 1398 3895 Spinotus
1414 3808 1517 3873 Rota-

157 3918 197 3983 rii
213 3919 248 3983 in
263 3920 346 3985 eccl.
361 3918 523 3986 Leodien.
551 3919 706 4001 obtinuit,
721 3927 805 3984 tunc
829 3925 926 3984 extra
943 3918 1041 3984 Rom.
1067 3937 1134 3983 cur.
1158 3935 1232 3980 vac.
1248 3925 1269 3996 ⁴,
1286 3934 1348 4000 pro
1363 3934 1404 3979 eo
1427 3913 1518 3997 quod
1561 3940 1563 3946 ’

160 4022 249 4089 idem
265 4022 423 4108 Spinotus
437 4021 480 4089 ad
495 4031 577 4089 vota
590 4023 722 4088 laicalia
747 4022 912 4104 transivit,
929 4023 954 4087 si
981 4031 1096 4087 tamen
1120 4027 1274 4105 tempore
1296 4018 1376 4083 date
1392 4018 1518 4082 littera-

159 4146 234 4191 rum
259 4134 446 4192 vestrarum
470 4148 539 4193 non
566 4136 656 4193 esset
679 4126 713 4192 in
741 4127 788 4192 eis
800 4128 853 4212 jus
877 4126 1067 4212 specialiter
1091 4122 1302 4208 acquisitum,
1327 4122 1425 4189 certis
1456 4120 1517 4187 sibi

160 4250 259 4317 super
273 4230 341 4296 hoc
355 4231 589 4297 executoribus
603 4229 784 4317 deputatis,
799 4238 900 4316 prout
916 4230 949 4294 in
974 4229 1094 4295 litteris
1108 4225 1228 4293 vestris
1244 4247 1342 4312 super
1358 4227 1423 4291 hoc
1439 4245 1518 4291 con·

160 4333 257 4401 fectis
286 4336 419 4421 plenius
448 4337 665 4419 continetur;
696 4356 849 4420 cumque,
880 4335 978 4399 factis
1007 4331 1217 4419 processibus
1246 4329 1377 4410 debitis,
1408 4328 1519 4393 eidem

160 4438 323 4506 Druando
351 4459 412 4525 per
442 4440 612 4524 quendam
643 4460 685 4504 ex
710 4439 810 4504 dictis
836 4437 1070 4503 executoribus
1093 4434 1264 4521 provisum
1291 4432 1456 4498 extitisset
1477 4431 1520 4496 de

160 4544 298 4625 eisdem,
314 4552 349 4609 et
364 4544 435 4629 ejus
452 4542 653 4609 auctoritate
669 4541 758 4609 idem
774 4541 955 4607 Durandus
969 4541 1004 4607 in
1020 4542 1168 4627 ipsorum
1184 4558 1257 4604 can.
1273 4546 1308 4603 et
1323 4540 1415 4623 preb.
1432 4544 1521 4601 esset

161 4647 409 4735 possessionem
425 4647 590 4729 inductus,
607 4646 773 4713 Gerardus
787 4646 830 4713 de
846 4644 970 4728 Ghore,
987 4646 1044 4730 qui
1059 4644 1240 4710 dicebatse
1255 4644 1333 4707 cler.
1346 4639 1522 4705 Colonien.

163 4753 261 4833 dioc,
278 4772 429 4818 asserens
449 4751 511 4817 sibi
526 4752 569 4819 de
584 4751 711 4818 eisdem
738 4761 826 4818 auct.
839 4750 1006 4818 ordinaria
1020 4750 1203 4837 provisum,
1220 4745 1392 4813 adsedem
1415 4751 1524 4829 apost.

199 4966 221 5015 1.
233 4964 297 5014 Voir
308 4979 334 5015 n.
346 4966 402 5016 938.
413 4992 446 5002 -
457 4968 480 5015 2.
491 4964 555 5015 Voir
566 4979 592 5017 n.
605 4966 676 5015 llll.
687 4993 719 5002 -
728 4966 751 5015 3.
762 4964 826 5014 Voir
836 4980 861 5014 n.
874 4966 928 5025 605,
942 4965 997 5014 913.
1009 4991 1041 4999 —
1053 4965 1075 5013 4.
1086 4962 1149 5011 Voir
1160 4975 1186 5011 n.
1198 4962 1254 5012 913.
