<?xml version="1.0" encoding="UTF-8"?>
<!DOCTYPE html PUBLIC "-//W3C//DTD XHTML 1.0 Transitional//EN"
    "http://www.w3.org/TR/xhtml1/DTD/xhtml1-transitional.dtd">
<html xmlns="http://www.w3.org/1999/xhtml" xml:lang="en" lang="en">
 <head>
  <title>
</title>
<meta http-equiv="Content-Type" content="text/html;charset=utf-8" />
  <meta name='ocr-system' content='tesseract 3.04.00' />
  <meta name='ocr-capabilities' content='ocr_page ocr_carea ocr_par ocr_line ocrx_word'/>
</head>
<body>
  <div class='ocr_page' id='page_1' title='image "./suppliquesdeclm00berlgoog_0385.png"; bbox 0 0 3650 5675; ppageno 0'>
   <div class='ocr_carea' id='block_1_1' title="bbox 277 519 1130 595">
    <p class='ocr_par' dir='ltr' id='par_1_1' title="bbox 277 519 1130 595">
     <span class='ocr_line' id='line_1_1' title="bbox 277 519 1130 595; baseline -0.009 -4"><span class='ocrx_word' id='word_1_1' title='bbox 277 526 344 591; x_wconf 78' lang='lat'>340·</span> <span class='ocrx_word' id='word_1_2' title='bbox 783 521 869 595; x_wconf 82' lang='lat'>1847,</span> <span class='ocrx_word' id='word_1_3' title='bbox 893 520 980 586; x_wconf 84' lang='lat'>12-18</span> <span class='ocrx_word' id='word_1_4' title='bbox 1003 519 1130 586; x_wconf 83' lang='lat' dir='ltr'>octobre.</span> 
     </span>
    </p>
   </div>
   <div class='ocr_carea' id='block_1_2' title="bbox 278 668 1638 983">
    <p class='ocr_par' dir='ltr' id='par_1_2' title="bbox 278 668 1638 983">
     <span class='ocr_line' id='line_1_2' title="bbox 280 668 1638 757; baseline -0.002 -16"><span class='ocrx_word' id='word_1_5' title='bbox 280 672 460 755; x_wconf 84' lang='lat' dir='ltr'>Flandria¹,</span> <span class='ocrx_word' id='word_1_6' title='bbox 470 671 573 757; x_wconf 92' lang='lat' dir='ltr'>ipsius</span> <span class='ocrx_word' id='word_1_7' title='bbox 584 668 754 735; x_wconf 88' lang='lat' dir='ltr'>Guillelmi</span> <span class='ocrx_word' id='word_1_8' title='bbox 765 669 880 737; x_wconf 40' lang='lat' dir='ltr'>*fratris</span> <span class='ocrx_word' id='word_1_9' title='bbox 894 671 1044 755; x_wconf 86' lang='lat' dir='ltr'>germani</span> <span class='ocrx_word' id='word_1_10' title='bbox 1055 691 1162 757; x_wconf 87' lang='lat' dir='ltr'>nuper</span> <span class='ocrx_word' id='word_1_11' title='bbox 1176 671 1209 736; x_wconf 90' lang='lat' dir='ltr'>in</span> <span class='ocrx_word' id='word_1_12' title='bbox 1226 671 1316 738; x_wconf 90' lang='lat' dir='ltr'>curia</span> <span class='ocrx_word' id='word_1_13' title='bbox 1330 671 1638 755; x_wconf 69' lang='lat' dir='ltr'>decedentisvac...</span> 
     </span>
     <span class='ocr_line' id='line_1_3' title="bbox 278 773 875 862; baseline -0.007 -18"><span class='ocrx_word' id='word_1_14' title='bbox 278 775 461 862; x_wconf 86' lang='lat' dir='ltr'>dignemini</span> <span class='ocrx_word' id='word_1_15' title='bbox 475 773 662 862; x_wconf 84' lang='lat' dir='ltr'>providere.</span> <span class='ocrx_word' id='word_1_16' title='bbox 680 813 724 824; x_wconf 86' lang='lat'><em>-</em></span> <span class='ocrx_word' id='word_1_17' title='bbox 740 773 818 839; x_wconf 86' lang='lat' dir='ltr'>Fiat</span> <span class='ocrx_word' id='word_1_18' title='bbox 834 773 875 840; x_wconf 91' lang='lat' dir='ltr'>R.</span> 
     </span>
     <span class='ocr_line' id='line_1_4' title="bbox 323 878 1231 983; baseline -0.006 -38"><span class='ocrx_word' id='word_1_19' title='bbox 323 881 401 947; x_wconf 91' lang='lat' dir='ltr'>Dat.</span> <span class='ocrx_word' id='word_1_20' title='bbox 417 879 516 983; x_wconf 77' lang='lat' dir='ltr'>Avin.</span> <span class='ocrx_word' id='word_1_21' title='bbox 531 881 549 944; x_wconf 91' lang='lat'><em>8</em></span> <span class='ocrx_word' id='word_1_22' title='bbox 566 878 610 944; x_wconf 93' lang='lat' dir='ltr'>id.</span> <span class='ocrx_word' id='word_1_23' title='bbox 626 884 694 943; x_wconf 93' lang='lat' dir='ltr'>oct.</span> <span class='ocrx_word' id='word_1_24' title='bbox 711 884 745 942; x_wconf 92' lang='lat' dir='ltr'>a⁰</span> <span class='ocrx_word' id='word_1_25' title='bbox 762 881 804 945; x_wconf 90' lang='lat'>6⁰.</span> <span class='ocrx_word' id='word_1_26' title='bbox 821 880 893 963; x_wconf 84' lang='lat'>(14,</span> <span class='ocrx_word' id='word_1_27' title='bbox 915 881 1001 966; x_wconf 89' lang='lat'>141).</span> <span class='ocrx_word' id='word_1_28' title='bbox 1118 937 1121 942; x_wconf 91' lang='grc'><em>,</em></span> <span class='ocrx_word' id='word_1_29' title='bbox 1227 931 1231 940; x_wconf 87' lang='grc'><strong>,</strong></span> 
     </span>
    </p>
   </div>
   <div class='ocr_carea' id='block_1_3' title="bbox 334 997 1593 1115">
    <p class='ocr_par' dir='ltr' id='par_1_3' title="bbox 334 997 1593 1115">
     <span class='ocr_line' id='line_1_5' title="bbox 334 997 1593 1115; baseline -0.003 -16"><span class='ocrx_word' id='word_1_30' title='bbox 334 1016 474 1100; x_wconf 88' lang='grc'>1285.</span> <span class='ocrx_word' id='word_1_31' title='bbox 1285 1050 1381 1115; x_wconf 80' lang='lat'><em>1347,</em></span> <span class='ocrx_word' id='word_1_32' title='bbox 1399 1051 1439 1096; x_wconf 84' lang='lat'>12</span> <span class='ocrx_word' id='word_1_33' title='bbox 1456 997 1593 1097; x_wconf 69' lang='lat' dir='ltr'>octobre.</span> 
     </span>
    </p>
   </div>
   <div class='ocr_carea' id='block_1_4' title="bbox 216 1133 1717 2262">
    <p class='ocr_par' dir='ltr' id='par_1_4' title="bbox 216 1133 1717 2158">
     <span class='ocr_line' id='line_1_6' title="bbox 323 1133 1638 1223; baseline -0.005 -21"><span class='ocrx_word' id='word_1_34' title='bbox 323 1137 446 1223; x_wconf 92' lang='lat' dir='ltr'>Supp...</span> <span class='ocrx_word' id='word_1_35' title='bbox 463 1134 584 1214; x_wconf 89' lang='lat' dir='ltr'>Guid0,</span> <span class='ocrx_word' id='word_1_36' title='bbox 594 1134 647 1200; x_wconf 91' lang='lat' dir='ltr'>tit.</span> <span class='ocrx_word' id='word_1_37' title='bbox 662 1134 695 1200; x_wconf 92' lang='lat' dir='ltr'>S.</span> <span class='ocrx_word' id='word_1_38' title='bbox 707 1133 832 1201; x_wconf 89' lang='lat' dir='ltr'>Cecilie</span> <span class='ocrx_word' id='word_1_39' title='bbox 847 1137 956 1220; x_wconf 89' lang='lat' dir='ltr'>presb.</span> <span class='ocrx_word' id='word_1_40' title='bbox 969 1135 1066 1214; x_wconf 78' lang='lat' dir='ltr'>card,</span> <span class='ocrx_word' id='word_1_41' title='bbox 1078 1142 1170 1220; x_wconf 88' lang='lat' dir='ltr'>quat.</span> <span class='ocrx_word' id='word_1_42' title='bbox 1186 1136 1365 1220; x_wconf 90' lang='lat' dir='ltr'>capellano</span> <span class='ocrx_word' id='word_1_43' title='bbox 1381 1141 1416 1199; x_wconf 91' lang='lat' dir='ltr'>et</span> <span class='ocrx_word' id='word_1_44' title='bbox 1430 1133 1638 1221; x_wconf 81' lang='lat' dir='ltr'><strong>procuratori</strong></span> 
     </span>
     <span class='ocr_line' id='line_1_7' title="bbox 280 1237 1717 1326; baseline -0.003 -18"><span class='ocrx_word' id='word_1_45' title='bbox 280 1261 341 1308; x_wconf 89' lang='lat' dir='ltr'>suo</span> <span class='ocrx_word' id='word_1_46' title='bbox 354 1238 498 1306; x_wconf 85' lang='lat' dir='ltr'>Matheo</span> <span class='ocrx_word' id='word_1_47' title='bbox 509 1238 552 1304; x_wconf 90' lang='lat' dir='ltr'>de</span> <span class='ocrx_word' id='word_1_48' title='bbox 565 1238 593 1303; x_wconf 90' lang='lat' dir='ltr'>F</span> <span class='ocrx_word' id='word_1_49' title='bbox 594 1238 736 1304; x_wconf 87' lang='lat' dir='ltr'>eukeriis</span> <span class='ocrx_word' id='word_1_50' title='bbox 747 1250 768 1320; x_wconf 82' lang='lat'>²,</span> <span class='ocrx_word' id='word_1_51' title='bbox 780 1260 923 1326; x_wconf 86' lang='lat' dir='ltr'><strong>persone</strong></span> <span class='ocrx_word' id='word_1_52' title='bbox 937 1248 1135 1326; x_wconf 90' lang='lat' dir='ltr'>personatus</span> <span class='ocrx_word' id='word_1_53' title='bbox 1144 1239 1186 1305; x_wconf 90' lang='lat' dir='ltr'>de</span> <span class='ocrx_word' id='word_1_54' title='bbox 1197 1239 1347 1320; x_wconf 89' lang='lat' dir='ltr'>Flechin,</span> <span class='ocrx_word' id='word_1_55' title='bbox 1362 1237 1528 1304; x_wconf 87' lang='lat' dir='ltr'>Morinen.</span> <span class='ocrx_word' id='word_1_56' title='bbox 1540 1238 1638 1318; x_wconf 91' lang='lat' dir='ltr'>dioc.,</span> <span class='ocrx_word' id='word_1_57' title='bbox 1715 1267 1717 1270; x_wconf 95' lang='lat'>·</span> 
     </span>
     <span class='ocr_line' id='line_1_8' title="bbox 281 1335 1638 1430; baseline -0.003 -19"><span class='ocrx_word' id='word_1_58' title='bbox 281 1344 324 1411; x_wconf 90' lang='lat' dir='ltr'>de</span> <span class='ocrx_word' id='word_1_59' title='bbox 345 1335 439 1430; x_wconf 92' lang='lat' dir='ltr'>perp.</span> <span class='ocrx_word' id='word_1_60' title='bbox 456 1342 642 1428; x_wconf 82' lang='lat' dir='ltr'>capellania</span> <span class='ocrx_word' id='word_1_61' title='bbox 671 1342 714 1408; x_wconf 92' lang='lat' dir='ltr'>de</span> <span class='ocrx_word' id='word_1_62' title='bbox 745 1336 917 1425; x_wconf 81' lang='lat' dir='ltr'><strong>luchiaco,</strong></span> <span class='ocrx_word' id='word_1_63' title='bbox 944 1343 1160 1409; x_wconf 89' lang='lat' dir='ltr'>Cameracen.</span> <span class='ocrx_word' id='word_1_64' title='bbox 1190 1343 1288 1423; x_wconf 91' lang='lat' dir='ltr'>dioc.,</span> <span class='ocrx_word' id='word_1_65' title='bbox 1310 1343 1403 1428; x_wconf 85' lang='lat' dir='ltr'>cujus</span> <span class='ocrx_word' id='word_1_66' title='bbox 1421 1350 1638 1430; x_wconf 80' lang='lat' dir='ltr'>proventae...</span> 
     </span>
     <span class='ocr_line' id='line_1_9' title="bbox 216 1440 1639 1534; baseline -0.004 -18"><span class='ocrx_word' id='word_1_67' title='bbox 216 1440 219 1445; x_wconf 37' lang='lat'>⁸</span> <span class='ocrx_word' id='word_1_68' title='bbox 283 1465 323 1516; x_wconf 85' lang='lat'>20</span> <span class='ocrx_word' id='word_1_69' title='bbox 338 1448 417 1515; x_wconf 93' lang='lat' dir='ltr'>lib...</span> <span class='ocrx_word' id='word_1_70' title='bbox 433 1446 657 1513; x_wconf 91' lang='lat' dir='ltr'>communiter</span> <span class='ocrx_word' id='word_1_71' title='bbox 678 1441 747 1512; x_wconf 87' lang='lat' dir='ltr'>non</span> <span class='ocrx_word' id='word_1_72' title='bbox 774 1447 951 1528; x_wconf 85' lang='lat' dir='ltr'>excedunt,</span> <span class='ocrx_word' id='word_1_73' title='bbox 968 1468 1042 1513; x_wconf 93' lang='lat' dir='ltr'>vac.</span> <span class='ocrx_word' id='word_1_74' title='bbox 1059 1447 1148 1534; x_wconf 92' lang='lat' dir='ltr'>apud</span> <span class='ocrx_word' id='word_1_75' title='bbox 1164 1447 1278 1512; x_wconf 89' lang='lat' dir='ltr'>sedem</span> <span class='ocrx_word' id='word_1_76' title='bbox 1293 1454 1402 1534; x_wconf 85' lang='lat' dir='ltr'>apost.</span> <span class='ocrx_word' id='word_1_77' title='bbox 1419 1468 1478 1533; x_wconf 92' lang='lat' dir='ltr'>per</span> <span class='ocrx_word' id='word_1_78' title='bbox 1499 1447 1639 1512; x_wconf 86' lang='lat' dir='ltr'>liberam</span> 
     </span>
     <span class='ocr_line' id='line_1_10' title="bbox 280 1549 1640 1638; baseline -0.001 -22"><span class='ocrx_word' id='word_1_79' title='bbox 280 1549 547 1636; x_wconf 87' lang='lat' dir='ltr'>resignacionem</span> <span class='ocrx_word' id='word_1_80' title='bbox 571 1550 661 1615; x_wconf 87' lang='lat' dir='ltr'>Petn&#39;</span> <span class='ocrx_word' id='word_1_81' title='bbox 691 1550 733 1617; x_wconf 91' lang='lat' dir='ltr'>de</span> <span class='ocrx_word' id='word_1_82' title='bbox 757 1550 965 1618; x_wconf 89' lang='lat' dir='ltr'>Collemedio</span> <span class='ocrx_word' id='word_1_83' title='bbox 990 1573 1050 1638; x_wconf 91' lang='lat' dir='ltr'>per</span> <span class='ocrx_word' id='word_1_84' title='bbox 1073 1552 1164 1618; x_wconf 90' lang='lat' dir='ltr'>dom.</span> <span class='ocrx_word' id='word_1_85' title='bbox 1189 1551 1467 1617; x_wconf 90' lang='lat' dir='ltr'>Bartholomeum</span> <span class='ocrx_word' id='word_1_86' title='bbox 1493 1551 1535 1617; x_wconf 90' lang='lat' dir='ltr'>de</span> <span class='ocrx_word' id='word_1_87' title='bbox 1558 1549 1640 1615; x_wconf 92' lang='lat' dir='ltr'>Bos-</span> 
     </span>
     <span class='ocr_line' id='line_1_11' title="bbox 281 1653 1641 1741; baseline -0.003 -19"><span class='ocrx_word' id='word_1_88' title='bbox 281 1656 371 1722; x_wconf 88' lang='lat' dir='ltr'>cario</span> <span class='ocrx_word' id='word_1_89' title='bbox 382 1666 403 1738; x_wconf 87' lang='lat'>³,</span> <span class='ocrx_word' id='word_1_90' title='bbox 419 1655 521 1741; x_wconf 91' lang='lat' dir='ltr'>ipsius</span> <span class='ocrx_word' id='word_1_91' title='bbox 535 1656 761 1740; x_wconf 89' lang='lat' dir='ltr'>procuratoris</span> <span class='ocrx_word' id='word_1_92' title='bbox 776 1656 1034 1736; x_wconf 89' lang='lat' dir='ltr'>substitutum,a</span> <span class='ocrx_word' id='word_1_93' title='bbox 1049 1655 1141 1722; x_wconf 87' lang='lat' dir='ltr'>dom:</span> <span class='ocrx_word' id='word_1_94' title='bbox 1153 1654 1308 1721; x_wconf 90' lang='lat' dir='ltr'>Guidone</span> <span class='ocrx_word' id='word_1_95' title='bbox 1325 1655 1366 1722; x_wconf 92' lang='lat' dir='ltr'>de</span> <span class='ocrx_word' id='word_1_96' title='bbox 1382 1653 1590 1721; x_wconf 91' lang='lat' dir='ltr'>Collemedio</span> <span class='ocrx_word' id='word_1_97' title='bbox 1606 1661 1641 1719; x_wconf 90' lang='lat' dir='ltr'>et</span> 
     </span>
     <span class='ocr_line' id='line_1_12' title="bbox 281 1758 1641 1847; baseline -0.002 -22"><span class='ocrx_word' id='word_1_98' title='bbox 281 1759 424 1826; x_wconf 91' lang='lat' dir='ltr'>Girardo</span> <span class='ocrx_word' id='word_1_99' title='bbox 439 1759 481 1825; x_wconf 92' lang='lat' dir='ltr'>de</span> <span class='ocrx_word' id='word_1_100' title='bbox 498 1758 656 1825; x_wconf 91' lang='lat' dir='ltr'>Picalotis</span> <span class='ocrx_word' id='word_1_101' title='bbox 671 1759 714 1824; x_wconf 93' lang='lat' dir='ltr'>de</span> <span class='ocrx_word' id='word_1_102' title='bbox 731 1758 883 1826; x_wconf 91' lang='lat' dir='ltr'>Palliano</span> <span class='ocrx_word' id='word_1_103' title='bbox 907 1761 951 1826; x_wconf 92' lang='lat' dir='ltr'>ad</span> <span class='ocrx_word' id='word_1_104' title='bbox 973 1761 1039 1826; x_wconf 93' lang='lat' dir='ltr'>boc</span> <span class='ocrx_word' id='word_1_105' title='bbox 1066 1759 1211 1847; x_wconf 91' lang='lat' dir='ltr'>speciale</span> <span class='ocrx_word' id='word_1_106' title='bbox 1226 1759 1423 1825; x_wconf 88' lang='lat' dir='ltr'>mandatum</span> <span class='ocrx_word' id='word_1_107' title='bbox 1439 1759 1641 1824; x_wconf 87' lang='lat' dir='ltr'>habentibus</span> 
     </span>
     <span class='ocr_line' id='line_1_13' title="bbox 283 1861 1641 1949; baseline -0.003 -20"><span class='ocrx_word' id='word_1_108' title='bbox 283 1865 409 1932; x_wconf 84' lang='lat' dir='ltr'>factam</span> <span class='ocrx_word' id='word_1_109' title='bbox 424 1863 458 1928; x_wconf 95' lang='lat' dir='ltr'>in</span> <span class='ocrx_word' id='word_1_110' title='bbox 474 1864 627 1929; x_wconf 91' lang='lat' dir='ltr'>manibus</span> <span class='ocrx_word' id='word_1_111' title='bbox 642 1863 733 1929; x_wconf 94' lang='lat' dir='ltr'>dom.</span> <span class='ocrx_word' id='word_1_112' title='bbox 756 1863 929 1949; x_wconf 84' lang='lat' dir='ltr'>Stephani,</span> <span class='ocrx_word' id='word_1_113' title='bbox 946 1864 1048 1949; x_wconf 87' lang='lat' dir='ltr'>episc.</span> <span class='ocrx_word' id='word_1_114' title='bbox 1065 1863 1096 1928; x_wconf 88' lang='lat' dir='ltr'>S.</span> <span class='ocrx_word' id='word_1_115' title='bbox 1114 1862 1230 1929; x_wconf 92' lang='lat' dir='ltr'>Poncii</span> <span class='ocrx_word' id='word_1_116' title='bbox 1246 1861 1513 1943; x_wconf 90' lang='lat' dir='ltr'>Thomeriarum,</span> <span class='ocrx_word' id='word_1_117' title='bbox 1530 1881 1641 1927; x_wconf 92' lang='lat' dir='ltr'>came-</span> 
     </span>
     <span class='ocr_line' id='line_1_14' title="bbox 282 1967 1640 2054; baseline -0.004 -20"><span class='ocrx_word' id='word_1_118' title='bbox 282 1968 358 2034; x_wconf 88' lang='lat' dir='ltr'>rarii</span> <span class='ocrx_word' id='word_1_119' title='bbox 373 1969 517 2048; x_wconf 72' lang='lat' dir='ltr'>vestri...</span> <span class='ocrx_word' id='word_1_120' title='bbox 533 1967 717 2053; x_wconf 81' lang='lat' dir='ltr'>dignemini</span> <span class='ocrx_word' id='word_1_121' title='bbox 732 1968 940 2054; x_wconf 90' lang='lat' dir='ltr'>providere...</span> <span class='ocrx_word' id='word_1_122' title='bbox 954 1991 962 2047; x_wconf 92' lang='lat'>;</span> <span class='ocrx_word' id='word_1_123' title='bbox 980 1988 1047 2034; x_wconf 91' lang='lat' dir='ltr'>non</span> <span class='ocrx_word' id='word_1_124' title='bbox 1064 1970 1150 2034; x_wconf 87' lang='lat' dir='ltr'>obst.</span> <span class='ocrx_word' id='word_1_125' title='bbox 1167 1967 1258 2053; x_wconf 91' lang='lat' dir='ltr'>quod</span> <span class='ocrx_word' id='word_1_126' title='bbox 1283 1967 1411 2034; x_wconf 87' lang='lat' dir='ltr'>dictu&#39;m</span> <span class='ocrx_word' id='word_1_127' title='bbox 1426 1973 1640 2052; x_wconf 90' lang='lat' dir='ltr'>personatum</span> 
     </span>
     <span class='ocr_line' id='line_1_15' title="bbox 284 2069 1559 2158; baseline -0.003 -20"><span class='ocrx_word' id='word_1_128' title='bbox 284 2092 324 2138; x_wconf 93' lang='lat' dir='ltr'>ac</span> <span class='ocrx_word' id='word_1_129' title='bbox 340 2071 510 2157; x_wconf 91' lang='lat' dir='ltr'>quandam</span> <span class='ocrx_word' id='word_1_130' title='bbox 526 2071 749 2156; x_wconf 85' lang='lat' dir='ltr'>capellaniam</span> <span class='ocrx_word' id='word_1_131' title='bbox 764 2092 856 2158; x_wconf 91' lang='lat' dir='ltr'>perp.</span> <span class='ocrx_word' id='word_1_132' title='bbox 872 2073 906 2136; x_wconf 93' lang='lat' dir='ltr'>in</span> <span class='ocrx_word' id='word_1_133' title='bbox 924 2069 1091 2137; x_wconf 93' lang='lat' dir='ltr'>Morinen.</span> <span class='ocrx_word' id='word_1_134' title='bbox 1108 2072 1190 2138; x_wconf 87' lang='lat' dir='ltr'>eccl.</span> <span class='ocrx_word' id='word_1_135' title='bbox 1206 2071 1349 2137; x_wconf 90' lang='lat' dir='ltr'>obtinet.</span> <span class='ocrx_word' id='word_1_136' title='bbox 1365 2111 1409 2120; x_wconf 89' lang='lat'><em>-</em></span> <span class='ocrx_word' id='word_1_137' title='bbox 1425 2069 1500 2134; x_wconf 88' lang='lat' dir='ltr'>Fiat</span> <span class='ocrx_word' id='word_1_138' title='bbox 1519 2069 1559 2135; x_wconf 90' lang='lat' dir='ltr'>R.</span> 
     </span>
    </p>

    <p class='ocr_par' dir='ltr' id='par_1_5' title="bbox 327 2173 1019 2262">
     <span class='ocr_line' id='line_1_16' title="bbox 327 2173 1019 2262; baseline 0.001 -22"><span class='ocrx_word' id='word_1_139' title='bbox 327 2176 406 2241; x_wconf 90' lang='lat' dir='ltr'>Dat.</span> <span class='ocrx_word' id='word_1_140' title='bbox 422 2175 522 2240; x_wconf 81' lang='lat' dir='ltr'>Avin.</span> <span class='ocrx_word' id='word_1_141' title='bbox 539 2197 558 2259; x_wconf 88' lang='lat'><strong>4</strong></span> <span class='ocrx_word' id='word_1_142' title='bbox 574 2173 618 2240; x_wconf 92' lang='lat' dir='ltr'>id.</span> <span class='ocrx_word' id='word_1_143' title='bbox 635 2183 702 2242; x_wconf 84' lang='lat' dir='ltr'>oct.</span> <span class='ocrx_word' id='word_1_144' title='bbox 718 2183 750 2241; x_wconf 88' lang='lat' dir='ltr'>a⁰</span> <span class='ocrx_word' id='word_1_145' title='bbox 767 2180 805 2241; x_wconf 90' lang='lat'>6⁰.</span> <span class='ocrx_word' id='word_1_146' title='bbox 824 2177 896 2262; x_wconf 86' lang='lat'>(14,</span> <span class='ocrx_word' id='word_1_147' title='bbox 918 2176 1019 2261; x_wconf 61' lang='lat' dir='ltr'>136l).</span> 
     </span>
    </p>
   </div>
   <div class='ocr_carea' id='block_1_5' title="bbox 284 2310 1643 3551">
    <p class='ocr_par' dir='ltr' id='par_1_6' title="bbox 338 2310 1597 2409">
     <span class='ocr_line' id='line_1_17' title="bbox 338 2310 1597 2409; baseline -0.002 -19"><span class='ocrx_word' id='word_1_148' title='bbox 338 2310 477 2393; x_wconf 81' lang='grc'>1286.</span> <span class='ocrx_word' id='word_1_149' title='bbox 1292 2343 1386 2409; x_wconf 69' lang='lat'>1347,</span> <span class='ocrx_word' id='word_1_150' title='bbox 1405 2346 1443 2409; x_wconf 76' lang='lat'>14</span> <span class='ocrx_word' id='word_1_151' title='bbox 1461 2326 1597 2389; x_wconf 83' lang='lat' dir='ltr'>octobre.</span> 
     </span>
    </p>

    <p class='ocr_par' dir='ltr' id='par_1_7' title="bbox 284 2427 1643 3119">
     <span class='ocr_line' id='line_1_18' title="bbox 328 2427 1641 2516; baseline -0.003 -21"><span class='ocrx_word' id='word_1_152' title='bbox 328 2429 452 2516; x_wconf 90' lang='lat' dir='ltr'>Supp...</span> <span class='ocrx_word' id='word_1_153' title='bbox 469 2428 624 2514; x_wconf 90' lang='lat' dir='ltr'>G(uido),</span> <span class='ocrx_word' id='word_1_154' title='bbox 636 2429 689 2493; x_wconf 91' lang='lat' dir='ltr'>tit.</span> <span class='ocrx_word' id='word_1_155' title='bbox 707 2427 738 2493; x_wconf 90' lang='lat' dir='ltr'>S.</span> <span class='ocrx_word' id='word_1_156' title='bbox 754 2427 880 2494; x_wconf 88' lang='lat' dir='ltr'>Cecilie</span> <span class='ocrx_word' id='word_1_157' title='bbox 895 2431 1004 2516; x_wconf 90' lang='lat' dir='ltr'>presb.</span> <span class='ocrx_word' id='word_1_158' title='bbox 1021 2429 1120 2512; x_wconf 81' lang='lat' dir='ltr'>card,</span> <span class='ocrx_word' id='word_1_159' title='bbox 1136 2437 1229 2515; x_wconf 90' lang='lat' dir='ltr'>quat.</span> <span class='ocrx_word' id='word_1_160' title='bbox 1246 2430 1422 2514; x_wconf 90' lang='lat' dir='ltr'>capellano</span> <span class='ocrx_word' id='word_1_161' title='bbox 1438 2437 1473 2494; x_wconf 91' lang='lat' dir='ltr'>et</span> <span class='ocrx_word' id='word_1_162' title='bbox 1488 2427 1641 2493; x_wconf 86' lang='lat' dir='ltr'>familiari</span> 
     </span>
     <span class='ocr_line' id='line_1_19' title="bbox 286 2532 1642 2619; baseline -0.003 -19"><span class='ocrx_word' id='word_1_163' title='bbox 286 2533 505 2600; x_wconf 90' lang='lat' dir='ltr'>commensali</span> <span class='ocrx_word' id='word_1_164' title='bbox 517 2532 654 2598; x_wconf 90' lang='lat' dir='ltr'>domine</span> <span class='ocrx_word' id='word_1_165' title='bbox 669 2533 785 2597; x_wconf 89' lang='lat' dir='ltr'>matris</span> <span class='ocrx_word' id='word_1_166' title='bbox 800 2553 858 2598; x_wconf 90' lang='lat' dir='ltr'>sue</span> <span class='ocrx_word' id='word_1_167' title='bbox 874 2532 1020 2599; x_wconf 89' lang='lat' dir='ltr'>Guidoni</span> <span class='ocrx_word' id='word_1_168' title='bbox 1034 2532 1213 2614; x_wconf 88' lang='lat' dir='ltr'>Gueroudi,</span> <span class='ocrx_word' id='word_1_169' title='bbox 1229 2533 1414 2619; x_wconf 89' lang='lat' dir='ltr'>presbitero</span> <span class='ocrx_word' id='word_1_170' title='bbox 1429 2533 1471 2598; x_wconf 91' lang='lat' dir='ltr'>de</span> <span class='ocrx_word' id='word_1_171' title='bbox 1488 2532 1642 2613; x_wconf 92' lang='lat' dir='ltr'>Remino,</span> 
     </span>
     <span class='ocr_line' id='line_1_20' title="bbox 286 2634 1643 2721; baseline -0.005 -18"><span class='ocrx_word' id='word_1_172' title='bbox 286 2637 467 2704; x_wconf 90' lang='lat' dir='ltr'>Belvacen.</span> <span class='ocrx_word' id='word_1_173' title='bbox 476 2636 573 2718; x_wconf 92' lang='lat' dir='ltr'>dioc.,</span> <span class='ocrx_word' id='word_1_174' title='bbox 583 2634 626 2701; x_wconf 91' lang='lat' dir='ltr'>de</span> <span class='ocrx_word' id='word_1_175' title='bbox 636 2643 753 2701; x_wconf 83' lang='lat' dir='ltr'>canet</span> <span class='ocrx_word' id='word_1_176' title='bbox 764 2638 856 2721; x_wconf 89' lang='lat' dir='ltr'>preb.</span> <span class='ocrx_word' id='word_1_177' title='bbox 867 2636 901 2700; x_wconf 93' lang='lat' dir='ltr'>in</span> <span class='ocrx_word' id='word_1_178' title='bbox 911 2635 1193 2720; x_wconf 91' lang='lat' dir='ltr'>eccl.S.Dyonisii</span> <span class='ocrx_word' id='word_1_179' title='bbox 1204 2634 1643 2720; x_wconf 88' lang='lat' dir='ltr'>Le0dien.colleg.,vac.per</span> 
     </span>
     <span class='ocr_line' id='line_1_21' title="bbox 284 2737 1639 2825; baseline -0.002 -20"><span class='ocrx_word' id='word_1_180' title='bbox 284 2742 425 2807; x_wconf 87' lang='lat' dir='ltr'>liberam</span> <span class='ocrx_word' id='word_1_181' title='bbox 437 2740 702 2825; x_wconf 87' lang='lat' dir='ltr'>resignacionem</span> <span class='ocrx_word' id='word_1_182' title='bbox 726 2738 828 2824; x_wconf 91' lang='lat' dir='ltr'>ipsius</span> <span class='ocrx_word' id='word_1_183' title='bbox 847 2739 1022 2805; x_wconf 89' lang='lat' dir='ltr'>cardinalis</span> <span class='ocrx_word' id='word_1_184' title='bbox 1038 2739 1072 2804; x_wconf 93' lang='lat' dir='ltr'>in</span> <span class='ocrx_word' id='word_1_185' title='bbox 1087 2739 1241 2805; x_wconf 86' lang='lat' dir='ltr'>manibus</span> <span class='ocrx_word' id='word_1_186' title='bbox 1263 2739 1413 2825; x_wconf 88' lang='lat' dir='ltr'>predicte</span> <span class='ocrx_word' id='word_1_187' title='bbox 1428 2738 1460 2804; x_wconf 93' lang='lat' dir='ltr'>S.</span> <span class='ocrx_word' id='word_1_188' title='bbox 1476 2737 1516 2804; x_wconf 88' lang='lat' dir='ltr'>V.</span> <span class='ocrx_word' id='word_1_189' title='bbox 1539 2758 1639 2823; x_wconf 82' lang='lat' dir='ltr'>nuper</span> 
     </span>
     <span class='ocr_line' id='line_1_22' title="bbox 284 2840 1642 2930; baseline -0.003 -19"><span class='ocrx_word' id='word_1_190' title='bbox 284 2846 419 2926; x_wconf 87' lang='lat' dir='ltr'>factam,</span> <span class='ocrx_word' id='word_1_191' title='bbox 431 2844 614 2930; x_wconf 89' lang='lat' dir='ltr'>dignemini</span> <span class='ocrx_word' id='word_1_192' title='bbox 628 2843 828 2930; x_wconf 87' lang='lat' dir='ltr'>providere;</span> <span class='ocrx_word' id='word_1_193' title='bbox 848 2864 918 2909; x_wconf 95' lang='lat' dir='ltr'>non</span> <span class='ocrx_word' id='word_1_194' title='bbox 941 2846 1027 2909; x_wconf 87' lang='lat' dir='ltr'>obst.</span> <span class='ocrx_word' id='word_1_195' title='bbox 1044 2844 1135 2929; x_wconf 93' lang='lat' dir='ltr'>quod</span> <span class='ocrx_word' id='word_1_196' title='bbox 1156 2845 1308 2930; x_wconf 89' lang='lat' dir='ltr'>parroch.</span> <span class='ocrx_word' id='word_1_197' title='bbox 1330 2845 1411 2909; x_wconf 92' lang='lat' dir='ltr'>eccl.</span> <span class='ocrx_word' id='word_1_198' title='bbox 1428 2842 1470 2908; x_wconf 88' lang='lat' dir='ltr'>de</span> <span class='ocrx_word' id='word_1_199' title='bbox 1494 2840 1642 2923; x_wconf 83' lang='lat' dir='ltr'>Pitienis,</span> 
     </span>
     <span class='ocr_line' id='line_1_23' title="bbox 285 2945 1642 3033; baseline -0.002 -19"><span class='ocrx_word' id='word_1_200' title='bbox 285 2950 494 3016; x_wconf 89' lang='lat' dir='ltr'>Suessionen.</span> <span class='ocrx_word' id='word_1_201' title='bbox 513 2948 611 3029; x_wconf 91' lang='lat' dir='ltr'>dioc.,</span> <span class='ocrx_word' id='word_1_202' title='bbox 622 2955 657 3014; x_wconf 91' lang='lat' dir='ltr'>et</span> <span class='ocrx_word' id='word_1_203' title='bbox 666 2947 827 3013; x_wconf 85' lang='lat' dir='ltr'>vicariam</span> <span class='ocrx_word' id='word_1_204' title='bbox 841 2967 935 3033; x_wconf 93' lang='lat' dir='ltr'>perp.</span> <span class='ocrx_word' id='word_1_205' title='bbox 948 2948 983 3011; x_wconf 92' lang='lat' dir='ltr'>in</span> <span class='ocrx_word' id='word_1_206' title='bbox 995 2957 1105 3013; x_wconf 85' lang='lat' dir='ltr'>castro</span> <span class='ocrx_word' id='word_1_207' title='bbox 1124 2946 1166 3013; x_wconf 90' lang='lat' dir='ltr'>de</span> <span class='ocrx_word' id='word_1_208' title='bbox 1184 2946 1340 3029; x_wconf 90' lang='lat' dir='ltr'>Remino,</span> <span class='ocrx_word' id='word_1_209' title='bbox 1351 2946 1529 3011; x_wconf 92' lang='lat' dir='ltr'>Belvacen.</span> <span class='ocrx_word' id='word_1_210' title='bbox 1545 2945 1642 3025; x_wconf 88' lang='lat' dir='ltr'>dioc.,</span> 
     </span>
     <span class='ocr_line' id='line_1_24' title="bbox 284 3048 821 3119; baseline -0.006 -2"><span class='ocrx_word' id='word_1_211' title='bbox 284 3054 434 3119; x_wconf 90' lang='lat' dir='ltr'>noscitur</span> <span class='ocrx_word' id='word_1_212' title='bbox 450 3052 611 3116; x_wconf 91' lang='lat' dir='ltr'>obtinere.</span> <span class='ocrx_word' id='word_1_213' title='bbox 626 3092 670 3101; x_wconf 86' lang='lat'><em>-</em></span> <span class='ocrx_word' id='word_1_214' title='bbox 686 3049 764 3115; x_wconf 91' lang='lat' dir='ltr'>Fiat</span> <span class='ocrx_word' id='word_1_215' title='bbox 781 3048 821 3115; x_wconf 95' lang='lat' dir='ltr'>R.</span> 
     </span>
    </p>

    <p class='ocr_par' dir='ltr' id='par_1_8' title="bbox 286 3151 1642 3449">
     <span class='ocr_line' id='line_1_25' title="bbox 330 3151 1642 3240; baseline -0.003 -21"><span class='ocrx_word' id='word_1_216' title='bbox 330 3155 418 3220; x_wconf 90' lang='lat' dir='ltr'>Item</span> <span class='ocrx_word' id='word_1_217' title='bbox 433 3172 528 3239; x_wconf 89' lang='lat' dir='ltr'>supp.</span> <span class='ocrx_word' id='word_1_218' title='bbox 545 3162 636 3238; x_wconf 90' lang='lat' dir='ltr'>quat.</span> <span class='ocrx_word' id='word_1_219' title='bbox 660 3154 782 3219; x_wconf 92' lang='lat' dir='ltr'>clerico</span> <span class='ocrx_word' id='word_1_220' title='bbox 798 3174 857 3219; x_wconf 94' lang='lat' dir='ltr'>suo</span> <span class='ocrx_word' id='word_1_221' title='bbox 872 3153 892 3232; x_wconf 95' lang='lat' dir='ltr'>J</span> <span class='ocrx_word' id='word_1_222' title='bbox 895 3154 1020 3221; x_wconf 91' lang='lat' dir='ltr'>ohanni</span> <span class='ocrx_word' id='word_1_223' title='bbox 1037 3152 1214 3240; x_wconf 90' lang='lat' dir='ltr'>Malecape</span> <span class='ocrx_word' id='word_1_224' title='bbox 1229 3154 1272 3219; x_wconf 91' lang='lat' dir='ltr'>de</span> <span class='ocrx_word' id='word_1_225' title='bbox 1289 3152 1444 3233; x_wconf 90' lang='lat' dir='ltr'>Remino,</span> <span class='ocrx_word' id='word_1_226' title='bbox 1462 3151 1642 3217; x_wconf 88' lang='lat' dir='ltr'>Belvacen.</span> 
     </span>
     <span class='ocr_line' id='line_1_26' title="bbox 286 3255 1642 3343; baseline -0.001 -20"><span class='ocrx_word' id='word_1_227' title='bbox 286 3259 383 3340; x_wconf 90' lang='lat' dir='ltr'>dioc.,</span> <span class='ocrx_word' id='word_1_228' title='bbox 398 3258 441 3324; x_wconf 90' lang='lat' dir='ltr'>de</span> <span class='ocrx_word' id='word_1_229' title='bbox 465 3278 540 3323; x_wconf 91' lang='lat' dir='ltr'>can.</span> <span class='ocrx_word' id='word_1_230' title='bbox 555 3266 591 3321; x_wconf 91' lang='lat' dir='ltr'>et</span> <span class='ocrx_word' id='word_1_231' title='bbox 605 3260 698 3343; x_wconf 90' lang='lat' dir='ltr'>preb.</span> <span class='ocrx_word' id='word_1_232' title='bbox 715 3257 747 3321; x_wconf 91' lang='lat' dir='ltr'>in</span> <span class='ocrx_word' id='word_1_233' title='bbox 765 3259 846 3323; x_wconf 91' lang='lat' dir='ltr'>eccl.</span> <span class='ocrx_word' id='word_1_234' title='bbox 863 3257 894 3324; x_wconf 93' lang='lat' dir='ltr'>S.</span> <span class='ocrx_word' id='word_1_235' title='bbox 911 3256 1078 3335; x_wconf 88' lang='lat' dir='ltr'>Johannis</span> <span class='ocrx_word' id='word_1_236' title='bbox 1094 3257 1253 3324; x_wconf 91' lang='lat' dir='ltr'>Leodien.</span> <span class='ocrx_word' id='word_1_237' title='bbox 1277 3259 1406 3341; x_wconf 78' lang='lat' dir='ltr'>colleg,</span> <span class='ocrx_word' id='word_1_238' title='bbox 1425 3276 1497 3323; x_wconf 90' lang='lat' dir='ltr'>vac.</span> <span class='ocrx_word' id='word_1_239' title='bbox 1514 3276 1573 3343; x_wconf 89' lang='lat' dir='ltr'>per</span> <span class='ocrx_word' id='word_1_240' title='bbox 1586 3255 1642 3321; x_wconf 91' lang='lat' dir='ltr'>lib.</span> 
     </span>
     <span class='ocr_line' id='line_1_27' title="bbox 287 3360 1470 3449; baseline 0 -22"><span class='ocrx_word' id='word_1_241' title='bbox 287 3363 552 3448; x_wconf 87' lang='lat' dir='ltr'>resignacionem</span> <span class='ocrx_word' id='word_1_242' title='bbox 568 3361 670 3447; x_wconf 89' lang='lat' dir='ltr'>ipsius</span> <span class='ocrx_word' id='word_1_243' title='bbox 685 3361 872 3443; x_wconf 90' lang='lat' dir='ltr'>cardinalis,</span> <span class='ocrx_word' id='word_1_244' title='bbox 888 3362 1072 3449; x_wconf 84' lang='lat' dir='ltr'>dignemini</span> <span class='ocrx_word' id='word_1_245' title='bbox 1088 3361 1272 3449; x_wconf 90' lang='lat' dir='ltr'>providere.</span> <span class='ocrx_word' id='word_1_246' title='bbox 1282 3402 1325 3411; x_wconf 92' lang='lat'>-</span> <span class='ocrx_word' id='word_1_247' title='bbox 1339 3360 1413 3427; x_wconf 89' lang='lat' dir='ltr'>Fiat</span> <span class='ocrx_word' id='word_1_248' title='bbox 1431 3360 1470 3427; x_wconf 90' lang='lat' dir='ltr'>R.</span> 
     </span>
    </p>

    <p class='ocr_par' dir='ltr' id='par_1_9' title="bbox 332 3466 1023 3551">
     <span class='ocr_line' id='line_1_28' title="bbox 332 3466 1023 3551; baseline -0.001 -18"><span class='ocrx_word' id='word_1_249' title='bbox 332 3467 411 3533; x_wconf 91' lang='lat' dir='ltr'>Dat.</span> <span class='ocrx_word' id='word_1_250' title='bbox 425 3468 527 3533; x_wconf 83' lang='lat' dir='ltr'>Avin.</span> <span class='ocrx_word' id='word_1_251' title='bbox 544 3488 561 3531; x_wconf 90' lang='lat'><em>2</em></span> <span class='ocrx_word' id='word_1_252' title='bbox 578 3466 623 3532; x_wconf 95' lang='lat' dir='ltr'>id.</span> <span class='ocrx_word' id='word_1_253' title='bbox 640 3474 706 3531; x_wconf 92' lang='lat' dir='ltr'>oct.</span> <span class='ocrx_word' id='word_1_254' title='bbox 722 3473 755 3531; x_wconf 89' lang='lat' dir='ltr'>a⁰</span> <span class='ocrx_word' id='word_1_255' title='bbox 772 3471 813 3531; x_wconf 88' lang='lat'>6⁰.</span> <span class='ocrx_word' id='word_1_256' title='bbox 827 3467 900 3551; x_wconf 85' lang='lat'>(14,</span> <span class='ocrx_word' id='word_1_257' title='bbox 921 3467 1023 3551; x_wconf 61' lang='lat' dir='ltr'>150l).</span> 
     </span>
    </p>
   </div>
   <div class='ocr_carea' id='block_1_6' title="bbox 344 3603 1601 3707">
    <p class='ocr_par' dir='ltr' id='par_1_10' title="bbox 344 3603 1601 3707">
     <span class='ocr_line' id='line_1_29' title="bbox 344 3603 1601 3707; baseline -0.002 -25"><span class='ocrx_word' id='word_1_258' title='bbox 344 3603 641 3687; x_wconf 84' lang='lat' dir='ltr'>1287·l288.</span> <span class='ocrx_word' id='word_1_259' title='bbox 1080 3650 1084 3655; x_wconf 90' lang='lat'>·</span> <span class='ocrx_word' id='word_1_260' title='bbox 1295 3633 1389 3703; x_wconf 71' lang='lat'><em>1347,</em></span> <span class='ocrx_word' id='word_1_261' title='bbox 1408 3618 1449 3681; x_wconf 81' lang='lat'>18</span> <span class='ocrx_word' id='word_1_262' title='bbox 1464 3617 1601 3707; x_wconf 75' lang='lat' dir='ltr'>octobre.</span> 
     </span>
    </p>
   </div>
   <div class='ocr_carea' id='block_1_7' title="bbox 288 3716 1646 4433">
    <p class='ocr_par' dir='ltr' id='par_1_11' title="bbox 288 3716 1646 4433">
     <span class='ocr_line' id='line_1_30' title="bbox 331 3716 1645 3808; baseline -0.005 -21"><span class='ocrx_word' id='word_1_263' title='bbox 331 3724 441 3808; x_wconf 90' lang='lat' dir='ltr'>Sign...</span> <span class='ocrx_word' id='word_1_264' title='bbox 458 3722 652 3808; x_wconf 88' lang='lat' dir='ltr'>capellanus</span> <span class='ocrx_word' id='word_1_265' title='bbox 663 3728 775 3787; x_wconf 91' lang='lat' dir='ltr'>vester</span> <span class='ocrx_word' id='word_1_266' title='bbox 792 3719 961 3787; x_wconf 84' lang='lat' dir='ltr'>Henricus</span> <span class='ocrx_word' id='word_1_267' title='bbox 976 3719 1086 3787; x_wconf 92' lang='lat' dir='ltr'>dictus</span> <span class='ocrx_word' id='word_1_268' title='bbox 1096 3720 1220 3803; x_wconf 89' lang='lat' dir='ltr'>Coeke,</span> <span class='ocrx_word' id='word_1_269' title='bbox 1232 3722 1380 3788; x_wconf 91' lang='lat' dir='ltr'>decanus</span> <span class='ocrx_word' id='word_1_270' title='bbox 1390 3720 1471 3786; x_wconf 90' lang='lat' dir='ltr'>eccl.</span> <span class='ocrx_word' id='word_1_271' title='bbox 1482 3720 1514 3785; x_wconf 91' lang='lat' dir='ltr'>S.</span> <span class='ocrx_word' id='word_1_272' title='bbox 1525 3716 1645 3784; x_wconf 88' lang='lat' dir='ltr'>Gudile</span> 
     </span>
     <span class='ocr_line' id='line_1_31' title="bbox 289 3823 1645 3912; baseline -0.006 -19"><span class='ocrx_word' id='word_1_273' title='bbox 289 3826 522 3907; x_wconf 83' lang='lat' dir='ltr'>Bmxellensis,</span> <span class='ocrx_word' id='word_1_274' title='bbox 538 3824 755 3891; x_wconf 88' lang='lat' dir='ltr'>Cameracen.</span> <span class='ocrx_word' id='word_1_275' title='bbox 771 3824 879 3906; x_wconf 85' lang='lat' dir='ltr'>dioc.⁴,</span> <span class='ocrx_word' id='word_1_276' title='bbox 896 3824 987 3911; x_wconf 93' lang='lat' dir='ltr'>quod</span> <span class='ocrx_word' id='word_1_277' title='bbox 1002 3823 1129 3890; x_wconf 90' lang='lat' dir='ltr'>dudum</span> <span class='ocrx_word' id='word_1_278' title='bbox 1147 3826 1218 3912; x_wconf 90' lang='lat' dir='ltr'>ipse</span> <span class='ocrx_word' id='word_1_279' title='bbox 1234 3825 1276 3891; x_wconf 91' lang='lat' dir='ltr'>ad</span> <span class='ocrx_word' id='word_1_280' title='bbox 1292 3824 1419 3891; x_wconf 90' lang='lat' dir='ltr'>dictum</span> <span class='ocrx_word' id='word_1_281' title='bbox 1441 3823 1645 3890; x_wconf 91' lang='lat' dir='ltr'>decanatum</span> 
     </span>
     <span class='ocr_line' id='line_1_32' title="bbox 288 3925 1646 4015; baseline -0.006 -17"><span class='ocrx_word' id='word_1_282' title='bbox 288 3941 371 3998; x_wconf 93' lang='lat' dir='ltr'>tunc</span> <span class='ocrx_word' id='word_1_283' title='bbox 385 3939 565 3997; x_wconf 89' lang='lat' dir='ltr'>vacantem</span> <span class='ocrx_word' id='word_1_284' title='bbox 581 3928 743 3996; x_wconf 89' lang='lat' dir='ltr'>canonice</span> <span class='ocrx_word' id='word_1_285' title='bbox 758 3930 885 3995; x_wconf 90' lang='lat' dir='ltr'>electus</span> <span class='ocrx_word' id='word_1_286' title='bbox 896 3929 931 3993; x_wconf 92' lang='lat' dir='ltr'>in</span> <span class='ocrx_word' id='word_1_287' title='bbox 940 3928 1106 3995; x_wconf 90' lang='lat' dir='ltr'>decanum</span> <span class='ocrx_word' id='word_1_288' title='bbox 1117 3928 1218 4015; x_wconf 91' lang='lat' dir='ltr'>ipsius</span> <span class='ocrx_word' id='word_1_289' title='bbox 1227 3928 1368 3994; x_wconf 91' lang='lat' dir='ltr'>ecclesie</span> <span class='ocrx_word' id='word_1_290' title='bbox 1381 3937 1469 3993; x_wconf 89' lang='lat' dir='ltr'>auct.</span> <span class='ocrx_word' id='word_1_291' title='bbox 1480 3925 1646 3993; x_wconf 90' lang='lat' dir='ltr'>ordinaria</span> 
     </span>
     <span class='ocr_line' id='line_1_33' title="bbox 289 4031 1646 4117; baseline -0.004 -18"><span class='ocrx_word' id='word_1_292' title='bbox 289 4034 461 4100; x_wconf 90' lang='lat' dir='ltr'>institutus</span> <span class='ocrx_word' id='word_1_293' title='bbox 480 4055 539 4100; x_wconf 89' lang='lat' dir='ltr'>seu</span> <span class='ocrx_word' id='word_1_294' title='bbox 562 4034 779 4101; x_wconf 88' lang='lat' dir='ltr'>confirmatus</span> <span class='ocrx_word' id='word_1_295' title='bbox 805 4033 936 4101; x_wconf 87' lang='lat' dir='ltr'>fuerit...</span> <span class='ocrx_word' id='word_1_296' title='bbox 953 4032 1039 4098; x_wconf 92' lang='lat' dir='ltr'>Cum</span> <span class='ocrx_word' id='word_1_297' title='bbox 1067 4041 1180 4099; x_wconf 90' lang='lat' dir='ltr'>autem</span> <span class='ocrx_word' id='word_1_298' title='bbox 1204 4034 1324 4105; x_wconf 87' lang='lat' dir='ltr'>timeat</span> <span class='ocrx_word' id='word_1_299' title='bbox 1349 4032 1440 4117; x_wconf 93' lang='lat' dir='ltr'>quod</span> <span class='ocrx_word' id='word_1_300' title='bbox 1462 4031 1646 4097; x_wconf 89' lang='lat' dir='ltr'>decanatus</span> 
     </span>
     <span class='ocr_line' id='line_1_34' title="bbox 289 4136 1644 4225; baseline -0.003 -24"><span class='ocrx_word' id='word_1_301' title='bbox 289 4138 360 4225; x_wconf 92' lang='lat' dir='ltr'>ipse</span> <span class='ocrx_word' id='word_1_302' title='bbox 375 4136 474 4203; x_wconf 85' lang='lat' dir='ltr'>fuerit</span> <span class='ocrx_word' id='word_1_303' title='bbox 500 4146 652 4223; x_wconf 90' lang='lat' dir='ltr'>tempore</span> <span class='ocrx_word' id='word_1_304' title='bbox 677 4137 852 4203; x_wconf 90' lang='lat' dir='ltr'>electionis</span> <span class='ocrx_word' id='word_1_305' title='bbox 867 4146 902 4203; x_wconf 92' lang='lat' dir='ltr'>et</span> <span class='ocrx_word' id='word_1_306' title='bbox 918 4136 1169 4204; x_wconf 90' lang='lat' dir='ltr'>institutionis...</span> <span class='ocrx_word' id='word_1_307' title='bbox 1186 4145 1415 4219; x_wconf 67' lang='lat' dir='ltr'>reservatus...</span> <span class='ocrx_word' id='word_1_308' title='bbox 1432 4154 1526 4221; x_wconf 88' lang='lat' dir='ltr'>supp.</span> <span class='ocrx_word' id='word_1_309' title='bbox 1551 4140 1644 4217; x_wconf 86' lang='lat' dir='ltr'>quat.</span> 
     </span>
     <span class='ocr_line' id='line_1_35' title="bbox 289 4237 1645 4328; baseline -0.004 -23"><span class='ocrx_word' id='word_1_310' title='bbox 289 4241 491 4315; x_wconf 82' lang='lat' dir='ltr'>electionem</span> <span class='ocrx_word' id='word_1_311' title='bbox 506 4248 542 4307; x_wconf 88' lang='lat' dir='ltr'>et</span> <span class='ocrx_word' id='word_1_312' title='bbox 556 4240 1135 4326; x_wconf 41' lang='lat' dir='ltr'>institutionem...dignemini,motu</span> <span class='ocrx_word' id='word_1_313' title='bbox 1144 4241 1280 4328; x_wconf 91' lang='lat' dir='ltr'>proprio</span> <span class='ocrx_word' id='word_1_314' title='bbox 1289 4240 1469 4307; x_wconf 90' lang='lat' dir='ltr'>decernere</span> <span class='ocrx_word' id='word_1_315' title='bbox 1480 4259 1520 4313; x_wconf 86' lang='lat' dir='ltr'>ac</span> <span class='ocrx_word' id='word_1_316' title='bbox 1535 4237 1645 4303; x_wconf 90' lang='lat' dir='ltr'>decla·</span> 
     </span>
     <span class='ocr_line' id='line_1_36' title="bbox 289 4344 1118 4433; baseline 0.001 -23"><span class='ocrx_word' id='word_1_317' title='bbox 289 4366 362 4411; x_wconf 90' lang='lat' dir='ltr'>rare</span> <span class='ocrx_word' id='word_1_318' title='bbox 378 4344 519 4433; x_wconf 88' lang='lat' dir='ltr'>proinde</span> <span class='ocrx_word' id='word_1_319' title='bbox 534 4345 726 4412; x_wconf 88' lang='lat' dir='ltr'>valere...—</span> <span class='ocrx_word' id='word_1_320' title='bbox 742 4344 1002 4413; x_wconf 76' lang='lat' dir='ltr'>Providemus...</span> <span class='ocrx_word' id='word_1_321' title='bbox 1018 4386 1062 4395; x_wconf 90' lang='lat'><em>-</em></span> <span class='ocrx_word' id='word_1_322' title='bbox 1078 4344 1118 4411; x_wconf 94' lang='lat' dir='ltr'>R.</span> 
     </span>
    </p>
   </div>
   <div class='ocr_carea' id='block_1_8' title="bbox 288 4476 1646 4877">
    <p class='ocr_par' dir='ltr' id='par_1_12' title="bbox 288 4476 1646 4877">
     <span class='ocr_line' id='line_1_37' title="bbox 333 4476 1644 4567; baseline -0.002 -25"><span class='ocrx_word' id='word_1_323' title='bbox 333 4483 435 4544; x_wconf 84' lang='lat'>1288.</span> <span class='ocrx_word' id='word_1_324' title='bbox 450 4482 560 4566; x_wconf 86' lang='lat' dir='ltr'>Sign...</span> <span class='ocrx_word' id='word_1_325' title='bbox 584 4482 904 4567; x_wconf 86' lang='lat' dir='ltr'>capellanusvester</span> <span class='ocrx_word' id='word_1_326' title='bbox 928 4481 1096 4547; x_wconf 90' lang='lat' dir='ltr'>Henricus</span> <span class='ocrx_word' id='word_1_327' title='bbox 1117 4481 1227 4548; x_wconf 90' lang='lat' dir='ltr'>dictus</span> <span class='ocrx_word' id='word_1_328' title='bbox 1249 4479 1375 4561; x_wconf 88' lang='lat' dir='ltr'>Coeke,</span> <span class='ocrx_word' id='word_1_329' title='bbox 1391 4479 1538 4546; x_wconf 88' lang='lat' dir='ltr'>decanus</span> <span class='ocrx_word' id='word_1_330' title='bbox 1561 4476 1644 4543; x_wconf 89' lang='lat' dir='ltr'>eccl.</span> 
     </span>
     <span class='ocr_line' id='line_1_38' title="bbox 290 4579 1646 4671; baseline -0.003 -23"><span class='ocrx_word' id='word_1_331' title='bbox 290 4583 321 4650; x_wconf 93' lang='lat' dir='ltr'>S.</span> <span class='ocrx_word' id='word_1_332' title='bbox 338 4582 459 4650; x_wconf 89' lang='lat' dir='ltr'>Gudile</span> <span class='ocrx_word' id='word_1_333' title='bbox 482 4582 714 4666; x_wconf 83' lang='lat' dir='ltr'>Bruxeliensis,</span> <span class='ocrx_word' id='word_1_334' title='bbox 739 4584 956 4651; x_wconf 89' lang='lat' dir='ltr'>Cameracen.</span> <span class='ocrx_word' id='word_1_335' title='bbox 972 4586 1070 4666; x_wconf 91' lang='lat' dir='ltr'>dioc.,</span> <span class='ocrx_word' id='word_1_336' title='bbox 1087 4584 1177 4671; x_wconf 94' lang='lat' dir='ltr'>quod</span> <span class='ocrx_word' id='word_1_337' title='bbox 1198 4604 1259 4671; x_wconf 90' lang='lat' dir='ltr'>per</span> <span class='ocrx_word' id='word_1_338' title='bbox 1280 4584 1531 4651; x_wconf 86' lang='lat' dir='ltr'>assecucionem</span> <span class='ocrx_word' id='word_1_339' title='bbox 1556 4579 1646 4667; x_wconf 88' lang='lat' dir='ltr'>paci·</span> 
     </span>
     <span class='ocr_line' id='line_1_39' title="bbox 290 4684 1645 4773; baseline 0 -22"><span class='ocrx_word' id='word_1_340' title='bbox 290 4688 391 4755; x_wconf 85' lang='lat' dir='ltr'>ticam</span> <span class='ocrx_word' id='word_1_341' title='bbox 416 4686 601 4753; x_wconf 90' lang='lat' dir='ltr'>decanatus</span> <span class='ocrx_word' id='word_1_342' title='bbox 615 4687 765 4773; x_wconf 89' lang='lat' dir='ltr'>ejusdem</span> <span class='ocrx_word' id='word_1_343' title='bbox 780 4689 905 4771; x_wconf 93' lang='lat' dir='ltr'>eccl.,...</span> <span class='ocrx_word' id='word_1_344' title='bbox 922 4688 1106 4755; x_wconf 89' lang='lat' dir='ltr'>decanatus</span> <span class='ocrx_word' id='word_1_345' title='bbox 1121 4689 1203 4755; x_wconf 92' lang='lat' dir='ltr'>eccl.</span> <span class='ocrx_word' id='word_1_346' title='bbox 1220 4688 1263 4755; x_wconf 87' lang='lat' dir='ltr'>B.</span> <span class='ocrx_word' id='word_1_347' title='bbox 1281 4686 1330 4754; x_wconf 94' lang='lat' dir='ltr'>M.</span> <span class='ocrx_word' id='word_1_348' title='bbox 1346 4684 1645 4763; x_wconf 81' lang='lat' dir='ltr'>Tenremondenis,</span> 
     </span>
     <span class='ocr_line' id='line_1_40' title="bbox 288 4786 1646 4877; baseline -0.003 -22"><span class='ocrx_word' id='word_1_349' title='bbox 288 4790 379 4858; x_wconf 87' lang='lat' dir='ltr'>dicte</span> <span class='ocrx_word' id='word_1_350' title='bbox 392 4790 491 4872; x_wconf 79' lang='lat' dir='ltr'>dioc.,</span> <span class='ocrx_word' id='word_1_351' title='bbox 507 4811 608 4875; x_wconf 88' lang='lat' dir='ltr'>quem</span> <span class='ocrx_word' id='word_1_352' title='bbox 624 4790 694 4877; x_wconf 85' lang='lat' dir='ltr'>ipse</span> <span class='ocrx_word' id='word_1_353' title='bbox 709 4799 792 4857; x_wconf 92' lang='lat' dir='ltr'>tunc</span> <span class='ocrx_word' id='word_1_354' title='bbox 815 4792 976 4877; x_wconf 87' lang='lat' dir='ltr'>temporis</span> <span class='ocrx_word' id='word_1_355' title='bbox 1000 4786 1187 4875; x_wconf 86' lang='lat' dir='ltr'>obtinebat,</span> <span class='ocrx_word' id='word_1_356' title='bbox 1203 4791 1341 4861; x_wconf 82' lang='lat' dir='ltr'>vacavit</span> <span class='ocrx_word' id='word_1_357' title='bbox 1356 4800 1391 4857; x_wconf 89' lang='lat' dir='ltr'>et</span> <span class='ocrx_word' id='word_1_358' title='bbox 1406 4797 1517 4863; x_wconf 84' lang='lat' dir='ltr'>vacat.</span> <span class='ocrx_word' id='word_1_359' title='bbox 1533 4788 1646 4873; x_wconf 80' lang='lat' dir='ltr'>Quare</span> 
     </span>
    </p>
   </div>
   <div class='ocr_carea' id='block_1_9' title="bbox 323 4944 1647 5029">
    <p class='ocr_par' dir='ltr' id='par_1_13' title="bbox 323 4944 1647 5029">
     <span class='ocr_line' id='line_1_41' title="bbox 323 4944 1647 5029; baseline -0.003 -18"><span class='ocrx_word' id='word_1_360' title='bbox 323 4965 344 5012; x_wconf 92' lang='lat' dir='ltr'>l.</span> <span class='ocrx_word' id='word_1_361' title='bbox 356 4963 418 5011; x_wconf 87' lang='lat' dir='ltr'>Voir</span> <span class='ocrx_word' id='word_1_362' title='bbox 429 4978 454 5012; x_wconf 91' lang='lat' dir='ltr'>n.</span> <span class='ocrx_word' id='word_1_363' title='bbox 467 4964 521 5012; x_wconf 75' lang='lat'>748.</span> <span class='ocrx_word' id='word_1_364' title='bbox 534 4944 600 5013; x_wconf 61' lang='grc' dir='ltr'>-Ξ,</span> <span class='ocrx_word' id='word_1_365' title='bbox 611 4962 674 5009; x_wconf 87' lang='lat' dir='ltr'>Voir</span> <span class='ocrx_word' id='word_1_366' title='bbox 685 4976 710 5011; x_wconf 90' lang='lat' dir='ltr'>n.</span> <span class='ocrx_word' id='word_1_367' title='bbox 723 4962 777 5012; x_wconf 76' lang='lat' dir='ltr'>tlt.</span> <span class='ocrx_word' id='word_1_368' title='bbox 789 4990 821 4998; x_wconf 94' lang='lat'>-</span> <span class='ocrx_word' id='word_1_369' title='bbox 832 4964 855 5013; x_wconf 82' lang='grc'>3.</span> <span class='ocrx_word' id='word_1_370' title='bbox 868 4962 931 5013; x_wconf 86' lang='lat' dir='ltr'>Volr</span> <span class='ocrx_word' id='word_1_371' title='bbox 942 4962 1002 5029; x_wconf 72' lang='lat' dir='ltr'>plus</span> <span class='ocrx_word' id='word_1_372' title='bbox 1013 4962 1077 5013; x_wconf 80' lang='lat' dir='ltr'>haut</span> <span class='ocrx_word' id='word_1_373' title='bbox 1090 4965 1159 5024; x_wconf 81' lang='lat'>1261,</span> <span class='ocrx_word' id='word_1_374' title='bbox 1173 4964 1243 5011; x_wconf 85' lang='grc'>1268.</span> <span class='ocrx_word' id='word_1_375' title='bbox 1255 4988 1286 5009; x_wconf 69' lang='lat'>.-</span> <span class='ocrx_word' id='word_1_376' title='bbox 1304 4963 1327 5011; x_wconf 79' lang='lat'>4.</span> <span class='ocrx_word' id='word_1_377' title='bbox 1339 4960 1401 5009; x_wconf 85' lang='lat' dir='ltr'>Voir</span> <span class='ocrx_word' id='word_1_378' title='bbox 1418 4976 1443 5011; x_wconf 90' lang='lat' dir='ltr'>n.</span> <span class='ocrx_word' id='word_1_379' title='bbox 1455 4962 1509 5019; x_wconf 75' lang='lat'>205,</span> <span class='ocrx_word' id='word_1_380' title='bbox 1523 4960 1577 5019; x_wconf 77' lang='grc'>621,</span> <span class='ocrx_word' id='word_1_381' title='bbox 1590 4958 1647 5007; x_wconf 85' lang='grc'>631.</span> 
     </span>
    </p>
   </div>
   <div class='ocr_carea' id='block_1_10' title="bbox 0 0 1844 5675">
    <p class='ocr_par' dir='ltr' id='par_1_14' title="bbox 0 0 1844 5675">
     <span class='ocr_line' id='line_1_42' title="bbox 0 0 1844 5675; baseline 0 0"><span class='ocrx_word' id='word_1_382' title='bbox 0 0 1844 5675; x_wconf 95' lang='lat' dir='ltr'> </span> 
     </span>
    </p>
   </div>
  </div>
 </body>
</html>
