3650 5675
714 473 800 547 1346,
824 475 860 537 19
881 474 1008 539 octobre.
1488 475 1543 539 281

236 625 539 712 1082·1083.
1193 637 1288 721 1346,
1305 657 1347 721 rp
1363 637 1500 703 octobre.

227 744 329 832 Supp.
346 743 510 810 Nicolaus
525 742 674 829 Capocie
691 753 710 821 ¹,
725 740 915 828 prepositus
942 741 972 806 S.
998 741 1191 822 Audomari,
1217 761 1290 826 cap.
1314 748 1435 822 vester,
1452 749 1543 826 quat.

184 866 259 912 can.
276 853 311 911 et
324 848 418 931 preb.
434 845 517 912 eccl.
532 843 691 925 Ariensis,
720 840 889 909 Morinen.
916 835 1014 925 dioc,
1041 863 1115 909 vac.
1140 844 1174 908 in
1203 843 1301 909 Rom.
1330 864 1396 909 cur.
1411 864 1472 929 per
1486 843 1543 909 lib.

184 949 303 1035 resign.
319 949 486 1027 Johannis
501 946 800 1034 Capocie,nepotis
815 947 864 1012 sui
879 956 899 1028 ²,
918 947 951 1011 in
968 946 1066 1013 Rom.
1084 967 1150 1013 cur.
1163 968 1223 1033 per
1234 947 1323 1013 dom.
1340 945 1542 1029 Ostiensem,

183 1053 226 1121 de
240 1053 401 1120 mandato
416 1061 539 1135 vestro,
555 1060 738 1138 receptam,
766 1049 869 1116 Petro
885 1050 1044 1137 Capocie,
1060 1051 1153 1116 fratri
1168 1051 1318 1138 ejusdem
1333 1051 1542 1136 resignantis,

185 1158 334 1224 conferre
349 1157 533 1244 dignemini
546 1180 555 1237 ;
570 1177 640 1222 non
656 1159 742 1222 obst.
759 1155 850 1240 quod
874 1155 964 1221 idem
980 1155 1099 1220 Petrus
1123 1175 1197 1221 can.
1223 1163 1258 1220 et
1281 1158 1373 1241 preb.
1400 1155 1434 1219 in
1462 1156 1542 1221 eccl.

184 1262 215 1329 S.
232 1261 415 1330 Donatiani
431 1260 619 1346 Brugensis,
635 1259 824 1326 Tornacen.
839 1259 938 1339 dioc,
960 1266 995 1324 et
1009 1259 1044 1324 in
1060 1260 1142 1325 eccl.
1169 1258 1201 1325 S.
1219 1257 1358 1324 Martini
1374 1258 1543 1324 Toronen.

184 1388 258 1434 can.
273 1369 334 1433 sub
351 1387 426 1452 exp.
441 1369 534 1453 preb.
551 1373 640 1431 auct.
656 1370 764 1450 apost.
780 1363 931 1429 noscitur
946 1363 1108 1428 obtinere.
1124 1403 1167 1412 -
1183 1361 1259 1428 Fiat
1275 1361 1315 1428 R.

226 1511 328 1572 1083.
347 1500 435 1567 Item
450 1523 546 1590 supp.
562 1511 655 1587 quat.
671 1523 745 1567 can.
761 1509 796 1567 et
810 1505 902 1587 preb.
931 1502 1012 1568 eccl.
1029 1501 1240 1584 Casletensis,
1263 1500 1430 1568 Morinen.
1445 1501 1542 1582 dioc,

182 1626 257 1672 vac.
273 1606 307 1670 in
325 1605 423 1672 Rom.
440 1627 508 1672 cur.
523 1627 584 1692 per
607 1606 664 1672 lib.
691 1606 810 1690 resign.
837 1605 940 1691 ipsius
967 1603 1112 1687 Nicolai,
1130 1627 1203 1693 cap.
1230 1606 1343 1687 vestri,
1369 1626 1429 1692 per
1452 1607 1543 1672 dom.

183 1708 385 1793 Ostiensem,
410 1710 453 1776 de
479 1711 511 1776 S.
528 1710 567 1777 V.
584 1709 757 1791 mandato,
781 1718 963 1796 receptam,
991 1710 1123 1796 prefato
1139 1711 1250 1792 Petro,
1274 1710 1391 1796 nepoti
1415 1731 1485 1792 suo,
1510 1711 1543 1774 in

183 1814 384 1900 adjutorium
398 1816 469 1880 vite
484 1823 519 1880 et
535 1814 645 1896 studii,
662 1813 812 1880 conferre
827 1813 1010 1899 dignemini
1028 1836 1116 1894 ;n0n
1127 1818 1212 1881 obst.
1226 1813 1317 1899 quod
1326 1813 1417 1879 idem
1426 1813 1544 1879 Petrus

184 1918 391 2004 supradictos
407 1939 480 1985 can.
507 1927 542 1984 et
567 1921 660 2004 preb.
685 1918 717 1984 S.
746 1918 928 1984 Donatiani
956 1917 1144 2004 Brugensis,
1168 1919 1357 1985 Tornacen.
1384 1918 1481 1998 dioc,
1509 1927 1543 1983 et

185 2021 213 2086 S.
232 2020 370 2088 Martini
396 2021 565 2088 Turonen.
580 2021 730 2088 noscitur
745 2022 907 2104 obtinere,
925 2030 959 2087 et
976 2023 1018 2088 sit
1034 2022 1076 2087 de
1093 2045 1166 2090 can.
1181 2031 1217 2090 et
1232 2025 1324 2109 preb.
1340 2023 1542 2104 AriensibuS,

185 2124 353 2192 Morinen.
369 2126 467 2208 dioc,
483 2148 543 2214 per
557 2127 819 2212 resignationem
834 2126 853 2205 J
857 2127 1010 2208 ohannis,
1027 2127 1135 2194 fratris
1151 2129 1210 2210 sui,
1226 2151 1309 2210 vac,
1328 2151 1347 2195 a
1364 2129 1396 2196 S.
1412 2129 1452 2194 V.
1468 2149 1544 2214 pro-

183 2230 273 2296 visus
288 2236 310 2294 ⁸.
322 2267 354 2278 -
372 2229 447 2296 Fiat
465 2230 502 2295 R.

228 2334 308 2400 Dat.
324 2334 424 2400 Avin.
445 2355 482 2418 14
498 2333 564 2400 kal.
580 2355 659 2399 nov.
676 2342 710 2400 a⁰
727 2343 768 2418 5⁰.
787 2336 858 2418 (12,
877 2337 959 2420 68l').

236 2471 383 2553 1084.
1190 2489 1285 2570 1346,
1306 2509 1343 2570 19
1361 2489 1499 2552 octobre.

227 2588 393 2673 Dignetur
408 2586 439 2652 S.
456 2586 496 2653 V.
512 2587 554 2652 de
571 2608 644 2653 can.
660 2597 694 2653 et
710 2591 801 2673 preb.
827 2586 1038 2655 Belvacen...
1068 2590 1176 2654 eidem
1202 2589 1355 2672 Nicolao,
1372 2591 1543 2677 preposito

184 2693 215 2758 S.
238 2692 434 2773 Audomari,
449 2699 546 2757 motu
560 2693 696 2778 proprio
722 2691 907 2777 providere,
924 2693 965 2758 de
990 2714 1057 2776 quo
1073 2693 1105 2758 S.
1122 2693 1161 2758 V.
1178 2692 1268 2758 dom.
1296 2715 1372 2760 meo
1395 2694 1542 2761 Ostiensi

184 2796 335 2883 predicto
349 2797 494 2880 benigne
510 2805 544 2861 et
559 2796 704 2882 gratiose
719 2796 901 2882 respondit.
917 2838 960 2846 —
977 2795 1055 2862 Fiat
1066 2806 1162 2863 motu
1177 2798 1313 2884 proprio
1330 2797 1369 2865 R.

227 2900 306 2967 Dat.
322 2902 421 2966 Avin.
442 2922 478 2985 14
494 2899 561 2967 kal.
576 2921 655 2966 nov.
672 2906 705 2965 a⁰
723 2908 764 2984 5⁰.
782 2901 853 2985 (12,
872 2902 953 2984 68V).

237 3038 547 3122 1085-1087.
1192 3055 1287 3138 1346,
1305 3075 1345 3138 19
1362 3057 1500 3121 octobre.

228 3156 328 3243 Supp.
345 3156 557 3237 Gaucelinus,
574 3158 676 3243 episc.
691 3159 870 3238 Albanen,
886 3165 922 3222 et
937 3157 1179 3243 Tatayrandus,
1195 3159 1247 3224 tit.
1265 3158 1295 3223 S.
1308 3158 1397 3224 Petri
1414 3158 1458 3225 ad
1471 3160 1543 3225 vin-

185 3260 270 3339 cula,
286 3269 321 3324 et
335 3259 546 3344 Aymericus,
562 3260 615 3326 tit.
632 3260 664 3326 S.
694 3259 833 3326 Martini
861 3262 895 3326 in
925 3260 1110 3342 Montibus,
1135 3266 1255 3347 presb,
1278 3283 1318 3329 ac
1343 3262 1542 3343 Galhardus,

186 3364 217 3428 S.
235 3362 336 3429 Lucie
351 3364 387 3427 in
414 3362 512 3428 Silice
528 3364 614 3430 diac.
631 3363 731 3446 card,
759 3376 955 3431 executores
982 3368 1177 3432 testamenti
1202 3388 1260 3432 seu
1286 3367 1403 3431 ultime
1425 3368 1543 3432 volun-

185 3469 266 3533 tatis
280 3471 359 3534 bon.
375 3488 476 3533 mem.
492 3468 583 3534 dom.
600 3468 806 3554 Raymundi,
823 3470 855 3535 S.
873 3469 922 3535 M.
951 3470 1050 3537 Nove
1066 3472 1151 3538 diac.
1168 3471 1258 3536 card.
1274 3482 1294 3551 ³,
1320 3479 1412 3554 quat.
1440 3491 1543 3556 nepo·
1560 3506 1562 3509 ·

186 3572 284 3653 tibus,
300 3574 495 3657 capellanis,
523 3574 651 3639 clericis
676 3584 711 3640 et
735 3574 953 3640 familiaribus
969 3574 1117 3659 ejusdem
1144 3574 1233 3640 card.
1256 3574 1472 3658 infrascriptis
1495 3594 1543 3657 gr.

186 3674 228 3740 de
243 3675 443 3761 infrapetitis
458 3676 641 3762 dignemini
657 3675 766 3743 facere
782 3698 883 3763 spec,
899 3676 941 3742 de
957 3677 1076 3761 quibus
1091 3678 1200 3743 dictus
1216 3676 1392 3743 defunctus
1408 3676 1497 3741 card.
1510 3677 1544 3740 in

190 3799 248 3844 sua
264 3779 485 3865 dispositione
500 3780 619 3846 ultima
634 3780 713 3846 fecit
730 3782 970 3847 conscientiam
987 3781 1167 3865 specialem
1188 3800 1194 3844 :

229 4010 331 4070 1086.
350 4002 438 4068 Item
453 4025 548 4090 supp.
566 4004 752 4071 cardinales
767 4005 920 4091 predicti,
938 4015 1028 4089 quat.
1047 4004 1249 4089 Raymundo
1274 4003 1315 4067 de
1333 4002 1451 4083 Barda,
1470 4022 1543 4088 cap.

188 4107 403 4172 commensali
426 4115 461 4172 et
487 4108 674 4173 domestico
699 4109 848 4194 ejusdem
864 4110 964 4189 card,
981 4109 1023 4174 de
1040 4129 1113 4173 can.
1130 4110 1189 4171 sub
1211 4128 1286 4192 exp.
1303 4110 1404 4191 preb,
1428 4127 1469 4173 ac
1488 4107 1543 4172 off.

187 4209 338 4275 custodie
353 4212 436 4276 eccl.
454 4211 485 4276 S.
503 4210 680 4297 Gangenci
694 4213 911 4277 Cameracen.
928 4212 1025 4276 simili
1042 4212 1144 4276 niodo
1160 4212 1233 4296 [per
1250 4212 1350 4295 ipsius
1366 4210 1453 4275 card.
1470 4209 1540 4296 ob]

187 4332 260 4377 vac.
275 4312 459 4398 dignemini
474 4314 670 4400 providere;
686 4336 755 4381 non
772 4319 857 4381 obst.
874 4314 965 4399 quod
977 4316 1047 4400 ipse
1060 4316 1093 4378 in
1110 4313 1340 4398 Burdegalen.,
1362 4321 1396 4378 et
1409 4314 1440 4379 S.
1454 4313 1544 4377 Emi-

187 4415 506 4501 liani,Burdegalen.
522 4418 620 4499 dioc,
637 4420 786 4484 ecclesiis
799 4440 872 4484 can.
888 4428 924 4483 et
939 4421 1041 4504 preb,
1054 4439 1094 4484 ac
1104 4419 1258 4503 parrocli.
1275 4419 1356 4483 eccl.
1367 4417 1409 4482 de
1422 4416 1544 4499 Lubiis,

186 4520 361 4603 Agennen.
377 4521 475 4601 dioc,
491 4524 640 4587 noscitur
656 4523 820 4588 obtinere.

229 4623 292 4689 Vel
307 4624 350 4689 de
366 4644 442 4692 can.
458 4628 519 4691 sub
537 4646 613 4711 exp.
629 4628 721 4711 preb.
738 4625 773 4691 in
789 4626 871 4691 eccl.
887 4625 1075 4691 Tornacen.
1092 4665 1135 4673 -
1152 4623 1227 4691 Fiat
1245 4624 1285 4690 R.

216 4770 246 4831 a)
262 4768 319 4819 de.
336 4773 475 4834 provisum.

221 4905 242 4951 l.
254 4902 317 4951 Voir
327 4919 353 4952 n.
365 4906 421 4953 487.
433 4934 466 4940 -
477 4908 499 4953 2.
511 4906 573 4954 Voir
585 4921 610 4954 n.
623 4910 662 4956 22.
673 4934 706 4941 -
717 4908 740 4955 3.
752 4906 815 4953 Voir
825 4921 851 4955 n.
864 4908 935 4955 1076.
