<?xml version="1.0" encoding="UTF-8"?>
<!DOCTYPE html PUBLIC "-//W3C//DTD XHTML 1.0 Transitional//EN"
    "http://www.w3.org/TR/xhtml1/DTD/xhtml1-transitional.dtd">
<html xmlns="http://www.w3.org/1999/xhtml" xml:lang="en" lang="en">
 <head>
  <title>
</title>
<meta http-equiv="Content-Type" content="text/html;charset=utf-8" />
  <meta name='ocr-system' content='tesseract 3.04.00' />
  <meta name='ocr-capabilities' content='ocr_page ocr_carea ocr_par ocr_line ocrx_word'/>
</head>
<body>
  <div class='ocr_page' id='page_1' title='image "./suppliquesdeclm00berlgoog_0606.png"; bbox 0 0 3650 5675; ppageno 0'>
   <div class='ocr_carea' id='block_1_1' title="bbox 751 494 1558 571">
    <p class='ocr_par' dir='ltr' id='par_1_1' title="bbox 751 494 1558 571">
     <span class='ocr_line' id='line_1_1' title="bbox 751 494 1558 571; baseline 0.01 -12"><span class='ocrx_word' id='word_1_1' title='bbox 751 494 847 571; x_wconf 60' lang='lat'><strong>4351,</strong></span> <span class='ocrx_word' id='word_1_2' title='bbox 870 496 911 561; x_wconf 88' lang='grc'>29</span> <span class='ocrx_word' id='word_1_3' title='bbox 934 496 1003 563; x_wconf 83' lang='lat' dir='ltr'><strong>mai.</strong></span> <span class='ocrx_word' id='word_1_4' title='bbox 1503 503 1558 567; x_wconf 80' lang='grc'>561</span> 
     </span>
    </p>
   </div>
   <div class='ocr_carea' id='block_1_2' title="bbox 201 647 1558 1363">
    <p class='ocr_par' dir='ltr' id='par_1_2' title="bbox 201 647 1558 1258">
     <span class='ocr_line' id='line_1_2' title="bbox 204 647 1557 741; baseline 0.004 -26"><span class='ocrx_word' id='word_1_5' title='bbox 204 668 280 715; x_wconf 90' lang='lat' dir='ltr'><strong>can.</strong></span> <span class='ocrx_word' id='word_1_6' title='bbox 296 654 331 714; x_wconf 86' lang='lat' dir='ltr'><strong>et</strong></span> <span class='ocrx_word' id='word_1_7' title='bbox 345 650 438 733; x_wconf 88' lang='lat' dir='ltr'><strong>preb.</strong></span> <span class='ocrx_word' id='word_1_8' title='bbox 454 647 486 713; x_wconf 89' lang='lat' dir='ltr'><strong>S.</strong></span> <span class='ocrx_word' id='word_1_9' title='bbox 502 647 617 713; x_wconf 85' lang='lat' dir='ltr'><strong>Amati</strong></span> <span class='ocrx_word' id='word_1_10' title='bbox 634 647 1036 729; x_wconf 75' lang='lat' dir='ltr'><strong>DuacensiaAtrebaten.</strong></span> <span class='ocrx_word' id='word_1_11' title='bbox 1048 650 1146 733; x_wconf 88' lang='lat' dir='ltr'><strong>dioc,</strong></span> <span class='ocrx_word' id='word_1_12' title='bbox 1162 652 1345 738; x_wconf 83' lang='lat' dir='ltr'><strong>dignemini</strong></span> <span class='ocrx_word' id='word_1_13' title='bbox 1361 654 1535 741; x_wconf 90' lang='lat' dir='ltr'><strong>providere</strong></span> <span class='ocrx_word' id='word_1_14' title='bbox 1548 679 1557 736; x_wconf 92' lang='lat'>;</span> 
     </span>
     <span class='ocr_line' id='line_1_3' title="bbox 201 751 1558 846; baseline 0.006 -28"><span class='ocrx_word' id='word_1_15' title='bbox 201 773 270 819; x_wconf 91' lang='lat' dir='ltr'><strong>non</strong></span> <span class='ocrx_word' id='word_1_16' title='bbox 286 754 372 819; x_wconf 92' lang='lat' dir='ltr'><strong>obst.</strong></span> <span class='ocrx_word' id='word_1_17' title='bbox 398 752 488 837; x_wconf 91' lang='lat' dir='ltr'><strong>quod</strong></span> <span class='ocrx_word' id='word_1_18' title='bbox 510 751 648 838; x_wconf 84' lang='lat' dir='ltr'>paroch.</span> <span class='ocrx_word' id='word_1_19' title='bbox 672 754 754 819; x_wconf 89' lang='lat' dir='ltr'><strong>eccl.</strong></span> <span class='ocrx_word' id='word_1_20' title='bbox 771 752 802 819; x_wconf 88' lang='lat' dir='ltr'><strong>S.</strong></span> <span class='ocrx_word' id='word_1_21' title='bbox 819 752 971 837; x_wconf 90' lang='lat' dir='ltr'><strong>Leobini,</strong></span> <span class='ocrx_word' id='word_1_22' title='bbox 996 755 1175 823; x_wconf 87' lang='lat' dir='ltr'><strong>Carnoten.</strong></span> <span class='ocrx_word' id='word_1_23' title='bbox 1199 758 1296 839; x_wconf 76' lang='lat' dir='ltr'><strong>dioc,</strong></span> <span class='ocrx_word' id='word_1_24' title='bbox 1320 779 1392 825; x_wconf 89' lang='lat' dir='ltr'><strong>can.</strong></span> <span class='ocrx_word' id='word_1_25' title='bbox 1416 768 1450 825; x_wconf 94' lang='lat' dir='ltr'><strong>et</strong></span> <span class='ocrx_word' id='word_1_26' title='bbox 1466 763 1558 846; x_wconf 91' lang='lat' dir='ltr'><strong>preb.</strong></span> 
     </span>
     <span class='ocr_line' id='line_1_4' title="bbox 205 855 1556 944; baseline 0.008 -23"><span class='ocrx_word' id='word_1_27' title='bbox 205 855 392 938; x_wconf 88' lang='lat' dir='ltr'><strong>Lensensis,</strong></span> <span class='ocrx_word' id='word_1_28' title='bbox 409 857 606 922; x_wconf 89' lang='lat' dir='ltr'><strong>Atrebaten.</strong></span> <span class='ocrx_word' id='word_1_29' title='bbox 623 855 720 939; x_wconf 75' lang='lat' dir='ltr'><strong>dioc,</strong></span> <span class='ocrx_word' id='word_1_30' title='bbox 737 877 777 925; x_wconf 89' lang='lat' dir='ltr'><strong>ac</strong></span> <span class='ocrx_word' id='word_1_31' title='bbox 791 859 1052 925; x_wconf 86' lang='lat' dir='ltr'><strong>matriculariam</strong></span> <span class='ocrx_word' id='word_1_32' title='bbox 1067 860 1110 926; x_wconf 89' lang='lat' dir='ltr'><strong>de</strong></span> <span class='ocrx_word' id='word_1_33' title='bbox 1134 859 1324 944; x_wconf 86' lang='lat' dir='ltr'><strong>Herentals,</strong></span> <span class='ocrx_word' id='word_1_34' title='bbox 1342 862 1556 932; x_wconf 86' lang='lat' dir='ltr'><strong>Cameracen.</strong></span> 
     </span>
     <span class='ocr_line' id='line_1_5' title="bbox 206 961 1556 1055; baseline 0.004 -27"><span class='ocrx_word' id='word_1_35' title='bbox 206 961 304 1043; x_wconf 73' lang='lat' dir='ltr'><strong>dioc,</strong></span> <span class='ocrx_word' id='word_1_36' title='bbox 320 962 536 1028; x_wconf 87' lang='lat' dir='ltr'><strong>ecclesiarum</strong></span> <span class='ocrx_word' id='word_1_37' title='bbox 551 967 711 1027; x_wconf 90' lang='lat' dir='ltr'><strong>noscatur</strong></span> <span class='ocrx_word' id='word_1_38' title='bbox 726 962 887 1045; x_wconf 90' lang='lat' dir='ltr'><strong>obtinere,</strong></span> <span class='ocrx_word' id='word_1_39' title='bbox 904 984 1037 1029; x_wconf 87' lang='lat' dir='ltr'>necnon</span> <span class='ocrx_word' id='word_1_40' title='bbox 1060 967 1137 1029; x_wconf 91' lang='lat' dir='ltr'><strong>ben.</strong></span> <span class='ocrx_word' id='word_1_41' title='bbox 1160 967 1242 1031; x_wconf 89' lang='lat' dir='ltr'><strong>eccl.</strong></span> <span class='ocrx_word' id='word_1_42' title='bbox 1258 966 1301 1031; x_wconf 91' lang='lat' dir='ltr'><strong>ad</strong></span> <span class='ocrx_word' id='word_1_43' title='bbox 1316 968 1392 1033; x_wconf 92' lang='lat' dir='ltr'><strong>coll.</strong></span> <span class='ocrx_word' id='word_1_44' title='bbox 1408 967 1556 1055; x_wconf 86' lang='lat' dir='ltr'><strong>episcopi</strong></span> 
     </span>
     <span class='ocr_line' id='line_1_6' title="bbox 204 1064 1555 1158; baseline 0.004 -27"><span class='ocrx_word' id='word_1_45' title='bbox 204 1074 239 1131; x_wconf 91' lang='lat' dir='ltr'><strong>et</strong></span> <span class='ocrx_word' id='word_1_46' title='bbox 254 1066 390 1153; x_wconf 89' lang='lat' dir='ltr'><strong>capituli</strong></span> <span class='ocrx_word' id='word_1_47' title='bbox 408 1064 589 1134; x_wconf 90' lang='lat' dir='ltr'><strong>Camoten.</strong></span> <span class='ocrx_word' id='word_1_48' title='bbox 605 1066 660 1131; x_wconf 94' lang='lat' dir='ltr'><strong>vel</strong></span> <span class='ocrx_word' id='word_1_49' title='bbox 677 1066 720 1131; x_wconf 91' lang='lat' dir='ltr'><strong>ad</strong></span> <span class='ocrx_word' id='word_1_50' title='bbox 744 1067 819 1132; x_wconf 88' lang='lat' dir='ltr'><strong>coll.</strong></span> <span class='ocrx_word' id='word_1_51' title='bbox 847 1068 978 1133; x_wconf 91' lang='lat' dir='ltr'><strong>abbatis</strong></span> <span class='ocrx_word' id='word_1_52' title='bbox 1002 1075 1036 1133; x_wconf 89' lang='lat' dir='ltr'><strong>et</strong></span> <span class='ocrx_word' id='word_1_53' title='bbox 1059 1069 1256 1135; x_wconf 91' lang='lat' dir='ltr'><strong>monasterii</strong></span> <span class='ocrx_word' id='word_1_54' title='bbox 1281 1070 1313 1137; x_wconf 88' lang='lat' dir='ltr'><strong>S.</strong></span> <span class='ocrx_word' id='word_1_55' title='bbox 1337 1072 1493 1158; x_wconf 88' lang='lat' dir='ltr'><strong>Dyonisii</strong></span> <span class='ocrx_word' id='word_1_56' title='bbox 1521 1073 1555 1137; x_wconf 91' lang='lat' dir='ltr'><strong>in</strong></span> 
     </span>
     <span class='ocr_line' id='line_1_7' title="bbox 203 1170 1227 1258; baseline 0.003 -21"><span class='ocrx_word' id='word_1_57' title='bbox 203 1170 354 1253; x_wconf 84' lang='lat' dir='ltr'><strong>Francia,</strong></span> <span class='ocrx_word' id='word_1_58' title='bbox 371 1170 530 1237; x_wconf 85' lang='lat' dir='ltr'><strong>Parisien.</strong></span> <span class='ocrx_word' id='word_1_59' title='bbox 542 1171 640 1253; x_wconf 78' lang='lat' dir='ltr'><strong>dioc,</strong></span> <span class='ocrx_word' id='word_1_60' title='bbox 656 1179 815 1237; x_wconf 89' lang='lat' dir='ltr'><strong>noscatur</strong></span> <span class='ocrx_word' id='word_1_61' title='bbox 830 1181 1021 1258; x_wconf 89' lang='lat' dir='ltr'><strong>expectare.</strong></span> <span class='ocrx_word' id='word_1_62' title='bbox 1036 1172 1170 1240; x_wconf 90' lang='lat' dir='ltr'><strong>-Fiat</strong></span> <span class='ocrx_word' id='word_1_63' title='bbox 1187 1174 1227 1239; x_wconf 93' lang='lat' dir='ltr'><strong>R.</strong></span> 
     </span>
    </p>

    <p class='ocr_par' dir='ltr' id='par_1_3' title="bbox 241 1274 1173 1363">
     <span class='ocr_line' id='line_1_8' title="bbox 241 1274 1173 1363; baseline 0.002 -22"><span class='ocrx_word' id='word_1_64' title='bbox 241 1274 319 1343; x_wconf 88' lang='lat' dir='ltr'><strong>Dat.</strong></span> <span class='ocrx_word' id='word_1_65' title='bbox 338 1296 391 1362; x_wconf 91' lang='lat' dir='ltr'><strong>ap.</strong></span> <span class='ocrx_word' id='word_1_66' title='bbox 407 1274 657 1341; x_wconf 88' lang='lat' dir='ltr'><strong>Villamnovam</strong></span> <span class='ocrx_word' id='word_1_67' title='bbox 674 1298 694 1361; x_wconf 83' lang='lat'>4</span> <span class='ocrx_word' id='word_1_68' title='bbox 710 1275 776 1343; x_wconf 90' lang='lat' dir='ltr'><strong>kal.</strong></span> <span class='ocrx_word' id='word_1_69' title='bbox 789 1276 871 1361; x_wconf 89' lang='lat' dir='ltr'><strong>junii</strong></span> <span class='ocrx_word' id='word_1_70' title='bbox 890 1282 925 1341; x_wconf 87' lang='lat' dir='ltr'><strong>a⁰</strong></span> <span class='ocrx_word' id='word_1_71' title='bbox 944 1283 1005 1342; x_wconf 89' lang='lat'>10⁰.</span> <span class='ocrx_word' id='word_1_72' title='bbox 1022 1276 1093 1361; x_wconf 86' lang='lat'><strong>(21,</strong></span> <span class='ocrx_word' id='word_1_73' title='bbox 1112 1279 1173 1363; x_wconf 79' lang='lat'><strong>5&#39;).</strong></span> 
     </span>
    </p>
   </div>
   <div class='ocr_carea' id='block_1_3' title="bbox 197 1430 1554 2577">
    <p class='ocr_par' dir='ltr' id='par_1_4' title="bbox 246 1430 1510 1531">
     <span class='ocr_line' id='line_1_9' title="bbox 246 1430 1510 1531; baseline 0.002 -19"><span class='ocrx_word' id='word_1_74' title='bbox 246 1430 391 1513; x_wconf 83' lang='grc'>2164.</span> <span class='ocrx_word' id='word_1_75' title='bbox 1249 1465 1344 1530; x_wconf 77' lang='lat'><em>1351,</em></span> <span class='ocrx_word' id='word_1_76' title='bbox 1368 1467 1409 1531; x_wconf 83' lang='lat'><strong>²9</strong></span> <span class='ocrx_word' id='word_1_77' title='bbox 1433 1452 1510 1515; x_wconf 86' lang='lat' dir='ltr'><strong>mai.</strong></span> 
     </span>
    </p>

    <p class='ocr_par' dir='ltr' id='par_1_5' title="bbox 197 1546 1554 2472">
     <span class='ocr_line' id='line_1_10' title="bbox 239 1546 1553 1637; baseline 0.003 -22"><span class='ocrx_word' id='word_1_78' title='bbox 239 1552 342 1636; x_wconf 87' lang='lat' dir='ltr'><strong>Supp.</strong></span> <span class='ocrx_word' id='word_1_79' title='bbox 359 1549 499 1615; x_wconf 84' lang='lat' dir='ltr'><strong>servitor</strong></span> <span class='ocrx_word' id='word_1_80' title='bbox 513 1554 625 1613; x_wconf 88' lang='lat' dir='ltr'><strong>vester</strong></span> <span class='ocrx_word' id='word_1_81' title='bbox 641 1546 751 1614; x_wconf 90' lang='lat' dir='ltr'><strong>Guido</strong></span> <span class='ocrx_word' id='word_1_82' title='bbox 767 1546 809 1613; x_wconf 90' lang='lat' dir='ltr'><strong>de</strong></span> <span class='ocrx_word' id='word_1_83' title='bbox 824 1546 1039 1631; x_wconf 88' lang='lat' dir='ltr'><strong>Podiovallis,</strong></span> <span class='ocrx_word' id='word_1_84' title='bbox 1063 1560 1156 1634; x_wconf 91' lang='lat' dir='ltr'><strong>quat.</strong></span> <span class='ocrx_word' id='word_1_85' title='bbox 1182 1550 1356 1637; x_wconf 80' lang='lat' dir='ltr'><strong>[Astorgio</strong></span> <span class='ocrx_word' id='word_1_86' title='bbox 1370 1552 1412 1617; x_wconf 86' lang='lat' dir='ltr'><strong>de</strong></span> <span class='ocrx_word' id='word_1_87' title='bbox 1428 1552 1553 1619; x_wconf 79' lang='lat' dir='ltr'><strong>Borne-</strong></span> 
     </span>
     <span class='ocr_line' id='line_1_11' title="bbox 197 1651 1553 1742; baseline 0.004 -21"><span class='ocrx_word' id='word_1_88' title='bbox 197 1656 289 1735; x_wconf 83' lang='lat' dir='ltr'><strong>se110,</strong></span> <span class='ocrx_word' id='word_1_89' title='bbox 306 1654 438 1735; x_wconf 91' lang='lat' dir='ltr'><strong>clerico,</strong></span> <span class='ocrx_word' id='word_1_90' title='bbox 454 1652 545 1739; x_wconf 81' lang='lat' dir='ltr'><strong>bac]</strong></span> <span class='ocrx_word' id='word_1_91' title='bbox 560 1652 594 1717; x_wconf 94' lang='lat' dir='ltr'><strong>in</strong></span> <span class='ocrx_word' id='word_1_92' title='bbox 610 1653 684 1737; x_wconf 73' lang='lat' dir='ltr'><strong>leg,</strong></span> <span class='ocrx_word' id='word_1_93' title='bbox 702 1651 893 1719; x_wconf 92' lang='lat' dir='ltr'><strong>Ruthenen.</strong></span> <span class='ocrx_word' id='word_1_94' title='bbox 905 1652 1004 1735; x_wconf 69' lang='lat' dir='ltr'><strong>dioc„</strong></span> <span class='ocrx_word' id='word_1_95' title='bbox 1017 1653 1059 1720; x_wconf 88' lang='lat' dir='ltr'><strong>de</strong></span> <span class='ocrx_word' id='word_1_96' title='bbox 1071 1652 1238 1720; x_wconf 89' lang='lat' dir='ltr'><strong>decanatu</strong></span> <span class='ocrx_word' id='word_1_97' title='bbox 1264 1676 1306 1721; x_wconf 89' lang='lat' dir='ltr'><strong>ac</strong></span> <span class='ocrx_word' id='word_1_98' title='bbox 1321 1676 1395 1721; x_wconf 88' lang='lat' dir='ltr'><strong>can.</strong></span> <span class='ocrx_word' id='word_1_99' title='bbox 1412 1664 1447 1722; x_wconf 89' lang='lat' dir='ltr'><strong>et</strong></span> <span class='ocrx_word' id='word_1_100' title='bbox 1462 1661 1553 1742; x_wconf 85' lang='lat' dir='ltr'><strong>preb.</strong></span> 
     </span>
     <span class='ocr_line' id='line_1_12' title="bbox 200 1756 1551 1846; baseline 0 -19"><span class='ocrx_word' id='word_1_101' title='bbox 200 1760 339 1827; x_wconf 90' lang='lat' dir='ltr'><strong>ecclesie</strong></span> <span class='ocrx_word' id='word_1_102' title='bbox 356 1758 548 1844; x_wconf 91' lang='lat' dir='ltr'><strong>Bequensis,</strong></span> <span class='ocrx_word' id='word_1_103' title='bbox 576 1756 736 1823; x_wconf 92' lang='lat' dir='ltr'><strong>Leodien.</strong></span> <span class='ocrx_word' id='word_1_104' title='bbox 761 1757 860 1838; x_wconf 72' lang='lat' dir='ltr'><strong>dioc,</strong></span> <span class='ocrx_word' id='word_1_105' title='bbox 886 1779 962 1824; x_wconf 92' lang='lat' dir='ltr'><strong>vac.</strong></span> <span class='ocrx_word' id='word_1_106' title='bbox 978 1759 1012 1823; x_wconf 93' lang='lat' dir='ltr'><strong>in</strong></span> <span class='ocrx_word' id='word_1_107' title='bbox 1040 1758 1130 1824; x_wconf 92' lang='lat' dir='ltr'><strong>curia</strong></span> <span class='ocrx_word' id='word_1_108' title='bbox 1153 1780 1214 1845; x_wconf 94' lang='lat' dir='ltr'><strong>per</strong></span> <span class='ocrx_word' id='word_1_109' title='bbox 1241 1762 1296 1826; x_wconf 91' lang='lat' dir='ltr'><strong>ob.</strong></span> <span class='ocrx_word' id='word_1_110' title='bbox 1323 1758 1515 1846; x_wconf 89' lang='lat' dir='ltr'><strong>Engelberti</strong></span> <span class='ocrx_word' id='word_1_111' title='bbox 1533 1776 1551 1844; x_wconf 89' lang='lat'><strong>¹,</strong></span> 
     </span>
     <span class='ocr_line' id='line_1_13' title="bbox 198 1861 1553 1949; baseline 0.002 -20"><span class='ocrx_word' id='word_1_112' title='bbox 198 1863 369 1949; x_wconf 88' lang='lat' dir='ltr'><strong>quondam</strong></span> <span class='ocrx_word' id='word_1_113' title='bbox 384 1862 511 1929; x_wconf 90' lang='lat' dir='ltr'><strong>domini</strong></span> <span class='ocrx_word' id='word_1_114' title='bbox 527 1862 676 1949; x_wconf 89' lang='lat' dir='ltr'><strong>episcopi</strong></span> <span class='ocrx_word' id='word_1_115' title='bbox 701 1861 895 1929; x_wconf 90' lang='lat' dir='ltr'><strong>Leodiensis</strong></span> <span class='ocrx_word' id='word_1_116' title='bbox 916 1862 1084 1948; x_wconf 79' lang='lat' dir='ltr'><strong>sigilliferi,</strong></span> <span class='ocrx_word' id='word_1_117' title='bbox 1108 1864 1164 1948; x_wconf 92' lang='lat' dir='ltr'><strong>qui</strong></span> <span class='ocrx_word' id='word_1_118' title='bbox 1191 1872 1286 1929; x_wconf 89' lang='lat' dir='ltr'><strong>extra</strong></span> <span class='ocrx_word' id='word_1_119' title='bbox 1308 1864 1406 1931; x_wconf 93' lang='lat' dir='ltr'><strong>Rom.</strong></span> <span class='ocrx_word' id='word_1_120' title='bbox 1427 1867 1553 1932; x_wconf 89' lang='lat' dir='ltr'><strong>curiam</strong></span> 
     </span>
     <span class='ocr_line' id='line_1_14' title="bbox 197 1968 1552 2056; baseline 0.001 -21"><span class='ocrx_word' id='word_1_121' title='bbox 197 1968 349 2050; x_wconf 85' lang='lat' dir='ltr'><strong>decessit,</strong></span> <span class='ocrx_word' id='word_1_122' title='bbox 365 1968 574 2056; x_wconf 88' lang='lat' dir='ltr'><strong>dispositioni</strong></span> <span class='ocrx_word' id='word_1_123' title='bbox 599 1968 686 2034; x_wconf 93' lang='lat' dir='ltr'><strong>sedis</strong></span> <span class='ocrx_word' id='word_1_124' title='bbox 712 1975 820 2053; x_wconf 87' lang='lat' dir='ltr'><strong>apost.</strong></span> <span class='ocrx_word' id='word_1_125' title='bbox 847 1968 1033 2049; x_wconf 72' lang='lat' dir='ltr'><strong>reservatis</strong></span> <span class='ocrx_word' id='word_1_126' title='bbox 1060 1968 1243 2053; x_wconf 88' lang='lat' dir='ltr'><strong>dignemini</strong></span> <span class='ocrx_word' id='word_1_127' title='bbox 1270 1969 1467 2055; x_wconf 88' lang='lat' dir='ltr'><strong>providere;</strong></span> <span class='ocrx_word' id='word_1_128' title='bbox 1484 1992 1552 2037; x_wconf 91' lang='lat' dir='ltr'><strong>non</strong></span> 
     </span>
     <span class='ocr_line' id='line_1_15' title="bbox 199 2071 1552 2159; baseline -0.001 -18"><span class='ocrx_word' id='word_1_129' title='bbox 199 2077 284 2141; x_wconf 91' lang='lat' dir='ltr'><strong>obst.</strong></span> <span class='ocrx_word' id='word_1_130' title='bbox 311 2072 572 2157; x_wconf 87' lang='lat' dir='ltr'><strong>beneficiisque</strong></span> <span class='ocrx_word' id='word_1_131' title='bbox 602 2071 733 2138; x_wconf 90' lang='lat' dir='ltr'><strong>obtinet</strong></span> <span class='ocrx_word' id='word_1_132' title='bbox 757 2072 811 2137; x_wconf 89' lang='lat' dir='ltr'><strong>vel</strong></span> <span class='ocrx_word' id='word_1_133' title='bbox 836 2081 1003 2158; x_wconf 87' lang='lat' dir='ltr'><strong>expectat,</strong></span> <span class='ocrx_word' id='word_1_134' title='bbox 1030 2072 1064 2137; x_wconf 96' lang='lat' dir='ltr'><strong>in</strong></span> <span class='ocrx_word' id='word_1_135' title='bbox 1089 2072 1289 2138; x_wconf 86' lang='lat' dir='ltr'><strong>cancellaria</strong></span> <span class='ocrx_word' id='word_1_136' title='bbox 1316 2074 1552 2159; x_wconf 85' lang='lat' dir='ltr'><strong>exprimendis,</strong></span> 
     </span>
     <span class='ocr_line' id='line_1_16' title="bbox 197 2175 1553 2264; baseline 0.001 -20"><span class='ocrx_word' id='word_1_137' title='bbox 197 2198 256 2245; x_wconf 91' lang='lat' dir='ltr'><strong>seu</strong></span> <span class='ocrx_word' id='word_1_138' title='bbox 272 2178 362 2264; x_wconf 89' lang='lat' dir='ltr'><strong>quod</strong></span> <span class='ocrx_word' id='word_1_139' title='bbox 379 2176 688 2244; x_wconf 89' lang='lat' dir='ltr'><strong>archidiaconatum</strong></span> <span class='ocrx_word' id='word_1_140' title='bbox 711 2175 745 2241; x_wconf 91' lang='lat' dir='ltr'><strong>in</strong></span> <span class='ocrx_word' id='word_1_141' title='bbox 771 2176 912 2243; x_wconf 88' lang='lat' dir='ltr'><strong>ecclesia</strong></span> <span class='ocrx_word' id='word_1_142' title='bbox 939 2177 1155 2244; x_wconf 89' lang='lat' dir='ltr'><strong>Colunbrien.</strong></span> <span class='ocrx_word' id='word_1_143' title='bbox 1183 2179 1344 2258; x_wconf 87' lang='lat' dir='ltr'><strong>obtineat,</strong></span> <span class='ocrx_word' id='word_1_144' title='bbox 1372 2200 1471 2263; x_wconf 89' lang='lat' dir='ltr'><strong>quem</strong></span> <span class='ocrx_word' id='word_1_145' title='bbox 1488 2201 1553 2245; x_wconf 92' lang='lat' dir='ltr'><strong>una</strong></span> 
     </span>
     <span class='ocr_line' id='line_1_17' title="bbox 197 2280 1554 2367; baseline -0.001 -18"><span class='ocrx_word' id='word_1_146' title='bbox 197 2304 274 2349; x_wconf 90' lang='lat' dir='ltr'><strong>cum</strong></span> <span class='ocrx_word' id='word_1_147' title='bbox 301 2282 468 2349; x_wconf 90' lang='lat' dir='ltr'><strong>decanatu</strong></span> <span class='ocrx_word' id='word_1_148' title='bbox 493 2280 647 2367; x_wconf 86' lang='lat' dir='ltr'><strong>predicto</strong></span> <span class='ocrx_word' id='word_1_149' title='bbox 673 2281 764 2346; x_wconf 89' lang='lat' dir='ltr'><strong>licite</strong></span> <span class='ocrx_word' id='word_1_150' title='bbox 795 2281 948 2347; x_wconf 85' lang='lat' dir='ltr'><strong>obtinere</strong></span> <span class='ocrx_word' id='word_1_151' title='bbox 974 2284 1097 2363; x_wconf 90' lang='lat' dir='ltr'><strong>valeat,</strong></span> <span class='ocrx_word' id='word_1_152' title='bbox 1123 2303 1199 2347; x_wconf 89' lang='lat' dir='ltr'><strong>cum</strong></span> <span class='ocrx_word' id='word_1_153' title='bbox 1228 2304 1270 2348; x_wconf 93' lang='lat' dir='ltr'><strong>eo</strong></span> <span class='ocrx_word' id='word_1_154' title='bbox 1297 2284 1554 2349; x_wconf 84' lang='lat' dir='ltr'><strong>misericorditer</strong></span> 
     </span>
     <span class='ocr_line' id='line_1_18' title="bbox 199 2382 1256 2472; baseline -0.003 -21"><span class='ocrx_word' id='word_1_155' title='bbox 199 2385 424 2472; x_wconf 90' lang='lat' dir='ltr'><strong>dispensando</strong></span> <span class='ocrx_word' id='word_1_156' title='bbox 439 2407 447 2466; x_wconf 81' lang='lat'>3</span> <span class='ocrx_word' id='word_1_157' title='bbox 464 2394 499 2449; x_wconf 88' lang='lat' dir='ltr'><strong>et</strong></span> <span class='ocrx_word' id='word_1_158' title='bbox 514 2405 591 2450; x_wconf 90' lang='lat' dir='ltr'><strong>cum</strong></span> <span class='ocrx_word' id='word_1_159' title='bbox 606 2384 678 2449; x_wconf 90' lang='lat' dir='ltr'><strong>aliis</strong></span> <span class='ocrx_word' id='word_1_160' title='bbox 693 2405 762 2449; x_wconf 92' lang='lat' dir='ltr'><strong>non</strong></span> <span class='ocrx_word' id='word_1_161' title='bbox 779 2387 864 2451; x_wconf 92' lang='lat' dir='ltr'><strong>obst.</strong></span> <span class='ocrx_word' id='word_1_162' title='bbox 881 2425 924 2433; x_wconf 95' lang='lat'><strong>—</strong></span> <span class='ocrx_word' id='word_1_163' title='bbox 941 2382 1017 2449; x_wconf 88' lang='lat' dir='ltr'><strong>Fiat</strong></span> <span class='ocrx_word' id='word_1_164' title='bbox 1033 2385 1072 2449; x_wconf 91' lang='lat' dir='ltr'><strong>R.</strong></span> <span class='ocrx_word' id='word_1_165' title='bbox 1253 2392 1256 2396; x_wconf 79' lang='grc'>’</span> 
     </span>
    </p>

    <p class='ocr_par' dir='ltr' id='par_1_6' title="bbox 241 2488 1161 2577">
     <span class='ocr_line' id='line_1_19' title="bbox 241 2488 1161 2577; baseline -0.003 -23"><span class='ocrx_word' id='word_1_166' title='bbox 241 2491 320 2557; x_wconf 91' lang='lat' dir='ltr'><strong>Dat.</strong></span> <span class='ocrx_word' id='word_1_167' title='bbox 337 2511 389 2577; x_wconf 89' lang='lat' dir='ltr'><strong>ap.</strong></span> <span class='ocrx_word' id='word_1_168' title='bbox 406 2489 658 2555; x_wconf 74' lang='lat' dir='ltr'><strong>villamnovam</strong></span> <span class='ocrx_word' id='word_1_169' title='bbox 675 2512 694 2572; x_wconf 88' lang='lat'>4</span> <span class='ocrx_word' id='word_1_170' title='bbox 711 2488 776 2554; x_wconf 88' lang='lat' dir='ltr'><strong>kal.</strong></span> <span class='ocrx_word' id='word_1_171' title='bbox 790 2488 874 2573; x_wconf 89' lang='lat' dir='ltr'><strong>junii</strong></span> <span class='ocrx_word' id='word_1_172' title='bbox 890 2496 925 2552; x_wconf 90' lang='lat' dir='ltr'><strong>a⁰</strong></span> <span class='ocrx_word' id='word_1_173' title='bbox 945 2496 1005 2553; x_wconf 92' lang='lat'><strong>10⁰.</strong></span> <span class='ocrx_word' id='word_1_174' title='bbox 1023 2494 1093 2570; x_wconf 84' lang='lat'><strong>(21,</strong></span> <span class='ocrx_word' id='word_1_175' title='bbox 1112 2492 1161 2575; x_wconf 60' lang='grc'><strong>51)</strong></span> 
     </span>
    </p>
   </div>
   <div class='ocr_carea' id='block_1_4' title="bbox 236 2644 1551 2852">
    <p class='ocr_par' dir='ltr' id='par_1_7' title="bbox 236 2644 1551 2852">
     <span class='ocr_line' id='line_1_20' title="bbox 243 2644 1507 2743; baseline -0.001 -17"><span class='ocrx_word' id='word_1_176' title='bbox 243 2644 385 2728; x_wconf 83' lang='grc'>2165.</span> <span class='ocrx_word' id='word_1_177' title='bbox 826 2712 831 2723; x_wconf 90' lang='grc'>.</span> <span class='ocrx_word' id='word_1_178' title='bbox 1259 2678 1354 2741; x_wconf 79' lang='lat'><em>1351,</em></span> <span class='ocrx_word' id='word_1_179' title='bbox 1372 2681 1413 2743; x_wconf 79' lang='lat'><strong>29</strong></span> <span class='ocrx_word' id='word_1_180' title='bbox 1430 2663 1507 2725; x_wconf 79' lang='lat' dir='ltr'><strong>rani.</strong></span> 
     </span>
     <span class='ocr_line' id='line_1_21' title="bbox 236 2758 1551 2852; baseline -0.002 -22"><span class='ocrx_word' id='word_1_181' title='bbox 236 2766 290 2830; x_wconf 56' lang='grc' dir='ltr'><strong>δ’ΠΕ</strong></span> <span class='ocrx_word' id='word_1_182' title='bbox 320 2772 424 2852; x_wconf 91' lang='lat' dir='ltr'><strong>pater.</strong></span> <span class='ocrx_word' id='word_1_183' title='bbox 463 2761 599 2828; x_wconf 90' lang='lat' dir='ltr'><strong>Dudum</strong></span> <span class='ocrx_word' id='word_1_184' title='bbox 633 2758 823 2847; x_wconf 88' lang='lat' dir='ltr'><strong>providistis</strong></span> <span class='ocrx_word' id='word_1_185' title='bbox 859 2758 1102 2826; x_wconf 89' lang='lat' dir='ltr'><strong>Bartholomeo</strong></span> <span class='ocrx_word' id='word_1_186' title='bbox 1132 2760 1174 2825; x_wconf 90' lang='lat' dir='ltr'><strong>de</strong></span> <span class='ocrx_word' id='word_1_187' title='bbox 1206 2759 1356 2848; x_wconf 88' lang='lat' dir='ltr'><strong>Foylhos</strong></span> <span class='ocrx_word' id='word_1_188' title='bbox 1384 2778 1406 2844; x_wconf 78' lang='lat'><strong>²,</strong></span> <span class='ocrx_word' id='word_1_189' title='bbox 1436 2764 1551 2851; x_wconf 88' lang='lat' dir='ltr'><strong>nepoti</strong></span> 
     </span>
    </p>
   </div>
   <div class='ocr_carea' id='block_1_5' title="bbox 188 2867 1553 4102">
    <p class='ocr_par' dir='ltr' id='par_1_8' title="bbox 188 2867 1553 3992">
     <span class='ocr_line' id='line_1_22' title="bbox 193 2867 1553 2952; baseline -0.001 -16"><span class='ocrx_word' id='word_1_190' title='bbox 193 2871 422 2936; x_wconf 87' lang='lat' dir='ltr'><strong>Bartholomei</strong></span> <span class='ocrx_word' id='word_1_191' title='bbox 454 2869 496 2935; x_wconf 93' lang='lat' dir='ltr'><strong>de</strong></span> <span class='ocrx_word' id='word_1_192' title='bbox 526 2867 687 2935; x_wconf 91' lang='lat' dir='ltr'><strong>Boscario</strong></span> <span class='ocrx_word' id='word_1_193' title='bbox 710 2885 731 2948; x_wconf 84' lang='lat'><strong>³,</strong></span> <span class='ocrx_word' id='word_1_194' title='bbox 755 2867 856 2932; x_wconf 91' lang='lat' dir='ltr'><strong>vestri</strong></span> <span class='ocrx_word' id='word_1_195' title='bbox 887 2868 971 2932; x_wconf 88' lang='lat' dir='ltr'><strong>sacri</strong></span> <span class='ocrx_word' id='word_1_196' title='bbox 1003 2867 1117 2952; x_wconf 88' lang='lat' dir='ltr'><strong>palatii</strong></span> <span class='ocrx_word' id='word_1_197' title='bbox 1149 2887 1189 2932; x_wconf 95' lang='lat' dir='ltr'><strong>ac</strong></span> <span class='ocrx_word' id='word_1_198' title='bbox 1218 2867 1345 2932; x_wconf 91' lang='lat' dir='ltr'><strong>domini</strong></span> <span class='ocrx_word' id='word_1_199' title='bbox 1376 2869 1553 2934; x_wconf 92' lang='lat' dir='ltr'><strong>cardinalis</strong></span> 
     </span>
     <span class='ocr_line' id='line_1_23' title="bbox 193 2968 1549 3056; baseline -0.001 -16"><span class='ocrx_word' id='word_1_200' title='bbox 193 2973 403 3040; x_wconf 88' lang='lat' dir='ltr'><strong>Boloniensis</strong></span> <span class='ocrx_word' id='word_1_201' title='bbox 429 2972 599 3053; x_wconf 82' lang='lat' dir='ltr'><strong>auditoria,</strong></span> <span class='ocrx_word' id='word_1_202' title='bbox 624 2970 665 3037; x_wconf 93' lang='lat' dir='ltr'><strong>de</strong></span> <span class='ocrx_word' id='word_1_203' title='bbox 691 2969 844 3056; x_wconf 90' lang='lat' dir='ltr'><strong>parroch.</strong></span> <span class='ocrx_word' id='word_1_204' title='bbox 868 2972 950 3036; x_wconf 89' lang='lat' dir='ltr'><strong>eccl.</strong></span> <span class='ocrx_word' id='word_1_205' title='bbox 977 2970 1019 3036; x_wconf 92' lang='lat' dir='ltr'><strong>de</strong></span> <span class='ocrx_word' id='word_1_206' title='bbox 1045 2968 1236 3050; x_wconf 88' lang='lat' dir='ltr'><strong>Timbrona,</strong></span> <span class='ocrx_word' id='word_1_207' title='bbox 1261 2968 1428 3039; x_wconf 90' lang='lat' dir='ltr'><strong>Morinen.</strong></span> <span class='ocrx_word' id='word_1_208' title='bbox 1451 2972 1549 3050; x_wconf 72' lang='lat' dir='ltr'><strong>dioc„</strong></span> 
     </span>
     <span class='ocr_line' id='line_1_24' title="bbox 190 3073 1552 3166; baseline 0.001 -23"><span class='ocrx_word' id='word_1_209' title='bbox 190 3100 263 3145; x_wconf 84' lang='lat' dir='ltr'><strong>vae.</strong></span> <span class='ocrx_word' id='word_1_210' title='bbox 280 3099 339 3166; x_wconf 90' lang='lat' dir='ltr'><strong>per</strong></span> <span class='ocrx_word' id='word_1_211' title='bbox 356 3080 409 3144; x_wconf 92' lang='lat' dir='ltr'><strong>ob.</strong></span> <span class='ocrx_word' id='word_1_212' title='bbox 426 3075 515 3142; x_wconf 87' lang='lat' dir='ltr'><strong>Petri</strong></span> <span class='ocrx_word' id='word_1_213' title='bbox 536 3073 728 3155; x_wconf 81' lang='lat' dir='ltr'><strong>Alexandri,</strong></span> <span class='ocrx_word' id='word_1_214' title='bbox 745 3095 810 3159; x_wconf 90' lang='lat' dir='ltr'><strong>que</strong></span> <span class='ocrx_word' id='word_1_215' title='bbox 826 3081 995 3139; x_wconf 86' lang='lat' dir='ltr'><strong>reservata</strong></span> <span class='ocrx_word' id='word_1_216' title='bbox 1020 3074 1191 3140; x_wconf 88' lang='lat' dir='ltr'><strong>collationi</strong></span> <span class='ocrx_word' id='word_1_217' title='bbox 1213 3075 1300 3140; x_wconf 88' lang='lat' dir='ltr'><strong>sedis</strong></span> <span class='ocrx_word' id='word_1_218' title='bbox 1316 3086 1424 3163; x_wconf 89' lang='lat' dir='ltr'><strong>apost.</strong></span> <span class='ocrx_word' id='word_1_219' title='bbox 1440 3078 1552 3163; x_wconf 81' lang='lat' dir='ltr'><strong>crede·</strong></span> 
     </span>
     <span class='ocr_line' id='line_1_25' title="bbox 190 3177 1552 3269; baseline -0.001 -21"><span class='ocrx_word' id='word_1_220' title='bbox 190 3185 296 3264; x_wconf 91' lang='lat' dir='ltr'><strong>batur,</strong></span> <span class='ocrx_word' id='word_1_221' title='bbox 321 3180 380 3248; x_wconf 90' lang='lat' dir='ltr'><strong>sed</strong></span> <span class='ocrx_word' id='word_1_222' title='bbox 406 3180 588 3246; x_wconf 85' lang='lat' dir='ltr'><strong>reservatio</strong></span> <span class='ocrx_word' id='word_1_223' title='bbox 608 3199 676 3244; x_wconf 90' lang='lat' dir='ltr'><strong>non</strong></span> <span class='ocrx_word' id='word_1_224' title='bbox 693 3178 803 3264; x_wconf 90' lang='lat' dir='ltr'><strong>potuit</strong></span> <span class='ocrx_word' id='word_1_225' title='bbox 826 3178 971 3264; x_wconf 89' lang='lat' dir='ltr'><strong>reperiri,</strong></span> <span class='ocrx_word' id='word_1_226' title='bbox 987 3198 1051 3244; x_wconf 93' lang='lat' dir='ltr'><strong>nec</strong></span> <span class='ocrx_word' id='word_1_227' title='bbox 1065 3177 1156 3244; x_wconf 90' lang='lat' dir='ltr'><strong>idem</strong></span> <span class='ocrx_word' id='word_1_228' title='bbox 1171 3178 1427 3247; x_wconf 87' lang='lat' dir='ltr'><strong>Bartholomeus</strong></span> <span class='ocrx_word' id='word_1_229' title='bbox 1442 3183 1552 3269; x_wconf 89' lang='lat' dir='ltr'><strong>provi-</strong></span> 
     </span>
     <span class='ocr_line' id='line_1_26' title="bbox 191 3282 1552 3372; baseline 0 -20"><span class='ocrx_word' id='word_1_230' title='bbox 191 3286 319 3353; x_wconf 90' lang='lat' dir='ltr'><strong>sionem</strong></span> <span class='ocrx_word' id='word_1_231' title='bbox 342 3284 449 3350; x_wconf 91' lang='lat' dir='ltr'><strong>voluit</strong></span> <span class='ocrx_word' id='word_1_232' title='bbox 469 3305 533 3350; x_wconf 90' lang='lat' dir='ltr'><strong>nec</strong></span> <span class='ocrx_word' id='word_1_233' title='bbox 549 3282 659 3349; x_wconf 89' lang='lat' dir='ltr'><strong>adhuc</strong></span> <span class='ocrx_word' id='word_1_234' title='bbox 674 3283 747 3347; x_wconf 91' lang='lat' dir='ltr'><strong>vult</strong></span> <span class='ocrx_word' id='word_1_235' title='bbox 763 3291 950 3368; x_wconf 90' lang='lat' dir='ltr'><strong>acceptare,</strong></span> <span class='ocrx_word' id='word_1_236' title='bbox 960 3302 1170 3367; x_wconf 74' lang='lat' dir='ltr'><strong>quamquam</strong></span> <span class='ocrx_word' id='word_1_237' title='bbox 1185 3291 1338 3370; x_wconf 87' lang='lat' dir='ltr'><strong>tempore</strong></span> <span class='ocrx_word' id='word_1_238' title='bbox 1354 3287 1552 3372; x_wconf 89' lang='lat' dir='ltr'><strong>provisionis</strong></span> 
     </span>
     <span class='ocr_line' id='line_1_27' title="bbox 191 3385 1551 3476; baseline 0.001 -21"><span class='ocrx_word' id='word_1_239' title='bbox 191 3389 291 3476; x_wconf 92' lang='lat' dir='ltr'><strong>ipsius</strong></span> <span class='ocrx_word' id='word_1_240' title='bbox 319 3389 351 3454; x_wconf 92' lang='lat' dir='ltr'><strong>in</strong></span> <span class='ocrx_word' id='word_1_241' title='bbox 377 3389 449 3474; x_wconf 92' lang='lat' dir='ltr'><strong>ipsa</strong></span> <span class='ocrx_word' id='word_1_242' title='bbox 475 3387 616 3453; x_wconf 89' lang='lat' dir='ltr'><strong>ecclesia</strong></span> <span class='ocrx_word' id='word_1_243' title='bbox 641 3385 675 3451; x_wconf 93' lang='lat' dir='ltr'><strong>in</strong></span> <span class='ocrx_word' id='word_1_244' title='bbox 700 3407 735 3450; x_wconf 92' lang='lat' dir='ltr'><strong>re</strong></span> <span class='ocrx_word' id='word_1_245' title='bbox 760 3407 828 3453; x_wconf 93' lang='lat' dir='ltr'><strong>non</strong></span> <span class='ocrx_word' id='word_1_246' title='bbox 845 3395 933 3452; x_wconf 91' lang='lat' dir='ltr'><strong>esset</strong></span> <span class='ocrx_word' id='word_1_247' title='bbox 948 3387 1043 3452; x_wconf 86' lang='lat' dir='ltr'><strong>alteri</strong></span> <span class='ocrx_word' id='word_1_248' title='bbox 1056 3387 1110 3471; x_wconf 84' lang='lat' dir='ltr'><strong>jus</strong></span> <span class='ocrx_word' id='word_1_249' title='bbox 1125 3388 1302 3471; x_wconf 91' lang='lat' dir='ltr'><strong>quesitum,</strong></span> <span class='ocrx_word' id='word_1_250' title='bbox 1318 3410 1382 3456; x_wconf 87' lang='lat' dir='ltr'><strong>nec</strong></span> <span class='ocrx_word' id='word_1_251' title='bbox 1397 3391 1439 3456; x_wconf 89' lang='lat' dir='ltr'><strong>de</strong></span> <span class='ocrx_word' id='word_1_252' title='bbox 1455 3413 1495 3458; x_wconf 88' lang='lat' dir='ltr'><strong>ea</strong></span> <span class='ocrx_word' id='word_1_253' title='bbox 1510 3414 1551 3457; x_wconf 89' lang='lat' dir='ltr'><strong>ex</strong></span> 
     </span>
     <span class='ocr_line' id='line_1_28' title="bbox 190 3490 1551 3581; baseline 0 -20"><span class='ocrx_word' id='word_1_254' title='bbox 190 3505 272 3561; x_wconf 91' lang='lat' dir='ltr'><strong>tuuc</strong></span> <span class='ocrx_word' id='word_1_255' title='bbox 288 3495 322 3560; x_wconf 94' lang='lat' dir='ltr'><strong>in</strong></span> <span class='ocrx_word' id='word_1_256' title='bbox 338 3512 517 3581; x_wconf 91' lang='lat' dir='ltr'><strong>personam</strong></span> <span class='ocrx_word' id='word_1_257' title='bbox 533 3492 669 3558; x_wconf 90' lang='lat' dir='ltr'><strong>alterius</strong></span> <span class='ocrx_word' id='word_1_258' title='bbox 684 3490 718 3556; x_wconf 88' lang='lat' dir='ltr'><strong>S.</strong></span> <span class='ocrx_word' id='word_1_259' title='bbox 732 3490 772 3556; x_wconf 92' lang='lat' dir='ltr'><strong>V.</strong></span> <span class='ocrx_word' id='word_1_260' title='bbox 791 3490 964 3578; x_wconf 88' lang='lat' dir='ltr'><strong>disposuit,</strong></span> <span class='ocrx_word' id='word_1_261' title='bbox 977 3512 1040 3558; x_wconf 89' lang='lat' dir='ltr'><strong>nec</strong></span> <span class='ocrx_word' id='word_1_262' title='bbox 1056 3493 1140 3558; x_wconf 88' lang='lat' dir='ltr'><strong>alter</strong></span> <span class='ocrx_word' id='word_1_263' title='bbox 1156 3493 1333 3577; x_wconf 91' lang='lat' dir='ltr'><strong>quicquam</strong></span> <span class='ocrx_word' id='word_1_264' title='bbox 1348 3500 1361 3528; x_wconf 84' lang='lat'><strong>¹</strong></span> <span class='ocrx_word' id='word_1_265' title='bbox 1376 3494 1551 3581; x_wconf 88' lang='lat' dir='ltr'><strong>disponere</strong></span> 
     </span>
     <span class='ocr_line' id='line_1_29' title="bbox 190 3596 1550 3686; baseline 0 -21"><span class='ocrx_word' id='word_1_266' title='bbox 190 3600 310 3686; x_wconf 91' lang='lat' dir='ltr'><strong>potuit,</strong></span> <span class='ocrx_word' id='word_1_267' title='bbox 338 3602 493 3664; x_wconf 92' lang='lat' dir='ltr'><strong>obstante</strong></span> <span class='ocrx_word' id='word_1_268' title='bbox 518 3597 708 3683; x_wconf 90' lang='lat' dir='ltr'><strong>provisione</strong></span> <span class='ocrx_word' id='word_1_269' title='bbox 738 3597 911 3682; x_wconf 90' lang='lat' dir='ltr'><strong>premissa.</strong></span> <span class='ocrx_word' id='word_1_270' title='bbox 946 3596 1049 3684; x_wconf 90' lang='lat' dir='ltr'><strong>Supp.</strong></span> <span class='ocrx_word' id='word_1_271' title='bbox 1072 3597 1171 3682; x_wconf 92' lang='lat' dir='ltr'><strong>igitur</strong></span> <span class='ocrx_word' id='word_1_272' title='bbox 1194 3607 1284 3682; x_wconf 90' lang='lat' dir='ltr'><strong>quat.</strong></span> <span class='ocrx_word' id='word_1_273' title='bbox 1307 3599 1477 3664; x_wconf 77' lang='lat' dir='ltr'><strong>Andream</strong></span> <span class='ocrx_word' id='word_1_274' title='bbox 1508 3601 1550 3666; x_wconf 92' lang='lat' dir='ltr'><strong>de</strong></span> 
     </span>
     <span class='ocr_line' id='line_1_30' title="bbox 189 3700 1550 3788; baseline 0.001 -18"><span class='ocrx_word' id='word_1_275' title='bbox 189 3702 356 3784; x_wconf 90' lang='lat' dir='ltr'><strong>Boscario,</strong></span> <span class='ocrx_word' id='word_1_276' title='bbox 394 3705 471 3768; x_wconf 93' lang='lat' dir='ltr'><strong>loco</strong></span> <span class='ocrx_word' id='word_1_277' title='bbox 497 3701 631 3788; x_wconf 90' lang='lat' dir='ltr'><strong>nepotis</strong></span> <span class='ocrx_word' id='word_1_278' title='bbox 655 3700 803 3786; x_wconf 88' lang='lat' dir='ltr'><strong>ejusdem</strong></span> <span class='ocrx_word' id='word_1_279' title='bbox 837 3700 1006 3782; x_wconf 88' lang='lat' dir='ltr'><strong>auditoris,</strong></span> <span class='ocrx_word' id='word_1_280' title='bbox 1038 3704 1265 3786; x_wconf 87' lang='lat' dir='ltr'><strong>subrogantes,</strong></span> <span class='ocrx_word' id='word_1_281' title='bbox 1296 3702 1358 3788; x_wconf 92' lang='lat' dir='ltr'><strong>ipsi</strong></span> <span class='ocrx_word' id='word_1_282' title='bbox 1388 3704 1430 3770; x_wconf 88' lang='lat' dir='ltr'><strong>de</strong></span> <span class='ocrx_word' id='word_1_283' title='bbox 1460 3705 1550 3771; x_wconf 86' lang='lat' dir='ltr'><strong>dicta</strong></span> 
     </span>
     <span class='ocr_line' id='line_1_31' title="bbox 188 3804 1549 3894; baseline 0.002 -22"><span class='ocrx_word' id='word_1_284' title='bbox 188 3809 328 3875; x_wconf 90' lang='lat' dir='ltr'><strong>ecclesia</strong></span> <span class='ocrx_word' id='word_1_285' title='bbox 356 3807 536 3892; x_wconf 89' lang='lat' dir='ltr'><strong>dignemini</strong></span> <span class='ocrx_word' id='word_1_286' title='bbox 565 3804 749 3892; x_wconf 90' lang='lat' dir='ltr'><strong>providere,</strong></span> <span class='ocrx_word' id='word_1_287' title='bbox 785 3825 853 3870; x_wconf 91' lang='lat' dir='ltr'><strong>non</strong></span> <span class='ocrx_word' id='word_1_288' title='bbox 878 3807 964 3894; x_wconf 75' lang='lat' dir='ltr'><strong>obst,</strong></span> <span class='ocrx_word' id='word_1_289' title='bbox 988 3805 1079 3889; x_wconf 91' lang='lat' dir='ltr'><strong>quod</strong></span> <span class='ocrx_word' id='word_1_290' title='bbox 1101 3825 1174 3871; x_wconf 91' lang='lat' dir='ltr'><strong>can.</strong></span> <span class='ocrx_word' id='word_1_291' title='bbox 1196 3813 1230 3869; x_wconf 90' lang='lat' dir='ltr'><strong>et</strong></span> <span class='ocrx_word' id='word_1_292' title='bbox 1250 3808 1342 3891; x_wconf 89' lang='lat' dir='ltr'><strong>preb.</strong></span> <span class='ocrx_word' id='word_1_293' title='bbox 1359 3806 1392 3872; x_wconf 93' lang='lat' dir='ltr'><strong>in</strong></span> <span class='ocrx_word' id='word_1_294' title='bbox 1409 3809 1549 3876; x_wconf 89' lang='lat' dir='ltr'><strong>ecclesia</strong></span> 
     </span>
     <span class='ocr_line' id='line_1_32' title="bbox 189 3908 1262 3992; baseline -0.003 -14"><span class='ocrx_word' id='word_1_295' title='bbox 189 3910 333 3992; x_wconf 89' lang='lat' dir='ltr'><strong>Biliomi,</strong></span> <span class='ocrx_word' id='word_1_296' title='bbox 350 3910 600 3976; x_wconf 90' lang='lat' dir='ltr'><strong>Claromonten.</strong></span> <span class='ocrx_word' id='word_1_297' title='bbox 615 3909 713 3990; x_wconf 79' lang='lat' dir='ltr'><strong>dioc,</strong></span> <span class='ocrx_word' id='word_1_298' title='bbox 729 3910 877 3974; x_wconf 91' lang='lat' dir='ltr'><strong>noscitur</strong></span> <span class='ocrx_word' id='word_1_299' title='bbox 892 3911 1054 3975; x_wconf 87' lang='lat' dir='ltr'><strong>obtinere.</strong></span> <span class='ocrx_word' id='word_1_300' title='bbox 1071 3950 1113 3958; x_wconf 93' lang='lat'>-</span> <span class='ocrx_word' id='word_1_301' title='bbox 1130 3908 1205 3974; x_wconf 89' lang='lat' dir='ltr'><strong>Fiat</strong></span> <span class='ocrx_word' id='word_1_302' title='bbox 1223 3909 1262 3975; x_wconf 94' lang='lat' dir='ltr'><strong>R.</strong></span> 
     </span>
    </p>

    <p class='ocr_par' dir='ltr' id='par_1_9' title="bbox 232 4013 1259 4102">
     <span class='ocr_line' id='line_1_33' title="bbox 232 4013 1259 4102; baseline -0.003 -22"><span class='ocrx_word' id='word_1_303' title='bbox 232 4017 311 4081; x_wconf 89' lang='lat' dir='ltr'><strong>Dat.</strong></span> <span class='ocrx_word' id='word_1_304' title='bbox 329 4037 383 4102; x_wconf 92' lang='lat' dir='ltr'><strong>ap.</strong></span> <span class='ocrx_word' id='word_1_305' title='bbox 401 4013 653 4080; x_wconf 90' lang='lat' dir='ltr'><strong>Villamnovam</strong></span> <span class='ocrx_word' id='word_1_306' title='bbox 669 4037 688 4098; x_wconf 84' lang='lat'><strong>4</strong></span> <span class='ocrx_word' id='word_1_307' title='bbox 710 4013 776 4080; x_wconf 89' lang='lat' dir='ltr'><strong>kal.</strong></span> <span class='ocrx_word' id='word_1_308' title='bbox 789 4015 872 4099; x_wconf 91' lang='lat' dir='ltr'><strong>junii</strong></span> <span class='ocrx_word' id='word_1_309' title='bbox 890 4023 925 4080; x_wconf 84' lang='lat' dir='ltr'><strong>a⁰</strong></span> <span class='ocrx_word' id='word_1_310' title='bbox 944 4015 1094 4101; x_wconf 60' lang='lat' dir='ltr'><strong>10⁰.,(2l,</strong></span> <span class='ocrx_word' id='word_1_311' title='bbox 1113 4018 1158 4098; x_wconf 84' lang='grc' dir='ltr'><strong>ό).</strong></span> <span class='ocrx_word' id='word_1_312' title='bbox 1256 4052 1259 4060; x_wconf 91' lang='grc'>-</span> 
     </span>
    </p>
   </div>
   <div class='ocr_carea' id='block_1_6' title="bbox 186 4172 1547 4582">
    <p class='ocr_par' dir='ltr' id='par_1_10' title="bbox 238 4172 1503 4266">
     <span class='ocr_line' id='line_1_34' title="bbox 238 4172 1503 4266; baseline -0.002 -14"><span class='ocrx_word' id='word_1_313' title='bbox 238 4172 379 4255; x_wconf 83' lang='grc'>2166.</span> <span class='ocrx_word' id='word_1_314' title='bbox 1256 4201 1350 4265; x_wconf 79' lang='lat'><em>1351,</em></span> <span class='ocrx_word' id='word_1_315' title='bbox 1368 4201 1409 4266; x_wconf 84' lang='lat'><strong>29</strong></span> <span class='ocrx_word' id='word_1_316' title='bbox 1425 4186 1503 4250; x_wconf 84' lang='lat' dir='ltr'><strong>mai.</strong></span> 
     </span>
    </p>

    <p class='ocr_par' dir='ltr' id='par_1_11' title="bbox 186 4286 1547 4582">
     <span class='ocr_line' id='line_1_35' title="bbox 233 4286 1547 4377; baseline -0.001 -20"><span class='ocrx_word' id='word_1_317' title='bbox 233 4290 331 4358; x_wconf 90' lang='lat' dir='ltr'><strong>Motu</strong></span> <span class='ocrx_word' id='word_1_318' title='bbox 356 4290 491 4377; x_wconf 91' lang='lat' dir='ltr'><strong>proprio</strong></span> <span class='ocrx_word' id='word_1_319' title='bbox 515 4288 729 4376; x_wconf 90' lang='lat' dir='ltr'><strong>providemus</strong></span> <span class='ocrx_word' id='word_1_320' title='bbox 752 4287 900 4368; x_wconf 90' lang='lat' dir='ltr'><strong>Johanni</strong></span> <span class='ocrx_word' id='word_1_321' title='bbox 927 4287 969 4354; x_wconf 91' lang='lat' dir='ltr'><strong>de</strong></span> <span class='ocrx_word' id='word_1_322' title='bbox 996 4286 1086 4353; x_wconf 90' lang='lat' dir='ltr'><strong>Brali</strong></span> <span class='ocrx_word' id='word_1_323' title='bbox 1113 4301 1134 4368; x_wconf 85' lang='lat'><strong>⁴,</strong></span> <span class='ocrx_word' id='word_1_324' title='bbox 1165 4287 1318 4352; x_wconf 83' lang='lat' dir='ltr'><strong>familiari</strong></span> <span class='ocrx_word' id='word_1_325' title='bbox 1348 4294 1474 4370; x_wconf 89' lang='lat' dir='ltr'><strong>nostro,</strong></span> <span class='ocrx_word' id='word_1_326' title='bbox 1505 4290 1547 4356; x_wconf 88' lang='lat' dir='ltr'><strong>de</strong></span> 
     </span>
     <span class='ocr_line' id='line_1_36' title="bbox 186 4389 1546 4482; baseline -0.003 -21"><span class='ocrx_word' id='word_1_327' title='bbox 186 4393 338 4482; x_wconf 88' lang='lat' dir='ltr'><strong>parroch.</strong></span> <span class='ocrx_word' id='word_1_328' title='bbox 354 4397 436 4460; x_wconf 89' lang='lat' dir='ltr'><strong>eccl.</strong></span> <span class='ocrx_word' id='word_1_329' title='bbox 452 4392 494 4459; x_wconf 90' lang='lat' dir='ltr'><strong>de</strong></span> <span class='ocrx_word' id='word_1_330' title='bbox 511 4391 672 4475; x_wconf 90' lang='lat' dir='ltr'><strong>Malenla,</strong></span> <span class='ocrx_word' id='word_1_331' title='bbox 697 4391 865 4459; x_wconf 92' lang='lat' dir='ltr'><strong>Morinen.</strong></span> <span class='ocrx_word' id='word_1_332' title='bbox 884 4392 982 4473; x_wconf 81' lang='lat' dir='ltr'><strong>dioc,</strong></span> <span class='ocrx_word' id='word_1_333' title='bbox 998 4411 1072 4459; x_wconf 89' lang='lat' dir='ltr'><strong>vac.</strong></span> <span class='ocrx_word' id='word_1_334' title='bbox 1088 4411 1148 4477; x_wconf 88' lang='lat' dir='ltr'><strong>per</strong></span> <span class='ocrx_word' id='word_1_335' title='bbox 1163 4393 1217 4458; x_wconf 93' lang='lat' dir='ltr'><strong>ob.</strong></span> <span class='ocrx_word' id='word_1_336' title='bbox 1233 4389 1323 4456; x_wconf 91' lang='lat' dir='ltr'><strong>Petri</strong></span> <span class='ocrx_word' id='word_1_337' title='bbox 1339 4390 1383 4455; x_wconf 94' lang='lat' dir='ltr'><strong>du</strong></span> <span class='ocrx_word' id='word_1_338' title='bbox 1395 4390 1546 4478; x_wconf 90' lang='lat' dir='ltr'><strong>Temple,</strong></span> 
     </span>
     <span class='ocr_line' id='line_1_37' title="bbox 187 4495 1546 4582; baseline -0.002 -17"><span class='ocrx_word' id='word_1_339' title='bbox 187 4499 293 4565; x_wconf 92' lang='lat' dir='ltr'><strong>ultimi</strong></span> <span class='ocrx_word' id='word_1_340' title='bbox 321 4499 459 4565; x_wconf 89' lang='lat' dir='ltr'><strong>rectoris</strong></span> <span class='ocrx_word' id='word_1_341' title='bbox 483 4498 573 4565; x_wconf 91' lang='lat' dir='ltr'><strong>dicte</strong></span> <span class='ocrx_word' id='word_1_342' title='bbox 596 4497 746 4578; x_wconf 90' lang='lat' dir='ltr'><strong>ecclesie,</strong></span> <span class='ocrx_word' id='word_1_343' title='bbox 763 4497 868 4582; x_wconf 91' lang='lat' dir='ltr'><strong>quiin</strong></span> <span class='ocrx_word' id='word_1_344' title='bbox 885 4496 1004 4561; x_wconf 90' lang='lat' dir='ltr'><strong>itinere</strong></span> <span class='ocrx_word' id='word_1_345' title='bbox 1021 4495 1186 4576; x_wconf 91' lang='lat' dir='ltr'><strong>Romano,</strong></span> <span class='ocrx_word' id='word_1_346' title='bbox 1214 4515 1303 4560; x_wconf 89' lang='lat' dir='ltr'><strong>anuo</strong></span> <span class='ocrx_word' id='word_1_347' title='bbox 1315 4495 1441 4580; x_wconf 89' lang='lat' dir='ltr'><strong>jubileo</strong></span> <span class='ocrx_word' id='word_1_348' title='bbox 1456 4497 1546 4562; x_wconf 89' lang='lat' dir='ltr'><strong>diem</strong></span> 
     </span>
    </p>
   </div>
   <div class='ocr_carea' id='block_1_7' title="bbox 197 4668 447 4749">
    <p class='ocr_par' dir='ltr' id='par_1_12' title="bbox 197 4668 447 4749">
     <span class='ocr_line' id='line_1_38' title="bbox 197 4668 447 4749; baseline 0 -15"><span class='ocrx_word' id='word_1_349' title='bbox 197 4668 202 4674; x_wconf 34' lang='lat'>²</span> <span class='ocrx_word' id='word_1_350' title='bbox 217 4687 246 4748; x_wconf 81' lang='lat' dir='ltr'><strong>n)</strong></span> <span class='ocrx_word' id='word_1_351' title='bbox 262 4685 319 4735; x_wconf 79' lang='lat' dir='ltr'><strong>(bd.</strong></span> <span class='ocrx_word' id='word_1_352' title='bbox 330 4689 447 4749; x_wconf 76' lang='lat' dir='ltr'><strong>quicque.</strong></span> 
     </span>
    </p>
   </div>
   <div class='ocr_carea' id='block_1_8' title="bbox 188 4803 434 4813">
    <p class='ocr_par' dir='ltr' id='par_1_13' title="bbox 188 4803 434 4813">
     <span class='ocr_line' id='line_1_39' title="bbox 188 4803 434 4813; baseline -0.008 0"><span class='ocrx_word' id='word_1_353' title='bbox 188 4803 434 4813; x_wconf 69' lang='grc'><strong>--...-.</strong></span> 
     </span>
    </p>
   </div>
   <div class='ocr_carea' id='block_1_9' title="bbox 186 4867 1544 5087">
    <p class='ocr_par' dir='ltr' id='par_1_14' title="bbox 186 4867 1544 5087">
     <span class='ocr_line' id='line_1_40' title="bbox 222 4867 1544 4933; baseline 0.002 -17"><span class='ocrx_word' id='word_1_354' title='bbox 222 4871 243 4916; x_wconf 97' lang='lat' dir='ltr'><strong>l.</strong></span> <span class='ocrx_word' id='word_1_355' title='bbox 262 4869 399 4928; x_wconf 68' lang='lat' dir='ltr'><strong>Engolbrfrt</strong></span> <span class='ocrx_word' id='word_1_356' title='bbox 421 4869 452 4916; x_wconf 85' lang='lat' dir='ltr'><strong>de</strong></span> <span class='ocrx_word' id='word_1_357' title='bbox 471 4867 543 4928; x_wconf 87' lang='lat' dir='ltr'><strong>Rivo,</strong></span> <span class='ocrx_word' id='word_1_358' title='bbox 565 4872 620 4917; x_wconf 87' lang='lat' dir='ltr'><strong>voir</strong></span> <span class='ocrx_word' id='word_1_359' title='bbox 640 4885 664 4919; x_wconf 91' lang='lat' dir='ltr'><strong>u.</strong></span> <span class='ocrx_word' id='word_1_360' title='bbox 677 4872 747 4921; x_wconf 75' lang='lat' dir='ltr'><strong>altu.</strong></span> <span class='ocrx_word' id='word_1_361' title='bbox 761 4870 832 4916; x_wconf 66' lang='lat' dir='ltr'><strong>alil.</strong></span> <span class='ocrx_word' id='word_1_362' title='bbox 846 4897 876 4902; x_wconf 97' lang='lat'>—</span> <span class='ocrx_word' id='word_1_363' title='bbox 890 4871 911 4915; x_wconf 87' lang='grc'><strong>2.</strong></span> <span class='ocrx_word' id='word_1_364' title='bbox 925 4867 986 4914; x_wconf 78' lang='lat' dir='ltr'><strong>l&#39;oir</strong></span> <span class='ocrx_word' id='word_1_365' title='bbox 997 4881 1022 4915; x_wconf 92' lang='lat' dir='ltr'><strong>n.</strong></span> <span class='ocrx_word' id='word_1_366' title='bbox 1039 4869 1106 4926; x_wconf 73' lang='lat' dir='ltr'><strong>lrrt,</strong></span> <span class='ocrx_word' id='word_1_367' title='bbox 1121 4869 1379 4919; x_wconf 70' lang='lat' dir='ltr'><strong>lran.—3.l&#39;0i1·n.</strong></span> <span class='ocrx_word' id='word_1_368' title='bbox 1394 4872 1460 4932; x_wconf 81' lang='grc'>1261,</span> <span class='ocrx_word' id='word_1_369' title='bbox 1476 4875 1544 4933; x_wconf 73' lang='grc'>1268,</span> 
     </span>
     <span class='ocr_line' id='line_1_41' title="bbox 186 4943 798 5004; baseline -0.007 -12"><span class='ocrx_word' id='word_1_370' title='bbox 186 4945 258 4992; x_wconf 80' lang='lat'><strong>1285.</strong></span> <span class='ocrx_word' id='word_1_371' title='bbox 270 4971 300 4978; x_wconf 84' lang='lat'>—</span> <span class='ocrx_word' id='word_1_372' title='bbox 314 4947 335 4992; x_wconf 80' lang='lat'><strong>4.</strong></span> <span class='ocrx_word' id='word_1_373' title='bbox 349 4943 410 4990; x_wconf 74' lang='lat' dir='ltr'><strong>Voir</strong></span> <span class='ocrx_word' id='word_1_374' title='bbox 424 4957 448 4990; x_wconf 90' lang='lat' dir='ltr'><strong>n.</strong></span> <span class='ocrx_word' id='word_1_375' title='bbox 462 4945 531 5004; x_wconf 73' lang='lat'><strong>1408,</strong></span> <span class='ocrx_word' id='word_1_376' title='bbox 546 4945 614 5000; x_wconf 75' lang='lat' dir='ltr'><strong>llll,</strong></span> <span class='ocrx_word' id='word_1_377' title='bbox 632 4945 700 4992; x_wconf 74' lang='lat'><strong>1736.</strong></span> <span class='ocrx_word' id='word_1_378' title='bbox 795 4959 798 4964; x_wconf 93' lang='lat'>·</span> 
     </span>
     <span class='ocr_line' id='line_1_42' title="bbox 237 5031 1494 5087; baseline 0.001 -15"><span class='ocrx_word' id='word_1_379' title='bbox 237 5034 297 5073; x_wconf 79' lang='lat' dir='ltr'><strong>Anal.</strong></span> <span class='ocrx_word' id='word_1_380' title='bbox 315 5031 363 5073; x_wconf 73' lang='lat' dir='ltr'><strong>Vnt.</strong></span> <span class='ocrx_word' id='word_1_381' title='bbox 383 5031 442 5082; x_wconf 71' lang='lat' dir='ltr'><strong>Belg.</strong></span> <span class='ocrx_word' id='word_1_382' title='bbox 1470 5041 1494 5087; x_wconf 80' lang='lat'><strong>3⁶</strong></span> 
     </span>
    </p>
   </div>
   <div class='ocr_carea' id='block_1_10' title="bbox 0 0 1830 5675">
    <p class='ocr_par' dir='ltr' id='par_1_15' title="bbox 0 0 1830 5675">
     <span class='ocr_line' id='line_1_43' title="bbox 0 0 1830 5675; baseline 0 4"><span class='ocrx_word' id='word_1_383' title='bbox 0 0 1830 5675; x_wconf 95' lang='lat' dir='ltr'><strong> </strong></span> 
     </span>
    </p>
   </div>
  </div>
 </body>
</html>
