3650 5675
250 396 312 465 264
476 489 483 500 .
804 399 894 474 1346,
916 399 955 462 1⁰r
974 401 1055 464 nott.

249 551 350 637 cepit,
376 551 489 616 extitit
519 558 713 630 assecutus3
741 550 831 635 quod
855 556 975 634 postea
999 569 1060 634 pro
1087 549 1181 616 altari
1207 551 1238 615 S.
1267 549 1410 617 Barbare
1434 553 1467 618 in
1483 555 1565 621 eccl.
1582 557 1613 621 S.

248 654 415 733 Johannis
431 655 493 720 Ev.
510 656 544 720 in
561 654 774 734 Buscoducis,
791 653 881 718 dicte
905 651 1067 718 Leodien.
1082 654 1180 736 dioc,
1197 656 1298 726 etiam
1323 676 1348 720 s.
1364 677 1404 736 c.,
1422 658 1515 742 cujus
1531 659 1613 725 fruc-

248 766 304 824 tus
320 760 420 824 annui
437 782 456 844 4
472 761 598 825 march.
614 780 687 843 arg.
706 777 875 824 summam
899 777 968 821 non
993 759 1171 838 excedunt,
1187 767 1348 842 tanquam
1370 761 1452 844 juris
1469 762 1612 846 ignarus,

250 863 332 927 alias
346 870 460 927 tamen
477 863 648 944 canonice,
665 861 867 947 permutavit
883 883 892 939 ;
909 859 1000 945 quod
1011 881 1070 947 per
1081 871 1159 928 octo
1176 883 1283 928 annos
1295 865 1348 927 νε]
1362 864 1449 930 circa
1465 867 1613 950 possedit

251 975 286 1030 et
301 966 409 1032 adhuc
425 966 583 1051 possidet,
599 967 725 1031 fructus
746 963 936 1052 percipiens
961 985 1002 1028 ex
1028 964 1148 1029 eodem
1165 966 1305 1052 pacifice
1321 975 1355 1030 et
1372 968 1494 1051 quiete,
1511 978 1546 1035 et
1569 971 1613 1037 ad

251 1091 369 1134 omncs
385 1071 517 1136 ordines
532 1071 684 1156 majores,
700 1070 734 1134 in
747 1068 867 1152 quibus
881 1087 942 1152 per
968 1067 1105 1132 eosdem
1122 1078 1201 1134 octo
1217 1089 1325 1134 annos
1340 1070 1550 1150 ministravit,
1566 1093 1612 1153 se,

251 1173 334 1238 alias
359 1181 473 1238 tamen
499 1174 572 1254 rite,
600 1173 679 1238 fecit
704 1170 905 1258 promoveri.
922 1171 1035 1254 Quare
1061 1192 1156 1257 supp.
1181 1172 1270 1236 idem
1296 1172 1373 1254 dux,
1396 1185 1485 1258 quat.
1506 1175 1613 1262 [dicto

250 1276 421 1361 Amoldo]
439 1297 528 1362 spec.
555 1297 602 1361 gr.
627 1276 799 1355 facientes,
828 1295 964 1339 omnem
991 1275 1211 1340 inhabilitatis
1227 1284 1261 1340 et
1285 1276 1420 1342 infamie
1436 1281 1613 1360 maculam,

250 1379 277 1444 si
289 1400 390 1464 quam
400 1382 635 1465 premissomm
652 1381 829 1445 occasione
845 1379 1023 1458 contraxit,
1040 1367 1222 1460 abolentes,
1239 1401 1316 1444 eum
1342 1390 1378 1445 ut
1393 1382 1483 1467 prius
1498 1384 1613 1448 habili-

251 1491 334 1563 tare,
351 1505 390 1548 ac
406 1505 519 1548 secum
547 1504 645 1569 super
671 1483 847 1568 premissis
865 1481 955 1566 quod
980 1483 1168 1566 hujusmodi
1193 1483 1268 1563 det,
1293 1485 1432 1569 aliisque
1457 1487 1614 1571 predictis

250 1607 463 1670 nequaquam
479 1590 575 1668 obst,
582 1587 615 1651 in
632 1587 794 1671 susceptis
809 1605 869 1670 per
885 1606 973 1665 eum,
990 1595 1026 1649 ut
1039 1587 1228 1670 predicitur,
1235 1586 1404 1653 ordinibus
1416 1589 1612 1669 ministrare,

249 1709 289 1752 ac
305 1689 492 1773 predictum
515 1690 618 1754 altare
634 1690 666 1754 S.
682 1689 827 1754 Barbare
850 1689 975 1753 virtute
996 1688 1086 1754 dicte
1102 1692 1358 1774 permutationis
1374 1695 1561 1774 obtentum,
1578 1703 1613 1758 et

249 1792 317 1856 duo
332 1793 396 1857 alia
411 1795 488 1858 ben.
500 1779 597 1874 eccl,
613 1794 745 1860 etiamsi
762 1793 819 1858 uni
836 1793 967 1857 illorum
984 1812 1062 1858 cura
1085 1793 1259 1858 immineat
1276 1795 1472 1876 animarum,
1489 1797 1515 1860 si
1531 1798 1613 1862 alias

249 1895 310 1960 sibi
338 1898 500 1962 canonice
528 1897 749 1977 conferantur,
769 1897 871 1961 libere
895 1897 1044 1982 recipere
1069 1905 1104 1962 et
1128 1899 1261 1962 insimul
1278 1899 1369 1964 licite
1392 1901 1545 1982 retinere,
1573 1923 1611 1968 ac

249 1998 321 2084 ipsa
348 2020 409 2084 pro
433 2001 505 2065 aliis
530 2001 703 2066 beneficiis
728 2001 832 2065 semel
857 2009 892 2065 et
916 2000 1039 2086 pluries
1065 2011 1254 2088 permutare
1282 2005 1402 2084 valeat,
1419 2003 1611 2090 dispensare

248 2101 455 2186 dignemini3
479 2105 596 2189 quavis
611 2104 853 2170 constitutione
880 2105 1048 2170 contraria
1073 2126 1141 2169 non
1171 2108 1278 2184 obst.;
1305 2106 1429 2172 fructus
1454 2131 1494 2172 ex
1520 2109 1614 2174 dicto

248 2208 342 2272 altari
359 2207 390 2274 S.
407 2207 562 2287 Barbare,
578 2217 616 2274 ut
639 2209 853 2296 premittitur,
869 2216 1049 2294 perceptos
1065 2209 1125 2273 sibi
1153 2208 1194 2274 de
1222 2209 1364 2274 uberiori
1389 2210 1480 2276 dono
1507 2213 1612 2296 gratie

248 2312 469 2381 remittentes.
491 2350 522 2361 -
545 2311 621 2378 Fiat
637 2311 678 2378 R.
1434 2300 1438 2308 ’

293 2414 373 2480 Dat.
387 2416 487 2482 Avin.
505 2437 523 2500 3
540 2415 608 2481 kal.
624 2437 699 2502 aug.
716 2424 749 2480 a⁰
766 2423 809 2500 5⁰.
825 2416 893 2500 (ll,
914 2420 1016 2500 114l).

247 2594 250 2597 ·
300 2549 612 2671 roso-roas.

495 2728 499 2735 ·
593 2703 739 2768 Rolulus
768 2701 1002 2768 L-'m'versr'rau's
1025 2701 1261 2768 Parisr'ensr's,¹

290 2910 413 2992 Primo,
431 2908 531 2977 Petro
547 2912 589 2977 de
605 2912 926 2978 Wascomolendino
942 2926 963 2992 ²,
991 2915 1109 2996 presb,
1138 2932 1224 2995 mag.
1242 2912 1275 2974 in
1303 2918 1363 2975 art.
1381 2921 1415 2975 et
1436 2914 1507 2976 bac.
1530 2917 1607 2975 actu

245 3013 299 3080 lic.
314 3015 348 3079 in
363 3014 478 3098 theol,
494 3016 616 3080 rectori
639 3016 791 3101 patrocli.
820 3017 901 3080 eccl.
918 3016 960 3080 de
986 3015 1125 3101 Capella
1141 3016 1173 3080 in
1201 3014 1392 3098 Tlrerascia,
1415 3014 1610 3080 Laudunen.

244 3118 342 3198 dioc,
358 3140 424 3210 que
437 3140 497 3205 per
513 3120 666 3185 inimicos
688 3120 780 3204 regni
794 3118 946 3200 Francie,
963 3120 1110 3203 quinque
1126 3121 1204 3184 anni
1221 3128 1298 3184 sunt
1311 3120 1423 3204 elapsi,
1435 3122 1609 3187 combusta

246 3222 307 3287 suit
323 3231 357 3288 et
384 3223 470 3288 adeo
497 3223 680 3304 devastata,
708 3244 747 3288 ac
774 3223 878 3288 etiam
903 3224 1046 3288 ecclesia
1070 3224 1220 3287 totaliter
1246 3222 1426 3303 destructa,
1452 3222 1543 3307 quod
1568 3243 1609 3285 ex

245 3332 326 3390 tunc
342 3346 457 3411 parum
475 3347 568 3390 exea
584 3327 711 3408 habuit,
727 3348 791 3392 nec
807 3337 957 3413 speratur
981 3350 1001 3393 a
1027 3330 1130 3413 longo
1155 3336 1307 3413 tempore
1335 3327 1369 3391 in
1386 3326 1532 3391 futurum
1549 3326 1610 3391 sibi

245 3431 389 3495 multum
413 3431 536 3511 valere,
563 3438 654 3515 quat.
678 3432 853 3517 prouidere
880 3432 1064 3517 dignemini
1089 3432 1131 3497 de
1158 3434 1235 3497 ben.
1259 3432 1340 3497 eccl.
1358 3452 1386 3496 c.
1411 3450 1439 3495 c.
1457 3432 1511 3494 vel
1528 3450 1552 3494 s.
1569 3450 1611 3509 c.,

245 3534 376 3600 etiamsi
400 3534 500 3619 dign,
517 3537 571 3599 vel
586 3537 805 3621 prepositura,
822 3557 880 3602 scu
894 3557 991 3622 pers,
1011 3544 1071 3602 aut
1095 3536 1328 3621 patronagium
1355 3534 1498 3613 existat;
1518 3534 1611 3619 cujus

244 3640 369 3705 fructus
386 3690 435 3722 ....,
452 3641 478 3705 si
495 3662 524 3705 c.
541 3661 570 3705 c.
600 3661 669 3722 100,
686 3641 711 3705 si
736 3662 817 3706 vero
842 3663 866 3707 s.
895 3664 923 3707 c.
950 3642 1047 3707 suerit
1066 3662 1105 3725 70
1133 3641 1188 3706 lib.
1210 3639 1288 3705 Tur.
1313 3660 1416 3727 paru,
1443 3658 1509 3702 sec.
1538 3644 1605 3701 tax.

243 3743 385 3824 decime,
399 3745 549 3809 valorem
565 3764 713 3809 annuum
728 3766 796 3810 non
821 3746 998 3827 excedant,
1015 3746 1058 3811 ad
1080 3746 1208 3811 coll.....
1228 3746 1329 3831 episc.
1346 3754 1380 3809 et
1397 3764 1469 3828 cap.
1486 3762 1526 3808 ac
1542 3740 1607 3806 sin·

242 3848 394 3931 gulorum
411 3850 649 3915 canonicorum
664 3851 746 3915 eccl.
763 3848 988 3931 Cameracen,
1004 3850 1135 3915 etiamsi
1162 3850 1293 3915 ratione
1317 3868 1450 3914 suarum
1466 3846 1607 3930 dignita-

243 3960 315 4015 tum
331 3952 385 4015 vel
407 3959 647 4037 personatuum
659 3973 718 4017 seu
735 3952 922 4018 officiorum
941 3974 1006 4038 que
1019 3954 1174 4018 obtinent
1191 3953 1223 4017 in
1242 3953 1361 4018 eadem
1383 3950 1464 4016 eccl.
1482 3948 1607 4032 aliquid

243 4055 394 4119 conferre
408 4055 566 4135 habeant,
582 4062 769 4140 spectante,
785 4056 819 4120 in
845 4059 927 4123 eccl.
944 4057 1101 4137 cathedr,
1118 4056 1182 4122 civ.
1206 4058 1260 4121 νε]
1285 4056 1371 4121 dioc.
1389 4053 1607 4119 Cameracen.

241 4166 300 4222 aut
314 4157 392 4222 alibi
408 4157 597 4241 ubicunque
616 4157 704 4243 [vac.
728 4162 783 4223 vel
798 4160 942 4246 vacat.‚]‘
965 4160 1074 4226 eidem
1091 4158 1192 4225 Petro
1209 4156 1389 4243 dignemini
1406 4146 1605 4241 provideret

240 4280 310 4325 non
326 4265 412 4327 obst.
428 4260 518 4346 quod
533 4261 719 4345 predictam
734 4264 816 4328 eccl.
832 4264 875 4328 de
900 4263 1047 4350 Capella,
1073 4271 1108 4329 et
1124 4284 1199 4328 can.
1216 4270 1251 4327 et
1276 4264 1369 4347 preb.
1386 4260 1420 4325 S.
1435 4257 1604 4323 Laurentii

240 4361 422 4429 Belvacen.
441 4386 450 4444 ;
475 4364 568 4448 cnjus
582 4365 752 4450 prebende
767 4366 894 4432 fructus
909 4368 1060 4433 valorem
1080 4386 1118 4432 ro
1139 4367 1196 4431 lib.
1213 4365 1316 4430 Paris.
1332 4365 1434 4430 libere
1450 4362 1484 4427 in
1506 4360 1606 4427 scolis

239 4487 308 4532 non
332 4468 510 4547 excedunt,
533 4488 573 4533 ac
589 4490 661 4533 can.
677 4472 737 4535 sub
754 4492 829 4557 exp.
845 4475 937 4557 preb.
955 4470 1123 4537 Moriuen.
1137 4471 1361 4548 ecclesiarum,
1378 4475 1466 4533 auct.
1482 4473 1605 4546 restra,

240 4571 390 4636 noscitur
405 4572 565 4636 obtinere.
582 4613 625 4622 -
642 4567 718 4638 Fiat
734 4570 776 4641 R.

272 4838 293 4885 l.
307 4837 411 4895 Deuiflc,
429 4836 552 4898 sllicitat,
562 4836 595 4898 11,
607 4840 721 4888 sua-596.
733 4865 765 4877 -
777 4841 799 4887 2.
812 4839 853 4891 Id.
865 4842 918 4901 596,
933 4842 986 4889 625.
