3650 5675
728 526 816 600 1848,
837 526 887 590 6-7
906 526 982 608 juin.
1479 533 1534 597 881

176 678 342 761 Agatben.
358 677 455 756 dioc,
469 697 541 743 vac.
566 676 609 743 ad
620 697 757 764 presens
782 697 842 762 per
856 685 1001 743 mortem
1025 679 1201 764 Amyelhti
1219 680 1406 768 Figuieyra,
1424 683 1533 749 ultimi

177 781 316 847 rectoris
331 780 402 846 sive
416 781 535 867 prioris
551 781 710 866 ejusdem,
727 781 783 865 qui
810 789 905 848 extra
922 781 1019 848 Rom.
1036 783 1160 849 curiam
1188 785 1277 851 diem
1294 787 1413 854 clausit
1429 797 1535 854 extre-

176 906 279 967 mum,
295 906 360 970 que
376 885 432 951 diu
458 895 538 952 ante
564 893 709 952 mortem
733 885 881 970 ejusdem
904 907 966 973 per
989 886 1019 953 S.
1037 886 1076 954 V.
1093 889 1265 955 collationi
1290 900 1397 977 apost.
1424 891 1536 958 extitit

177 998 387 1071 reservata...
411 998 507 1055 motu
531 989 667 1075 proprio
693 989 876 1074 dignemini
903 989 1103 1076 providere3
1129 1012 1196 1058 non
1213 995 1298 1059 obst.
1324 995 1414 1079 quod
1430 996 1536 1062 archi-

177 1094 393 1161 diaconatum
407 1094 708 1180 Antwerpiensem,
725 1102 760 1159 et
775 1114 849 1160 can.
859 1115 899 1160 ac
914 1098 1007 1180 preb.
1023 1096 1058 1161 in
1074 1095 1302 1180 Cameracen,
1313 1119 1446 1165 necnon
1462 1121 1535 1168 can.

177 1205 212 1264 et
235 1202 326 1285 preb.
343 1208 378 1265 et
407 1198 710 1265 subthesaurariam
735 1199 769 1263 in
796 1197 1002 1266 Noviomen.
1027 1201 1185 1282 ecclesiis,
1200 1201 1349 1268 noscitur
1375 1203 1535 1286 obtinere,

177 1325 290 1370 secum
306 1325 348 1369 ex
362 1303 505 1370 uberiori
521 1304 612 1370 dono
636 1303 753 1389 gratie,
771 1303 861 1389 quod
887 1304 1013 1371 dictam
1029 1306 1112 1372 eccl.
1129 1325 1205 1371 cum
1221 1305 1313 1373 dicto
1329 1307 1535 1376 archidiaco-

175 1418 258 1475 natu
273 1409 424 1475 obtinere
439 1409 564 1490 valeat,
580 1408 821 1494 dispensantes.
838 1449 879 1458 -
897 1407 973 1475 Fiat
990 1417 1024 1476 et
1040 1410 1282 1496 dispensamus.
1300 1410 1339 1477 R.

220 1513 298 1580 Dat.
314 1513 414 1579 Avin.
431 1516 449 1578 8
466 1513 509 1580 id.
518 1512 602 1598 junii
619 1519 652 1578 a⁰
668 1518 710 1596 7⁰.
728 1511 803 1597 (30,
820 1511 858 1579 P.
875 1511 921 1593 II,
936 1533 952 1598 3
978 1514 1003 1598 ).

229 1651 369 1735 1357.
1248 1667 1343 1750 1348,
1366 1666 1386 1730 6
1400 1664 1490 1746 juin.

219 1770 307 1856 Sign.
324 1771 355 1837 S.
372 1769 411 1836 V.
428 1769 655 1835 Theodericus
669 1770 712 1836 de
728 1767 912 1834 Bardewiic
931 1779 949 1848 ¹,
967 1768 1044 1834 cler.
1061 1767 1220 1834 Leodien.
1238 1768 1335 1850 dioc,
1353 1770 1443 1854 quod
1458 1771 1529 1856 ipse

175 1873 401 1940 Theodericus
427 1878 520 1960 perp.
548 1874 709 1959 capellan.
726 1871 839 1938 altaris
855 1870 891 1936 B.
908 1870 958 1938 M.
976 1871 1015 1938 V.
1032 1872 1065 1939 in
1092 1875 1175 1939 eccl.
1203 1873 1245 1938 de
1270 1874 1531 1958 Steenbergben,

175 1978 323 2063 ejusdem
339 1979 436 2058 dioc,
449 1986 484 2043 et
495 1976 660 2043 Martinus
672 1975 819 2042 Venture
834 1976 876 2041 de
886 1975 1036 2042 Tuderto
1052 1997 1124 2042 can.
1136 1986 1170 2043 et
1180 1980 1271 2064 preb.
1281 1980 1363 2044 eccl.
1371 1977 1402 2044 S.
1408 1975 1427 2056 J
1431 1977 1534 2044 ohan·

176 2082 227 2147 nis
243 2080 413 2164 Leodien„
436 2103 496 2168 per
511 2102 607 2147 suum
622 2089 872 2166 procuratorem
888 2081 1002 2146 animo
1024 2081 1237 2167 permutandi
1261 2081 1451 2167 hujusmodi
1477 2103 1534 2148 sua

173 2185 337 2252 beneficia
353 2186 387 2251 in
403 2187 557 2252 manibus
584 2185 624 2253 R.
652 2185 688 2252 P.
716 2185 806 2252 dom.
823 2183 995 2269 Stephani,
1020 2185 1120 2271 episc.
1149 2185 1180 2251 S.
1205 2184 1321 2252 Poncii
1337 2184 1533 2251 Thomeria·

173 2311 256 2372 rum,
287 2291 457 2356 camerarii
484 2291 596 2371 vestri,
617 2289 825 2374 resignarunt
848 2298 883 2354 et
913 2288 1004 2373 quod
1019 2289 1089 2375 ipse
1113 2291 1289 2377 episcopus
1319 2297 1407 2356 auct.
1423 2298 1533 2356 vestra

173 2394 361 2480 hujusmodi
385 2395 631 2480 resignaciones
652 2395 779 2480 recepit
801 2402 837 2460 et
863 2395 1008 2462 admisit.
1039 2395 1150 2480 Quare
1180 2397 1287 2482 suppl.
1318 2403 1410 2480 quat.
1440 2393 1533 2460 dicto

172 2497 384 2565 Theoderico
412 2499 454 2565 de
487 2499 586 2565 dictis
617 2518 691 2564 can.
722 2505 756 2564 et
786 2501 877 2584 preb.
908 2508 944 2564 et
974 2499 1015 2564 de
1047 2499 1209 2584 capellan.
1241 2497 1354 2563 altaris
1390 2497 1531 2583 predicti

173 2605 221 2669 sic
235 2608 310 2671 iac.
325 2603 456 2690 prefato
484 2601 634 2669 Martino
659 2601 842 2687 dignemini
869 2602 1099 2689 providere...;
1122 2622 1191 2667 non
1216 2604 1301 2667 obst.
1327 2603 1532 2666 1101100010-

173 2707 314 2774 siasticis
329 2708 431 2794 ipsius
455 2706 655 2772 Theoderici
679 2727 749 2772 non
774 2707 905 2788 curatis
922 2727 1062 2791 quorum
1078 2705 1187 2772 ‘annui
1213 2705 1362 2772 redditus
1383 2706 1532 2772 valorem

173 2814 292 2881 decern
324 2813 536 2880 marcharum
567 2811 695 2897 argenti
725 2810 908 2877 secundum
938 2811 1150 2879 taxacionem
1180 2809 1310 2878 decime
1340 2830 1408 2878 non
1435 2829 1533 2877 exce-

174 2917 268 2999 dunt,
296 2926 331 2983 et
357 2916 448 3002 quod
474 2916 583 2982 eidem
611 2913 762 2981 Martino
787 2915 830 2981 de
853 2914 1023 2997 fructibus,
1044 2914 1227 2982 redditibus
1253 2925 1288 2982 et
1317 2916 1533 3001 proventibus

172 3023 338 3089 dictorum
363 3042 437 3088 can.
464 3030 499 3087 et
523 3023 615 3106 preb.
641 3020 781 3085 minime
807 3020 1079 3107 respondebatur,
1104 3041 1166 3107 pro
1189 3041 1230 3086 eo
1254 3021 1344 3106 quod
1367 3041 1426 3107 per
1449 3019 1533 3086 duos

173 3126 215 3193 de
241 3148 314 3193 can.
339 3128 418 3193 eccl.
443 3125 474 3192 S.
494 3124 663 3204 ·Johannis
690 3124 840 3210 predicte
864 3124 1047 3191 secundum
1074 3132 1239 3191 statutum
1269 3147 1327 3193 seu
1356 3134 1532 3193 consuetu·

172 3230 287 3296 dinem
302 3230 451 3317 ejusdem
467 3229 509 3295 de
525 3237 634 3295 morte
659 3228 794 3295 Colardi
810 3228 853 3294 de
868 3226 1061 3315 Lemborgh
1070 3240 1090 3310 ²,
1107 3250 1167 3316 per
1182 3232 1274 3315 cujus
1290 3240 1433 3298 mortem
1449 3230 1531 3297 dicti

174 3354 248 3401 can.
264 3344 299 3401 et
313 3336 405 3421 preb.
421 3342 638 3399 vacaverunt.
655 3332 817 3418 Idemque
845 3330 1013 3399 Martinus
1040 3354 1097 3399 eos
1123 3335 1170 3401 sic
1185 3342 1347 3401 vacantes
1370 3337 1531 3403 canonice

173 3439 315 3524 adeptus
330 3448 365 3504 et
380 3439 423 3505 ad
437 3438 591 3505 eamdem
606 3440 698 3523 preb.
714 3436 748 3502 in
763 3437 854 3503 dicta
868 3437 950 3503 eccl.
977 3436 1011 3502 in
1039 3438 1238 3506 canonicum
1265 3447 1419 3526 receptus
1441 3439 1531 3525 paci-

174 3544 237 3609 fice
254 3542 324 3624 fuit,
340 3542 478 3607 minime
494 3541 595 3607 fidem
611 3540 699 3622 fecit,
709 3540 790 3607 licet
804 3542 847 3607 de
859 3542 961 3628 ipsius
971 3542 1105 3609 Colardi
1116 3552 1224 3610 morte
1236 3543 1319 3611 alias
1334 3544 1531 3625 constiterit,

173 3656 209 3713 et
232 3657 385 3715 constare
409 3647 514 3733 possit
544 3644 757 3728 sufficienter,
792 3647 1011 3713 decernentes
1037 3646 1107 3713 iore
1131 3648 1225 3715 dicto
1250 3647 1461 3715 Theoderico
1490 3648 1533 3713 de

173 3751 343 3833 fructibus,
353 3751 535 3819 redditibus
550 3759 584 3816 et
594 3751 814 3836 proventibus
828 3752 1055 3837 predictorum
1071 3752 1288 3818 canonicatus
1304 3760 1339 3818 et
1353 3751 1533 3839 prebende,

172 3864 300 3923 statuto
315 3856 503 3941 hujusmodi
520 3876 587 3921 non
605 3858 760 3922 obstante
775 3856 1008 3943 respondendi.
1024 3893 1056 3905 -
1078 3856 1153 3922 Fiat
1168 3877 1237 3922 non
1253 3859 1338 3923 obst.
1348 3857 1438 3924 dicta
1455 3876 1532 3923 con-

173 3960 359 4026 suetudine.
378 3958 418 4025 R.

217 4064 296 4131 Dat.
312 4064 412 4131 Avin.
429 4067 448 4130 8
465 4063 508 4130 id.
522 4063 605 4149 junii
621 4070 654 4129 a⁰
665 4071 706 4147 7⁰.
724 4064 795 4147 (15,
814 4069 896 4149 ὅγ’).

226 4200 368 4288 1358.
1260 4218 1354 4300 1348,
1373 4234 1391 4300 7
1401 4214 1490 4299 jum.

216 4320 318 4408 Supp.
334 4320 522 4405 Stephanus
537 4316 706 4386 Balistarii
715 4330 736 4401 ³,
753 4326 845 4404 quat.
865 4317 900 4406 [J
904 4319 1029 4385 ohanni
1046 4320 1129 4402 Vde,
1145 4323 1253 4407 presb.
1265 4320 1424 4389 Leodien.
1434 4320 1532 4404 11100,

172 4423 214 4490 (10
230 4424 413 4510 presbitero
427 4422 559 4510 genito]
586 4432 620 4489 et
647 4423 767 4504 soluta,
789 4422 846 4509 qui
870 4444 911 4488 ex
939 4423 1188 4509 dispensatione
1213 4423 1300 4491 sedis
1327 4433 1435 4511 apost.
1460 4446 1532 4493 can.

172 4536 207 4593 et
233 4530 324 4613 preb.
352 4547 392 4593 ac
419 4525 566 4593 officium
593 4526 763 4593 scolastrie
789 4528 871 4593 eccl.
896 4525 1026 4594 Montis
1053 4528 1084 4595 S.
1108 4527 1289 4610 Gertrudis,
1316 4529 1406 4596 dicte
1434 4530 1531 4612 dioc,

170 4631 390 4698 ascendentes
405 4632 541 4717 singulis
565 4631 662 4697 annis
678 4631 848 4698 communi
875 4631 1090 4699 estimatione
1106 4633 1140 4698 in
1156 4634 1312 4700 universo
1338 4654 1377 4719 45
1404 4634 1437 4700 fl.
1461 4634 1531 4699 auri

205 4831 226 4877 l.
238 4828 301 4877 Voir
317 4843 342 4878 n.
361 4829 431 4887 1240,
451 4830 529 4884 talin
549 4828 649 4887 Kirscb,
667 4828 939 4888 Anmren,1,127.-
956 4832 979 4878 2.
998 4830 1039 4877 Un
1057 4829 1161 4879 Nicolas
1178 4831 1210 4879 rle
1222 4832 1362 4892 himbourg
1375 4832 1416 4879 lut
1428 4830 1489 4879 cure
1500 4831 1532 4879 de

171 4902 436 4965 iiddom-Baptistae
448 4900 570 4963 Libgcde
582 4902 672 4950 138011
685 4904 748 4951 1359
766 4902 854 4964 (Ball.
871 4901 902 4949 dr
919 4902 945 4949 ln
963 4902 1015 4951 Sor.
1027 4901 1095 4949 d’rrl
1107 4908 1130 4949 rt
1142 4903 1225 4952 d'lriat.
1237 4902 1269 4950 de
1282 4903 1362 4968 L'il‘pe,
1376 4904 1448 4955 XlV.
1462 4904 1530 4961 alo).

170 5002 203 5010 -
220 4978 242 5025 ³.
255 4975 353 5025 Porticr
369 4975 405 5023 du
418 4990 485 5041 pape
497 4976 566 5038 (voir
577 4990 603 5025 n.
616 4976 685 5037 789.)
