3650 5675
276 440 335 504 222
806 441 894 516 1345,
917 440 999 505 11-25
1021 445 1101 507 aolt.

274 590 399 671 mundi,
416 593 491 656 abb.
507 591 699 656 monasterii
715 590 914 671 GrassensiS,
929 589 970 655 O.
987 591 1018 656 S.
1035 590 1083 668 Β.,
1099 590 1336 659 Carcassonen.
1352 592 1451 674 dioc,
1467 580 1638 660 mandato

274 704 386 762 vestro
402 695 462 760 sibi
479 696 613 786 oraculo
628 696 705 761 vive
718 696 809 761 uocis
825 696 917 761 sacto
942 695 1142 782 recipientis,
1160 696 1250 783 apud
1274 697 1387 763 sedem
1408 706 1516 783 apost.
1532 698 1634 764 libere

275 798 522 885 resignaverint,
538 796 576 863 B.
595 798 643 864 M.
662 800 704 865 de
720 798 951 885 Busengheem
978 798 997 877 J
1001 799 1123 866 ohanni
1145 800 1188 866 de
1206 802 1310 867 Roest
1327 810 1362 867 et
1377 802 1408 866 S.
1425 799 1455 879 J.
1472 801 1511 867 B.
1528 803 1633 868 eccle-

276 905 341 969 sias
356 903 523 990 predictas
550 902 723 989 Stephano
747 904 904 990 predictis
934 925 994 989 per
1018 906 1208 990 hujusmodi
1230 906 1386 991 resignat.
1414 906 1504 993 apud
1519 906 1633 972 sedern

276 1007 419 1074 eandem
435 1028 508 1073 vac.
526 1016 615 1074 auct.
632 1017 740 1096 apost.
758 1009 906 1075 conferre
923 1008 1115 1094 dignemini.
1137 1047 1168 1058 —
1190 1010 1268 1077 Fiat
1283 1031 1345 1098 pro
1360 1019 1501 1096 utroque
1518 1010 1558 1077 R.

320 1112 400 1179 Dat.
416 1112 515 1178 Avin.
534 1132 550 1198 5
568 1111 612 1179 id.
629 1133 701 1198 aug.
719 1121 753 1179 a⁰
769 1121 812 1199 4⁰.
829 1114 878 1197 (9,
899 1117 986 1199 130).

330 1250 444 1334 894.
1334 1285 1429 1352 1345,
1446 1286 1486 1331 rr
1503 1269 1590 1330 aoat.

320 1371 421 1457 Supp.
447 1368 592 1434 Leonius
616 1367 808 1451 Baebeleer,
836 1389 924 1454 mag.
951 1370 985 1434 in
1012 1377 1084 1450 art,
1114 1370 1277 1457 plebanus
1306 1370 1459 1456 parroch.
1486 1368 1567 1436 eccl.
1595 1365 1633 1434 B.

277 1472 398 1540 Gudile
418 1480 431 1508 ¹¹
455 1471 688 1555 Bruxellensis,
713 1473 929 1540 Cameracen.
955 1473 1053 1553 dioc,
1081 1473 1162 1540 olim
1177 1483 1289 1540 vester
1312 1475 1447 1541 scolaris
1468 1474 1503 1539 in
1519 1471 1633 1553 theol,

277 1588 367 1664 quat.
387 1579 448 1645 sibi
473 1579 612 1644 decan.
637 1580 719 1645 eccl.
741 1578 772 1644 S.
801 1579 982 1645 Salvatoris
1008 1578 1197 1664 Trajecten.
1225 1588 1260 1645 et
1282 1582 1373 1666 preb.
1400 1600 1477 1645 cum
1503 1578 1635 1665 supple·

277 1692 393 1750 mento
411 1682 591 1768 dignemini
608 1684 780 1769 providere
796 1707 803 1764 ;
821 1704 889 1750 non
912 1687 998 1750 obst.
1020 1682 1110 1768 quod
1127 1683 1253 1750 dictam
1275 1685 1468 1770 plebaniam
1484 1683 1634 1770 parroch.

278 1788 425 1854 noscitur
440 1788 600 1854 obtinere.
616 1830 659 1839 —
675 1788 753 1855 Fiat
770 1788 808 1855 R.

323 1892 410 1957 Item
426 1914 520 1980 supp.
533 1901 625 1978 quat.
642 1892 702 1959 sibi
719 1902 753 1959 et
768 1892 788 1971 J
791 1894 914 1960 olranni
932 1892 1125 1974 Bachelcer,
1138 1895 1208 1979 ejus
1223 1894 1411 1979 patri,laic0
1421 1893 1634 1959 Cameracen.

278 1996 375 2079 dioc,
395 1996 479 2084 [ind.
495 1997 529 2061 in
546 2006 607 2064 art.
623 2006 721 2064 mort.
739 1996 923 2063 concedere
947 1997 1158 2084 dignemini].
1175 2038 1216 2048 —
1233 1997 1309 2063 Fiat
1325 1996 1365 2064 R.

323 2100 401 2166 Dat.
414 2101 513 2167 Avin.
532 2123 549 2187 3
567 2102 610 2169 id.
627 2123 701 2188 aug.
718 2110 752 2168 a⁰
768 2110 811 2187 4⁰.
828 2105 876 2187 (9,
898 2106 984 2188 144).

331 2239 442 2325 895·
1335 2274 1429 2339 1345,
1447 2275 1486 2338 24
1504 2258 1591 2319 aoett.

324 2360 425 2447 Supp.
444 2359 586 2427 Brictius
600 2360 644 2428 de
660 2360 853 2427 Callenielle
870 2370 889 2443 ¹,
902 2359 1000 2443 diac,
1025 2381 1113 2446 mag.
1141 2359 1175 2425 in
1200 2367 1271 2441 art,
1287 2360 1340 2426 lic.
1358 2360 1390 2424 in
1412 2360 1484 2443 jure
1511 2357 1585 2436 civ,
1601 2360 1636 2418 et

279 2465 413 2533 scolaris
428 2468 557 2553 injure,
575 2466 666 2553 quod
692 2488 769 2533 cum
796 2466 866 2552 ipse
882 2466 1020 2532 affectet
1035 2466 1069 2531 in
1087 2464 1131 2531 U.
1147 2462 1178 2542 J.
1202 2472 1335 2531 tantum
1359 2462 1520 2551 proficere
1547 2457 1636 2545 quod

279 2574 384 2658 possit
400 2573 443 2639 ad
458 2572 653 2641 doctoratus
669 2571 809 2657 insignia
824 2571 1008 2658 pervenire,
1025 2577 1116 2655 quat.
1144 2591 1221 2636 cum
1246 2592 1298 2650 eo,
1314 2570 1370 2653 qui
1385 2566 1538 2655 patrocli.
1555 2563 1635 2629 eccl.

279 2676 310 2741 S.
326 2672 471 2742 Amandi
487 2678 521 2742 in
538 2677 674 2760 Pabula,
685 2676 872 2743 Tomacen.
884 2677 1031 2757 dioc.,er
1047 2683 1158 2742 vestra
1174 2676 1355 2743 collatione
1367 2674 1507 2752 obtinet,
1523 2670 1635 2755 digne-

278 2781 360 2848 mini
376 2782 577 2869 dispensare,
594 2781 684 2868 quod
700 2802 803 2867 usque
829 2781 871 2848 ad
897 2781 1076 2847 triennium
1103 2780 1278 2848 residendo
1305 2780 1339 2846 in
1364 2778 1475 2846 studio
1489 2770 1634 2862 generali

279 2885 384 2970 possit
400 2885 555 2952 fructus...
582 2885 671 2952 dicte
696 2907 754 2951 sue
769 2887 850 2952 eccl.
876 2907 953 2952 cum
977 2907 1017 2950 ea
1044 2886 1236 2970 integritate
1260 2884 1431 2971 percipere
1453 2889 1487 2946 et
1502 2881 1632 2958 habere,

280 3009 357 3054 curn
380 3009 446 3073 qua
473 2990 562 3075 ipsos
589 2979 776 3077 'perciperet
801 2990 877 3055 siin
903 2991 975 3076 ipsa
1003 2991 1085 3056 eccl.
1110 2991 1329 3076 personaliter
1353 2988 1519 3066 resideret,
1535 2991 1569 3049 et
1591 2980 1633 3048 ad

281 3092 504 3159 sacerdotium
520 3104 693 3180 promotus
709 3095 875 3176 existeret,
892 3103 928 3160 et
944 3093 1034 3179 quod
1049 3095 1183 3160 interim
1210 3117 1277 3161 non
1301 3102 1455 3160 teneatur
1470 3090 1514 3157 ad
1528 3109 1634 3156 sacer·

282 3195 410 3262 dotium
423 3200 612 3283 promoveri
628 3223 636 3281 ;
653 3219 721 3265 non
735 3202 820 3265 obst.
833 3199 924 3284 quod
936 3199 1039 3264 aliam
1051 3200 1295 3285 parrocl1.eccl.
1306 3197 1496 3277 obtinuerit,
1512 3202 1636 3261 etcum

282 3320 323 3366 eo
335 3301 424 3384 quod
437 3300 481 3367 ad
490 3303 712 3369 sacerdotium
722 3325 789 3370 non
803 3312 972 3369 teneretur
983 3306 1172 3390 promoveri
1186 3304 1353 3371 audiendo
1364 3311 1399 3368 et
1408 3300 1552 3386 legendo
1563 3301 1637 3386 jura

281 3405 390 3470 civilia
407 3405 450 3470 ad
465 3409 677 3493 septennium
693 3431 752 3495 per
772 3410 836 3475 loci
853 3408 1056 3475 ordinarium
1079 3410 1178 3475 fuerit
1192 3411 1429 3494 dispensatum.
1452 3442 1483 3452 -
1505 3403 1581 3468 Fiat
1598 3402 1637 3467 R.

325 3509 405 3586 Dat.
422 3511 521 3576 Avin.
541 3533 558 3592 9
576 3511 643 3578 kal.
660 3524 745 3600 sept.
761 3523 793 3579 a¹’
810 3523 853 3598 4⁰.
871 3517 920 3594 (9,
941 3519 1041 3598 156⁹).

288 3673 292 3679 '
332 3644 444 3743 896.
1339 3681 1433 3746 1345,
1450 3679 1491 3742 25
1507 3665 1595 3725 aurit.

323 3757 424 3851 Sup'p.
440 3764 459 3843 J
463 3765 613 3831 ohannes
628 3766 670 3832 de
687 3767 828 3834 Pistorio
839 3786 859 3848 ²,
870 3775 962 3852 quat.
973 3768 1043 3854 ejus
1055 3769 1251 3834 familiarem
1261 3767 1443 3834 Goblinum
1456 3764 1499 3830 de
1512 3763 1638 3828 Ketlre-

279 3889 369 3954 neyo
380 3878 401 3950 ³,
418 3870 494 3937 cler.
513 3869 642 3937 Meten.
658 3871 756 3954 dioc,
773 3871 807 3938 in
824 3873 914 3938 omni
938 3873 1010 3960 jure
1031 3873 1121 3958 quod
1136 3872 1246 3938 eidem
1261 3870 1280 3949 J
1284 3870 1408 3938 olranni
1425 3867 1587 3955 competit
1602 3867 1637 3931 in

280 3974 432 4058 parroch.
449 3976 531 4040 eccl.
547 3975 589 4041 de
607 3975 751 4043 Markou
768 3987 787 4058 ⁴,
805 3975 966 4043 Leodien.
982 3977 1079 4059 dioc,
1095 3977 1139 4043 de
1151 3977 1259 4061 quain
1276 3975 1375 4042 Rom.
1391 3995 1458 4041 cur.
1475 3974 1508 4039 in
1524 3979 1636 4039 vestro

280 4096 375 4143 sacro
390 4078 517 4164 palatio
533 4080 651 4166 litigat,
668 4080 850 4166 dignemini
867 4083 1044 4166 subrogare
1059 4103 1068 4162 ;
1084 4101 1153 4147 non
1168 4083 1255 4146 obst.
1268 4079 1358 4165 quod
1373 4078 1462 4145 idem
1475 4077 1637 4144 Goblinus

281 4201 353 4248 can.
377 4190 412 4247 et
433 4187 523 4269 preb.
540 4185 574 4249 in
603 4185 657 4251 SS.
673 4186 914 4271 Apostolorum
940 4185 1114 4253 Colonien.
1131 4194 1166 4252 et
1189 4186 1223 4250 in
1251 4185 1282 4250 S.
1311 4182 1452 4249 Dionisii
1476 4180 1636 4248 Leodien.

280 4286 428 4352 ecclesiis
444 4307 518 4353 can.
534 4290 594 4353 sub
608 4309 682 4374 exp.
698 4292 790 4376 preb.
807 4290 956 4356 noscitur
970 4291 1132 4357 obtinere.
1162 4327 1194 4338 -
1227 4287 1302 4354 Fiat
1331 4288 1370 4353 R.
1390 4285 1586 4372 Resignavit
1603 4284 1637 4348 in

279 4390 433 4456 manibus
446 4393 575 4484 nostris.
601 4391 641 4458 R.

324 4494 401 4562 Dat.
417 4496 517 4562 Avin.
535 4499 552 4562 8
570 4496 635 4562 kal.
652 4506 736 4584 sept.
760 4507 793 4564 a⁰
809 4507 851 4583 4⁰.
871 4501 921 4584 (9,
941 4501 1027 4584 157).

312 4681 340 4743 u)
357 4681 414 4732 [lul.
426 4683 515 4734 Guale.

282 4821 532 4832 ——---——

315 4903 337 4952 1.
350 4902 411 4952 Voir·
423 4917 447 4953 ιι.
462 4905 515 4953 747.
527 4934 557 4941 --
570 4907 592 4954 2.
606 4905 667 4953 l'oir
679 4921 702 4956 ιι.
718 4909 770 4956 171.
783 4936 815 4942 --
826 4909 849 4957 3.
864 4909 923 4956 l'oir
935 4924 959 4957 u.
974 4911 1027 4958 194.
1040 4937 1071 4945 —
1083 4911 1106 4958 l.
1120 4910 1180 4957 l'mr
1191 4924 1215 4958 n.
1229 4911 1283 4958 300.
