3650 5675
307 515 343 580 12
842 511 929 585 1342.
952 509 1041 575 17-26
1059 510 1137 591 juin.

312 663 509 753 [dignemini
526 662 730 749 providere],
747 683 815 728 non
832 666 917 728 obst.
934 662 1025 746 quod
1040 682 1114 728 can.
1130 671 1165 727 et
1180 665 1272 749 preb.
1289 664 1371 729 eccl.
1387 662 1418 728 S.
1441 660 1579 729 Martini
1594 661 1674 728 His-

309 768 474 849 diniensiS,
491 768 582 833 dicte
597 765 1036 846 Morinen.dioc.,noscit1u
1051 766 1212 832 obtinere.
1228 765 1358 831 -Fiat
1371 765 1411 832 R.

318 924 321 929 .
353 874 433 938 Dat.
448 872 547 938 Avin.
565 892 600 956 15
617 870 683 937 kal.
697 872 769 957 julii
786 880 820 936 a⁰
837 878 876 936 1⁰.
890 870 934 955 (I,
952 880 1052 954 1341).

359 1017 432 1101 51.
1377 1048 1470 1112 1342,
1490 1048 1530 1112 17
1538 1028 1627 1111 juin.

352 1136 453 1221 Supp.
470 1132 501 1197 S.
517 1130 557 1197 V.
574 1130 746 1209 Jobannes
760 1130 803 1195 de
820 1128 1030 1195 Warmerrua
1047 1139 1065 1211 ¹,
1072 1130 1271 1195 Ambianen.
1287 1130 1385 1213 dioc.,
1401 1132 1491 1198 doct.
1507 1132 1541 1197 in
1557 1134 1672 1214 theol„

308 1246 400 1324 quat.
416 1236 526 1302 eidem
541 1235 584 1300 de
600 1256 674 1300 can.
700 1242 734 1299 ct
758 1236 850 1321 preb.
878 1233 959 1299 eccl.
986 1230 1212 1315 cameracen,
1237 1232 1326 1320 [vac.
1350 1236 1404 1300 vel
1427 1234 1570 1322 vacat.],
1595 1257 1671 1302 curn

307 1341 407 1427 dign,
430 1360 526 1426 pers,
553 1338 606 1401 vel
633 1337 687 1403 off.
717 1359 745 1403 c.
761 1359 790 1403 c.
811 1338 865 1402 vel
892 1357 917 1402 s
934 1358 973 1416 c.,
997 1338 1220 1403 communiter
1242 1338 1297 1403 vei
1323 1338 1464 1420 divisim,
1492 1339 1672 1425 dignemini

307 1443 482 1532 providere
499 1466 507 1523 3
524 1462 592 1507 non
606 1445 690 1507 obst.
704 1441 793 1525 quod
809 1462 881 1507 can.
899 1449 934 1505 et
948 1444 1040 1527 preb.
1057 1462 1134 1507 curn
1149 1442 1318 1508 decanatu
1334 1444 1415 1509 eccl.
1432 1444 1464 1508 S.
1481 1443 1570 1509 Petri
1593 1442 1672 1509 Cas

307 1548 453 1628 letensiS,
467 1545 634 1612 Morinen.
644 1545 741 1627 dioc.,
752 1546 901 1611 noscitur
916 1544 1127 1610 obtinere-
1139 1544 1214 1610 Fiat
1231 1545 1322 1611 R.-
1333 1546 1447 1612 Etiam
1463 1547 1506 1613 de
1520 1547 1620 1633 dign„
1632 1547 1672 1614 R.

353 1652 397 1716 Et
413 1651 546 1737 placeat
562 1651 593 1715 S.
610 1650 649 1715 V.
666 1648 775 1714 eidem
791 1649 869 1714 dare
891 1648 1008 1713 datam
1024 1647 1213 1714 traditionis
1234 1650 1332 1715 rotuli
1348 1651 1572 1716 universitatis
1584 1651 1673 1717 Pari-

308 1757 399 1835 sien.‚
424 1754 550 1819 scilicet
567 1773 574 1819 ε
596 1774 632 1837 15
648 1753 716 1819 kal.
730 1754 813 1840 juti,
830 1754 864 1817 in
880 1774 948 1836 quo
964 1752 1100 1837 quidem
1115 1753 1226 1820 rotulo
1242 1754 1362 1839 petitio
1378 1755 1597 1841 supplicantis
1622 1764 1673 1821 est

308 1858 476 1943 inscripta.
492 1896 536 1907 -—
553 1856 628 1922 Fiat
644 1856 686 1923 de
701 1856 781 1923 data
796 1856 994 1922 nunciorum
1010 1856 1233 1923 universitatis
1246 1857 1404 1923 Parisien.
1422 1859 1462 1924 R.

352 1962 432 2027 Dat.
454 1981 489 2046 15
507 1960 572 2027 kal.
587 1960 668 2046 julii,
685 1968 722 2027 ut
738 1961 871 2046 petitur,
888 1960 967 2045 quia
978 1960 1026 2026 sic
1041 1968 1093 2025 est
1104 1960 1139 2025 in
1154 1962 1303 2047 registro.
1320 1962 1363 2047 (1,
1381 1965 1471 2047 237).

360 2104 438 2188 52.
1376 2141 1472 2206 1542,
1489 2143 1530 2187 21
1542 2120 1628 2203 juin.

355 2223 454 2290 Motu
469 2224 603 2311 proprio
618 2244 695 2310 pror
704 2224 832 2289 idemus
848 2220 995 2288 Guidoni
1011 2222 1054 2287 de
1069 2221 1311 2290 Veutbodoro²
1327 2225 1414 2304 cler„
1430 2227 1504 2290 bac.
1521 2224 1555 2290 in
1573 2224 1673 2305 decr„

310 2326 525 2394 Lemoricen.
550 2326 647 2409 dioc.,
664 2326 706 2393 de
723 2348 796 2393 can.
821 2337 856 2391 et
871 2328 962 2412 preb.
989 2327 1071 2392 ecci.
1100 2325 1315 2393 Cameracen.
1337 2349 1377 2394 ac
1403 2329 1674 2395 archidiaconatu

310 2430 515 2496 Bruxellensi
538 2431 571 2496 in
596 2430 714 2496 eadem
738 2432 831 2511 ecci,
847 2450 931 2515 quos
958 2438 1037 2496 aute
1057 2432 1305 2517 promotionem
1320 2440 1470 2498 nostram
1486 2432 1528 2499 ad
1544 2434 1674 2520 apicem

310 2535 430 2599 summi
459 2536 694 2621 apostolatus³
720 2556 761 2599 ex
777 2534 958 2600 collatione
973 2541 1008 2599 et
1023 2534 1274 2621 dispensatione
1297 2535 1384 2601 sedis
1407 2545 1514 2623 apost.
1538 2539 1675 2602 teneba-

309 2660 383 2705 mus
398 2662 406 2719 ς
434 2660 502 2704 non
528 2642 612 2705 obst.
638 2640 728 2723 quod
749 2659 821 2705 cau.
838 2647 873 2703 et
889 2642 980 2725 preb.
997 2639 1029 2702 in
1047 2639 1129 2704 eccl.
1145 2638 1324 2705 Camoten.
1341 2648 1499 2706 noscatur
1514 2640 1675 2706 obtinere.

310 2784 353 2797 -
371 2736 448 2809 Fiat
464 2742 505 2809 R.

354 2849 433 2914 Dat.
449 2849 547 2914 Avin.
569 2870 602 2912 11
623 2848 689 2914 kal.
703 2849 774 2935 julii
788 2857 822 2914 a⁰
841 2856 881 2912 1⁰.
898 2846 942 2933 (1,
960 2849 1031 2931 26⁸⁵)

362 2993 442 3077 53.
1381 3025 1476 3090 1342,
1493 3029 1512 3071 2
1511 3027 1533 3090 3
1543 3005 1630 3088 juin.

356 3112 458 3196 Supp.
482 3109 670 3195 Stephanus
692 3108 734 3173 de
761 3107 900 3172 Vissaco
926 3107 1032 3188 miles,
1060 3105 1150 3171 dom.
1177 3106 1220 3171 de
1240 3108 1396 3189 Arienc0,
1425 3108 1674 3176 Claramonten.

313 3213 411 3294 dioc.,
425 3221 516 3297 quat.
534 3211 708 3278 Ludovico
723 3210 766 3276 de
776 3209 915 3276 Vissaco
930 3218 1012 3275 nato
1035 3229 1105 3290 suo,
1130 3210 1217 3290 cler..
1241 3211 1284 3276 de
1311 3233 1385 3278 cau.
1409 3221 1444 3278 et
1474 3217 1566 3301 preb.
1593 3215 1674 3280 ecci.

313 3317 513 3381 Ambianen.
530 3315 712 3400 dignemini
727 3314 912 3400 providere.
931 3353 971 3362 -
986 3312 1063 3378 Fiat
1074 3313 1108 3377 in
1124 3315 1206 3379 eccl.
1224 3313 1390 3382 Morinen.
1408 3316 1448 3383 R.
1606 3326 1612 3333 ’

359 3419 436 3484 Dat.
453 3420 551 3484 Avin.
567 3427 605 3484 ut
620 3439 692 3504 sup.
716 3452 740 3472 =
779 3439 796 3499 9
810 3417 878 3482 kal.
891 3418 963 3504 julii
976 3425 1009 3484 a⁰
1025 3427 1064 3484 1⁰.
1081 3417 1124 3501 (1,
1139 3426 1219 3502 27³).

364 3564 446 3649 54.
1385 3599 1480 3664 1342,
1497 3602 1516 3644 2
1518 3601 1539 3664 3
1544 3579 1630 3662 juin.

356 3684 457 3769 Supp.
470 3682 489 3761 J
493 3683 642 3750 ohannes
658 3680 803 3761 Bernier,
816 3700 943 3767 pauper
958 3681 1035 3745 cler.
1050 3678 1216 3745 Morinen.
1229 3679 1326 3761 dioc.,
1343 3692 1436 3766 quat.
1449 3692 1485 3749 ut
1500 3705 1568 3750 non
1590 3687 1675 3749 obst.

311 3788 445 3854 defectu
461 3787 634 3868 natalium,
650 3806 751 3870 quem
766 3786 893 3872 patitur
908 3783 951 3849 de
972 3785 1152 3870 conjugato
1167 3785 1297 3868 genitus
1320 3795 1354 3851 et
1369 3789 1488 3869 soluta,
1504 3789 1609 3874 possit
1631 3787 1677 3853 ad

312 3913 429 3959 omnes
445 3892 576 3958 ordines
588 3890 776 3977 promoveri
789 3898 823 3955 et
838 3893 914 3955 ben.
928 3889 1010 3954 ecci.
1025 3889 1186 3954 obtinere.
1198 3927 1241 3938 -
1254 3888 1329 3955 Fiat
1343 3891 1384 3957 R.
1399 3893 1525 3957 -Sub
1540 3891 1622 3957 data
1633 3892 1677 3957 de

312 3997 423 4082 uigilia
437 3996 625 4062 nativitatis
641 3995 672 4060 S.
689 3993 719 4072 J.
733 3993 833 4079 Bapt.
850 3992 890 4058 R.
907 4031 950 4042 -
967 3991 1013 4058 Et
1028 3993 1271 4058 committimus
1297 3995 1399 4081 episc.
1417 3996 1618 4063 Redonensi.
1635 3995 1676 4063 R.

357 4101 435 4166 Dat.
449 4101 547 4165 Ario.
566 4098 662 4181 9kal.
676 4097 747 4184 julii
761 4105 794 4162 a⁰
815 4107 853 4161 1⁴¹.
870 4094 912 4176 (Ι,
931 4096 1000 4179 84).

434 4307 443 4324 .
1382 4279 1401 4323 Ι
1447 4281 1466 4323 2
1494 4258 1537 4323 26
1563 4257 1632 4324 'reita

356 4247 457 4448 ξιξρ.
475 4361 633 4427 Matheus
649 4361 747 4426 Gaite
763 4371 783 4442 ⁴,
800 4359 1050 4426 Clarornonten.
1066 4359 1163 4440 dioc.,
1180 4369 1271 4445 quat.
1289 4360 1389 4427 Petro
1403 4279 1525 4442 jdaite,
1545 4281 1676 4428 dubdia-

313 4487 399 4532 cono
420 4465 510 4530 fratri
531 4485 601 4544 su0,
618 4473 781 4550 provecto
804 4465 837 4530 in
860 4466 935 4548 leg,
951 4473 1031 4531 actu
1046 4464 1193 4530 studenti
1208 4464 1366 4547 Thoiose,
1378 4466 1421 4532 de
1437 4487 1510 4532 can.
1526 4475 1562 4532 et
1582 4469 1676 4553 preb.

312 4589 352 4636 ac
374 4567 647 4636 archidiaconatu
668 4570 750 4634 eccl.
775 4568 956 4636 Belvacen.
978 4568 1160 4653 dignemini
1183 4570 1367 4655 providere,
1383 4591 1453 4637 non
1476 4574 1562 4637 obst.
1587 4570 1677 4655 quod

344 4789 365 4834 1.
385 4785 490 4844 Denifle,
508 4785 631 4844 (borini.
651 4785 685 4845 11.
704 4789 759 4846 516,
779 4789 833 4836 616.
847 4790 900 4841 nlo,
913 4789 968 4841 666,
980 4789 1027 4836 orl
1043 4803 1050 4846 ς
1067 4787 1151 4846 Vicini,
1170 4801 1195 4836 n.
1213 4789 1284 4837 5115.
1296 4815 1328 4823 -—
1339 4791 1362 4838 2.
1376 4787 1482 4841 Denifle.
1496 4788 1531 4848 11,
1549 4789 1603 4845 655,
1621 4789 1676 4836 667.

310 4887 342 4896 —-
359 4861 381 4908 3.
400 4858 518 4907 Clamant.
536 4859 572 4906 Vi
591 4860 632 4907 int
649 4859 691 4908 diu
709 4861 732 4908 lc
750 4863 765 4907 7
783 4863 833 4908 mai
854 4864 915 4910 1312
935 4877 941 4920 ;
965 4864 1019 4910 noir
1036 4876 1061 4910 n.
1081 4864 1118 4910 10.
1139 4889 1171 4896 -
1194 4864 1216 4910 4.
1235 4863 1275 4911 Ui.
1294 4863 1400 4922 Ricalen
1419 4878 1444 4912 n.
1464 4865 1526 4911 1616
1546 4878 1552 4920 ;
1571 4860 1675 4925 Βέρτα,

310 4935 422 4989 11.b28;
441 4932 524 4994 videl,
543 4947 568 4980 n.
586 4935 656 4992 2625,
676 4935 746 4982 4841.
