3650 5675
704 522 785 597 1351,
809 522 849 587 23
870 521 1035 587 novembre
1483 525 1544 589 603

239 671 388 758 2330.
1146 706 1186 771 13
1189 706 1241 768 51,
1258 710 1277 752 2
1277 708 1298 772 3
1318 688 1501 754 novembre.

232 790 377 856 Rotnlns
393 793 589 856 auctoritate
604 792 784 857 ordinario.

232 895 333 960 Pater
349 894 413 961 8³³⁰.
430 894 622 980 Dignemini
641 895 840 961 collationes
855 894 1120 975 infrascriptos...

233 999 319 1065 Item
336 1000 551 1065 collationem
569 1000 693 1065 saetam
708 998 837 1076 Jacobo
852 999 945 1065 dicto
959 998 1115 1080 Huerel¹,
1129 999 1287 1065 investito
1296 1002 1430 1067 alterins
1440 1002 1543 1087 partis

188 1126 246 1170 seu
261 1105 424 1189 portionis
440 1104 576 1189 paroch.
593 1104 733 1169 ecclesie
749 1104 780 1168 S.
798 1103 911 1168 Crucis
923 1103 1020 1189 juxta
1044 1101 1169 1188 BrugiS,
1186 1102 1371 1171 Tornacen.
1388 1106 1484 1187 dioc,
1501 1105 1544 1170 de

188 1208 278 1275 dicta
294 1218 388 1293 parte
404 1228 462 1273 seu
477 1208 630 1293 portione
646 1228 747 1292 quam
763 1206 911 1293 possidet
934 1207 1072 1293 pacifice
1098 1216 1133 1273 et
1159 1208 1271 1293 quiete
1295 1230 1354 1295 per
1377 1219 1544 1295 permuta-

188 1312 315 1377 tionem
333 1312 365 1377 in
381 1311 530 1396 partibus
545 1310 680 1376 factam.
694 1312 765 1393 (21,
784 1310 820 1376 P.
838 1309 882 1391 ll,
901 1310 960 1394 ol).

233 1414 320 1481 Item
336 1415 551 1481 collationem
567 1414 694 1480 factam
710 1413 729 1493 J
733 1414 857 1480 ohanni
875 1414 917 1479 de
934 1413 1050 1495 Bakel,
1067 1416 1228 1482 investito
1243 1417 1384 1483 ecclesie
1399 1417 1441 1484 de
1452 1416 1545 1484 Scin-

189 1519 253 1600 del,
278 1516 436 1585 Leodien.
463 1518 549 1585 dioc.
576 1519 769 1604 presbitero,
797 1519 838 1584 de
865 1518 956 1583 dicta
981 1520 1123 1585 ecclesia
1147 1541 1220 1587 vac.
1244 1542 1304 1607 per
1331 1525 1384 1588 ob.
1401 1522 1543 1604 Gerlaci,

189 1624 296 1689 ultimi
313 1624 528 1689 rectoris².——
545 1622 621 1689 Fiat
636 1623 676 1689 R.

233 1729 313 1795 Dat.
331 1730 431 1795 Avin.
449 1750 466 1809 9
483 1728 552 1795 kal.
569 1730 642 1795 dec.
660 1738 693 1795 a⁰
714 1737 776 1794 10⁰.
795 1722 867 1814 (21,
884 1730 921 1795 P.
940 1728 984 1810 ll,
1005 1734 1073 1815 10).

240 1884 376 1971 2331.
1147 1919 1242 1983 1331,
1259 1919 1299 1982 23
1316 1900 1500 1965 novembre.

232 2002 377 2068 Rotnlns
393 2005 662 2089 reszgnotiouum.

233 2108 332 2173 Pater
347 2108 412 2174 8⁰¹⁰.
429 2107 620 2193 Dignemini
637 2107 852 2193 providere...
1073 2172 1082 2192 ‚

234 2209 321 2276 Item
336 2211 462 2277 Alardo
477 2212 519 2277 de
535 2210 712 2277 Thiacuria
729 2226 751 2292 ³,
767 2211 981 2291 subdiac0n0,
997 2213 1031 2275 iu
1049 2210 1094 2278 U.
1112 2210 1138 2277 I.
1154 2212 1219 2291 lic,
1244 2211 1287 2278 de
1311 2232 1383 2278 can.
1401 2222 1435 2278 et
1450 2215 1542 2298 preb.

192 2314 229 2380 B.
247 2313 296 2380 M.
313 2315 555 2395 Scladiniensis,
582 2313 742 2381 Leodien.
767 2315 864 2397 dioc,
880 2336 952 2382 vac.
969 2336 1028 2401 per
1043 2316 1300 2400 resignationem
1316 2338 1376 2403 per
1389 2338 1544 2403 procura-

189 2429 298 2485 torem
322 2419 509 2485 Bertramni
528 2418 645 2485 Faixin
661 2431 682 2485 ⁴.

234 2523 320 2589 Item
336 2545 413 2589 cum
429 2525 460 2590 S.
477 2522 516 2590 V.
530 2523 693 2589 Alardum
710 2524 751 2589 de
767 2522 944 2589 Thiacuria
960 2524 993 2587 in
1021 2524 1112 2588 omni
1137 2525 1209 2609 jure
1234 2533 1268 2589 et
1295 2525 1338 2591 ad
1359 2546 1459 2590 omne
1479 2526 1542 2609 jus,

188 2633 278 2713 quod
294 2629 436 2695 condam
454 2628 591 2713 Hugoni
618 2627 660 2693 de
688 2625 862 2693 Montibus
888 2627 922 2692 in
950 2647 1022 2693 can.
1050 2636 1085 2691 et
1108 2629 1199 2712 preb.
1225 2628 1364 2693 ecclesie
1381 2626 1544 2692 Metensis

188 2736 414 2818 competebat,
431 2731 659 2818 subrogaverit
674 2739 709 2796 et
724 2732 793 2817 ipse
810 2731 951 2797 Alardus
967 2732 1075 2816 ipsum
1088 2730 1141 2815 jus
1157 2752 1215 2796 seu
1231 2732 1293 2817 ipsi
1306 2732 1370 2816 juri
1386 2752 1445 2818 per
1469 2752 1544 2817 pro·

188 2845 374 2903 curatorem
390 2835 615 2922 resignaverit,
632 2856 727 2922 supp.
745 2845 836 2921 quat.
853 2834 1088 2901 Bertramnum
1105 2833 1234 2917 Faixin,
1253 2834 1443 2902 Metensem
1468 2841 1543 2902 sub·

186 2941 376 3022 diaconum,
393 2941 575 3026 dignemini
591 2941 634 3006 ad
649 2941 777 3007 dictum
790 2940 843 3026 jus
858 2943 1037 3025 subrogare
1052 2948 1087 3005 et
1102 2940 1144 3005 de
1166 2961 1257 3008 novo
1280 2940 1341 3006 sibi
1358 2940 1542 3027 providere.

187 3085 230 3096 --
247 3043 323 3110 Fiat
340 3044 379 3110 R.

230 3149 310 3216 Dat.
326 3148 425 3215 Avin.
444 3170 460 3232 9
478 3149 543 3216 kal.
560 3150 631 3216 dec.
649 3157 682 3215 a⁰
702 3157 763 3216 10⁰.
781 3151 851 3235 (21,
869 3149 905 3216 P.
924 3148 969 3231 II,
991 3154 1053 3231 12).

238 3305 382 3391 2332.
1143 3338 1238 3403 1351,
1256 3341 1274 3383 2
1276 3339 1297 3403 3
1313 3323 1498 3386 novembre.

230 3424 330 3509 Supp.
347 3424 487 3488 servitor
503 3431 537 3487 et
553 3423 693 3508 scriptor
709 3430 819 3487 vester
832 3420 851 3500 J
854 3421 1005 3487 ohannes
1021 3422 1188 3507 Palaysini
1201 3431 1221 3504 ⁵,
1238 3425 1389 3490 notarius
1401 3445 1541 3506 camere,

188 3527 410 3592 thesaurarius
428 3526 465 3590 E.
483 3525 525 3601 S..
543 3535 633 3611 quat.
650 3525 711 3591 sibi
738 3526 875 3592 decan.
902 3535 938 3591 et
964 3525 1103 3592 dimidia
1129 3531 1221 3613 preb.
1246 3528 1277 3594 S.
1293 3530 1477 3596 Andomari
1501 3530 1543 3596 de

129 3704 130 3707 Ἴ
186 3631 217 3697 S.
234 3633 436 3711 Audomaro,
456 3629 623 3695 Morinen.
639 3630 736 3712 dioc,
753 3651 826 3696 vac.
841 3651 902 3716 pro
919 3651 960 3695 eo
976 3630 1065 3715 quod
1079 3630 1209 3718 Helyas
1219 3631 1383 3698 Lascontz
1399 3633 1419 3715 ⁶,
1433 3634 1540 3699 dicto-

186 3757 258 3800 rum
274 3758 346 3802 can.
363 3745 398 3801 et
413 3735 548 3801 dimidie
564 3738 656 3821 preb.
673 3737 854 3803 canonicus
870 3735 1016 3801 obtinuit
1039 3736 1100 3802 sibi
1116 3736 1281 3822 provideri
1306 3759 1325 3802 a
1341 3738 1419 3804 sede
1435 3746 1542 3824 apost.

186 3840 228 3905 de
244 3861 315 3906 can.
333 3850 366 3905 et
382 3841 473 3925 preb.
489 3839 619 3923 integra
644 3839 734 3906 dicte
760 3840 900 3906 ecclesie
927 3840 1107 3924 dignemini
1135 3841 1310 3926 providere
1323 3864 1332 3921 ;
1360 3863 1428 3907 non
1457 3845 1541 3910 obst.

187 3944 276 4028 quod
292 3944 380 4009 idem
396 3943 570 4021 Johannes
586 3945 722 4028 paroch.
739 3945 819 4009 eccl.
836 3944 877 4008 de
894 3944 1038 4028 Apiano,
1057 3943 1175 4010 Elnen.
1192 3944 1288 4025 dioc,
1302 3946 1388 4010 acin
1405 3946 1436 4011 S.
1447 3947 1541 4030 Agri·

186 4049 249 4114 coli
266 4049 466 4113 Avinionen.
483 4068 556 4113 can.
573 4057 607 4112 et
623 4049 714 4132 preb.
732 4067 771 4112 ac
788 4047 821 4110 in
836 4047 956 4132 majori
972 4067 1074 4112 unam
1090 4054 1124 4111 et
1139 4047 1174 4111 in
1199 4048 1229 4114 S.
1254 4048 1404 4134 Caprasii
1431 4051 1542 4134 Agen-

186 4172 262 4217 nen.
279 4152 428 4218 ecclesiis
444 4151 544 4216 aliam
560 4171 652 4236 perp.
669 4152 844 4236 capellan,
868 4149 1045 4234 dequibus
1069 4151 1232 4235 capellan.
1248 4161 1385 4237 propter
1408 4173 1543 4237 guerras

184 4257 313 4320 nullum
330 4256 545 4321 commodum
560 4263 729 4341 reportare
745 4264 867 4341 potest,
883 4255 1033 4320 noscitur
1049 4255 1210 4320 obtinere.
1226 4295 1270 4306 -
1287 4254 1364 4322 Fiat
1381 4256 1421 4323 R.

230 4359 309 4426 Dat.
325 4361 425 4426 Avin.
444 4381 461 4442 9
477 4359 545 4426 kal.
562 4361 634 4427 dec.
650 4369 683 4426 a⁰
703 4367 763 4426 10⁰.
780 4362 849 4443 (21,
867 4359 903 4426 P.
921 4357 966 4440 Il,
987 4364 1063 4444 rav).

188 4521 435 4532 --———-.-

218 4607 240 4654 1.
252 4605 314 4653 Voir
325 4619 350 4655 n.
363 4608 435 4655 2231.
446 4633 478 4640 -
490 4607 512 4654 2.
525 4604 586 4652 Voir
598 4618 623 4653 n.
636 4605 707 4652 2101.
720 4631 751 4640 —
764 4604 785 4650 3.
800 4602 823 4650 Il
834 4603 876 4650 lut
888 4601 947 4665 plus
959 4600 1017 4650 tard
1028 4601 1152 4648 chanoino
1163 4599 1195 4647 dc
1208 4601 1360 4649 S‘·Suuveur
1374 4606 1400 4649 ct
1418 4607 1500 4650 eostre
1512 4600 1545 4650 de

185 4679 210 4727 lu
221 4677 369 4728 cathedrale
380 4681 396 4728 b
408 4679 477 4727 Melz
490 4678 604 4741 (Kirsclr,
618 4677 692 4736 Koll,
707 4677 818 4734 108-201,
832 4677 885 4734 203,
900 4677 947 4723 206
958 4692 964 4733 ;
977 4673 1215 4732 Sauerlnndyatn.
1231 4675 1291 4723 I'rlr.
1300 4673 1353 4721 und
1366 4674 1485 4737 Reperten
1498 4691 1545 4722 :nr

189 4752 276 4802 Gencd.
289 4753 463 4815 Lottrinpms,
478 4753 496 4810 l,
510 4767 535 4801 n.
547 4753 601 4809 783,
615 4751 682 4812 785).
695 4778 726 4788 -
738 4753 760 4798 4.
774 4749 873 4808 Kirsclr,
887 4747 962 4807 Koll,
975 4750 1070 4797 200.-
1081 4752 1103 4795 ὅ.
1116 4748 1137 4795 11
1149 4748 1259 4796 sollicita
1270 4758 1295 4797 et
1307 4749 1393 4796 obtiut
1405 4749 1428 4796 lc
1442 4752 1476 4797 1⁸¹
1487 4750 1544 4811 juin

187 4828 247 4875 1301
262 4827 287 4874 ln
299 4827 426 4889 prebende
437 4827 469 4874 do
481 4827 600 4874 Courtmi
614 4833 721 4873 vacante
734 4839 779 4886 por
796 4822 870 4871 decos
881 4822 913 4870 de
927 4823 1004 4870 louis
1016 4823 1125 4870 Sanctus
1137 4821 1267 4883 (Berlibre,
1282 4823 1319 4870 t'n
1331 4824 1384 4869 anei
1396 4823 1428 4870 do
1440 4822 1545 4870 Petrai·-

184 4915 238 4963 qne.
261 4900 338 4948 Lonin
352 4901 459 4948 rilint-tm
478 4900 509 4948 de
527 4900 674 4962 Beer-*inpure
688 4899 773 4956 Rome,
787 4899 856 4953 1005,
870 4912 913 4959 pp.
927 4899 1008 4955 51152,
1022 4897 1053 4944 56
1065 4912 1071 4954 3
1084 4897 1185 4955 Kicsch,
1197 4897 1272 4956 loru,
1286 4899 1340 4955 203,
1354 4899 1407 4956 385,
1423 4900 1476 4957 387,
1490 4899 1545 4952 301,

184 4975 293 5034 3951·-
306 4977 328 5022 6.
344 4975 403 5022 Votr
416 4989 439 5023 u.
464 4976 533 5022 1230.
