3650 5675
670 527 758 605 1344,
782 525 868 589 10-14
891 524 1051 591 decenne.
1487 527 1544 593 189

236 675 349 757 774.
1151 709 1247 773 1344,
1263 710 1306 755 ro
1321 692 1501 755 decembre.

228 795 329 880 Supp.
354 791 537 872 Johannes,
563 790 631 857 dux
658 789 966 873 Brabantie,quat.
992 789 1167 876 [Johanni
1193 801 1278 858 nato
1294 792 1477 859 Franconis
1502 794 1545 858 de

183 896 331 977 Coslaer,
344 894 658 983 cler.]Cameracen.
673 893 771 975 dioc.,
787 892 830 959 de
845 912 920 959 can.
935 901 972 958 et
985 896 1078 979 preb.
1093 897 1175 961 0001.
1192 894 1371 978 Νίνο1100,
1385 895 1545 962 Leodien.

182 1002 362 1081 dioc.,vac.
378 999 421 1065 ad
435 1019 571 1085 presens
586 1018 646 1085 per
661 998 718 1064 lib.
741 997 861 1081 resign.
883 995 925 1061 R.
941 996 987 1061 P.
1001 996 1092 1063 dom.
1113 997 1288 1081 Gnidonis,
1300 1000 1353 1065 tit.
1374 999 1406 1065 S.
1420 999 1547 1066 Cecilie

184 1106 293 1191 presb.
305 1103 403 1185 card,
420 1103 547 1169 factam
564 1102 597 1167 in
614 1102 769 1167 manibus
784 1100 817 1167 S.
833 1100 873 1166 V.
898 1109 934 1165 et
961 1103 1003 1166 ab
1025 1100 1148 1173 eadem
1164 1102 1354 1183 admissam,
1369 1102 1547 1189 providere

183 1206 379 1291 dignemini.
393 1246 434 1257 -
451 1206 529 1272 Fiat
547 1206 587 1272 R.

230 1310 310 1376 Dat.
322 1312 422 1376 Avin.
439 1333 459 1396 4
476 1310 518 1375 id.
534 1311 608 1377 dec.
626 1318 659 1385 a⁰
676 1318 718 1394 3⁰.
737 1310 786 1395 (7,
804 1312 872 1395 95).

238 1447 349 1531 775.
530 1538 533 1545 ¹
1156 1482 1251 1545 1344,
1270 1482 1310 1527 rr
1326 1464 1505 1527 decembre.

231 1564 368 1631 Placeat
383 1564 423 1630 V.
440 1564 471 1629 S.
487 1564 624 1650 proprio
638 1572 735 1628 motu
749 1584 918 1629 reservare
933 1564 1157 1631 conferendos
1170 1563 1405 1632 Bonifaciode
1421 1565 1548 1646 Platea,

187 1690 261 1735 can.
277 1670 359 1735 eccl.
376 1668 407 1733 S.
423 1668 617 1748 Audomari,
636 1666 804 1733 Morinen.
814 1666 911 1747 dioc.,
924 1668 1130 1753 procuratori
1142 1669 1233 1735 dom.
1247 1668 1399 1750 Henrici,
1409 1668 1549 1754 patriar-

187 1773 252 1839 che
268 1771 634 1857 Constantinopolitani
652 1789 671 1852 ¹,
688 1791 764 1836 can.
780 1779 816 1836 et
831 1773 924 1857 preb.
940 1773 1022 1837 eccl.
1038 1770 1228 1857 Trajecten.
1244 1784 1357 1839 vacat.
1372 1792 1433 1858 per
1444 1771 1550 1838 Geor-

186 1878 280 1963 gium
296 1877 481 1957 Rotarium,
498 1878 576 1943 cler.
593 1877 721 1955 Asten,
738 1876 793 1960 qui
810 1896 846 1941 se
862 1875 906 1940 ad
921 1875 1069 1961 laycalia
1093 1884 1174 1941 vota
1189 1876 1366 1942 transferre
1381 1877 1549 1962 proponit,

188 1988 226 2046 ut
241 1981 371 2062 dicitur,
389 2000 465 2046 cum
488 1979 687 2046 vacaverint
713 1999 773 2065 per
799 1979 948 2063 ejusdem
974 1978 1107 2063 Georgii
1131 1981 1376 2061 uxorationem,
1404 1981 1459 2045 vel
1485 1981 1551 2046 alio

190 2086 310 2168 quovis
325 2084 437 2164 modo,
453 2091 666 2169 preterquam
682 2103 743 2169 per
757 2083 860 2168 ipsius
876 2082 1011 2167 Georgii
1026 2084 1172 2151 mo'rtem
1184 2106 1193 2164 ;
1206 2085 1260 2149 vel
1276 2083 1319 2149 de
1335 2084 1391 2150 off.
1407 2106 1481 2151 vac.
1497 2085 1552 2149 vel

191 2196 303 2254 vacat.
328 2188 362 2252 in
378 2188 460 2253 eccl.
488 2185 527 2252 B.
549 2186 708 2252 Rumoldi
725 2184 988 2269 MachliniensiS,
1005 2186 1222 2254 Cameracen.
1246 2187 1344 2269 dioc.,
1362 2190 1454 2274 cujus
1469 2190 1551 2255 eccl.

190 2312 265 2358 can.
281 2294 374 2376 preb.
390 2312 462 2357 esse
478 2290 672 2371 dinoscitur,
688 2298 727 2355 ut
741 2287 776 2354 in
792 2289 911 2355 forma.
934 2327 965 2337 -
994 2288 1071 2355 Fiat
1086 2289 1127 2356 R.
1143 2332 1185 2340 -
1203 2289 1304 2357 Motu
1317 2294 1452 2378 proprio
1469 2292 1508 2358 R.

238 2393 318 2459 Dat.
334 2394 433 2460 Avin.
451 2416 468 2479 3
486 2394 530 2460 id.
546 2394 619 2460 dec.
637 2402 671 2459 a⁰
688 2401 730 2479 3⁰.
747 2394 795 2480 (7,
814 2395 883 2480 96).

243 2531 354 2622 776,
1161 2563 1255 2627 1344,
1272 2564 1313 2627 13
1330 2548 1510 2611 decembre.

236 2650 337 2736 Supp.
364 2648 539 2727 Johannes
553 2645 667 2727 Vituli,
692 2648 769 2712 cler.
795 2644 964 2711 Morinen.
988 2646 1085 2727 dioc.,
1106 2646 1158 2710 cui
1184 2646 1302 2712 eadem
1323 2647 1354 2712 S.
1370 2648 1496 2714 dudum
1512 2650 1553 2715 de

191 2754 353 2839 regimine
368 2752 533 2818 scolarum
549 2753 627 2816 ville
643 2750 685 2815 de
701 2749 939 2835 PoperingheS‚
955 2770 1028 2815 vac.
1040 2750 1096 2814 vel
1108 2759 1230 2831 vacat,
1243 2750 1333 2817 dicte
1348 2752 1445 2832 dioc.,
1460 2753 1554 2818 duxit

191 2857 436 2944 providendum
456 2867 495 2937 ²3
523 2877 659 2942 quarum
687 2856 934 2941 possessionem
960 2853 1083 2920 habere
1109 2864 1210 2920 0100
1236 2856 1379 2940 gaudere
1416 2866 1554 2944 propter

189 2962 380 3047 potentiam
407 2968 443 3025 et
468 2959 731 3026 inobedientiam
769 2960 968 3026 collatorum
1001 2959 1184 3024 eorundem
1221 2969 1366 3044 nequeat
1394 2985 1403 3042 ;
1436 2962 1555 3047 quibus

192 3073 326 3151 paratus
352 3073 404 3130 est
426 3064 642 3142 renunciare;
664 3071 756 3147 quat.
780 3062 840 3127 sibi
856 3062 899 3126 de
914 3062 1067 3148 parroch.
1091 3062 1173 3126 eccl.
1196 3061 1239 3127 de
1255 3061 1493 3129 Vulvrinchem
1520 3065 1554 3129 in

194 3166 360 3249 Flandria,
384 3168 474 3234 dicte
497 3167 594 3248 dioc.,
621 3187 694 3232 vac.
719 3166 753 3230 in
780 3165 878 3230 Rom.
904 3185 972 3231 cur.
996 3185 1057 3252 per
1080 3167 1134 3231 ob.
1157 3163 1276 3242 Jacobi
1300 3165 1433 3249 Cauwe‚
1445 3169 1554 3233 ultimi

193 3273 333 3337 rectoris
348 3272 507 3356 ejusdem,
520 3271 576 3355 qui
593 3269 626 3335 in
641 3269 790 3355 partibus
806 3267 869 3332 illis
884 3268 976 3334 diem
990 3269 1111 3334 clausit
1122 3277 1309 3334 extremum
1325 3293 1333 3350 ;
1350 3293 1392 3336 ex
1408 3293 1449 3337 00
1464 3272 1554 3357 quod

195 3375 227 3440 S.
238 3374 278 3439 V.
295 3375 400 3462 ipsam
417 3376 510 3455 0001.,
526 3375 606 3440 dum
623 3374 711 3439 idem
727 3372 746 3451 J
750 3375 875 3438 acobus
897 3373 1007 3438 adhuc
1022 3381 1136 3457 ageret
1152 3373 1185 3438 in
1201 3374 1364 3457 humanis,
1381 3376 1554 3443 donationi

196 3487 306 3564 apost.
320 3478 525 3559 reservavit3
543 3479 636 3562 cujus
651 3477 807 3542 fructus...
825 3497 865 3560 50
881 3476 938 3542 lib.
955 3475 1067 3558 Paris,
1083 3497 1149 3542 sec.
1165 3485 1235 3544 tax.
1250 3478 1390 3559 decime,
1407 3480 1556 3545 valorem

195 3603 344 3648 annuum
359 3603 428 3647 non
438 3581 616 3662 excedunt,
627 3580 809 3665 dignemini
824 3580 1002 3664 providere
1011 3603 1019 3658 ;
1029 3601 1099 3645 non
1116 3582 1201 3646 obst.
1214 3583 1320 3665 gratia
1334 3583 1396 3667 ipsi
1409 3581 1429 3660 J
1432 3583 1556 3648 ohanni

194 3706 256 3772 per
285 3685 317 3750 S.
341 3684 382 3751 V.
398 3686 494 3776 ⁴olim
522 3685 614 3750 facta
642 3684 685 3749 de
714 3683 867 3768 parroch.
894 3683 976 3748 0001.
1004 3681 1042 3748 Β.
1072 3681 1122 3748 M.
1150 3683 1192 3748 de
1218 3682 1381 3749 Fontanis
1408 3683 1557 3762 Goberti,

197 3787 415 3854 Cameracen.
431 3788 529 3869 dioc.,
542 3788 708 3854 existente
718 3788 751 3852 in
761 3795 851 3852 terra
861 3787 1032 3852 destructa
1045 3795 1184 3873 propter
1199 3806 1332 3871 guerras
1346 3787 1558 3853 dominorum

198 3891 342 3957 Francie
357 3900 393 3957 et
407 3891 528 3975 Anglie
550 3911 687 3975 regum;
705 3890 798 3974 cujus
818 3889 1064 3974 possessionem
1090 3889 1241 3954 nondum
1257 3897 1308 3953 est
1323 3889 1464 3974 adeptus
1479 3913 1487 3970 ;
1504 3891 1557 3955 cui

197 3995 303 4080 gratie
330 3995 434 4060 etiam
458 4003 597 4080 paratus
620 4004 672 4059 est
698 3993 898 4074 renuntiare,
915 4013 993 4058 cum
1014 3993 1259 4078 possessionem
1277 3992 1452 4076 pacificam
1468 3992 1558 4058 dicte

200 4099 283 4163 eccl.
299 4097 342 4162 de
354 4095 594 4163 Vulvrinchem
609 4097 708 4162 fuerit
723 4104 904 4163 assecutus.
926 4133 958 4161 ,-
980 4094 1055 4160 Fiat
1071 4094 1113 4161 R.

245 4201 322 4268 Dat.
338 4201 438 4267 Avin.
455 4201 498 4267 id.
514 4201 587 4268 dec.
604 4209 636 4266 a⁰
653 4208 696 4285 3⁰.
713 4201 761 4286 (7,
779 4201 862 4286 94').

252 4341 360 4422 777.
1167 4367 1262 4434 1344,
1280 4369 1320 4432 14
1337 4353 1515 4414 decembre.

244 4459 347 4544 Supp.
355 4457 375 4536 J
377 4459 502 4523 acobus
512 4456 555 4523 de
568 4455 666 4536 CenS,
676 4456 758 4540 juris
766 4456 902 4541 peritus,
914 4455 1006 4520 dom.
1015 4452 1102 4536 regis
1116 4451 1145 4516 F
1146 4452 1257 4517 rancie
1273 4453 1361 4533 cler,
1377 4453 1469 4537 quod
1483 4474 1560 4519 cum

201 4562 272 4649 ipse
297 4560 439 4648 pacifice
462 4560 633 4646 possideat
657 4580 732 4626 can.
757 4568 792 4624 et
815 4561 908 4644 preb.
924 4559 958 4622 in
979 4557 1063 4621 0001.
1078 4556 1111 4622 S.
1127 4554 1302 4639 Gaugerici
1330 4556 1558 4637 Cameracen,

198 4667 357 4744 ,dubitans
371 4675 499 4744 tamen,
511 4685 555 4728 ne
566 4663 647 4730 dicti
664 4683 737 4730 can.
754 4671 789 4727 et
803 4664 972 4748 preb..per
985 4679 1107 4724 reserv.
1123 4660 1177 4723 vel
1193 4659 1261 4724 alio
1276 4661 1394 4743 quovis
1409 4661 1512 4727 modo
1526 4661 1560 4726 in

202 4791 270 4836 cur.
288 4769 387 4834 Rom.
411 4776 534 4833 vacent
558 4789 616 4833 seu
641 4767 835 4834 vacaverint
848 4789 857 4846 ;
882 4774 973 4850 quat.
997 4765 1039 4831 de
1063 4763 1161 4830 dictis
1186 4783 1259 4829 can.
1281 4772 1317 4829 et
1337 4768 1441 4850 preb,
1464 4765 1490 4829 si
1514 4766 1561 4832 sic

203 4899 456 4916 W

199 4953 201 4958 ,
240 4973 260 5018 1.
272 4969 334 5017 Voir
346 4983 372 5016 n.
385 4969 408 5015 7.
420 4993 454 5004 -
465 4961 562 5016 2.'Voir
573 4979 598 5012 n.
612 4967 667 5012 575.
