3650 5675
300 495 341 559 re
844 494 932 569 1342,
956 494 991 559 31
1010 494 1122 575 June.

299 644 332 708 in
349 644 422 729 leg,
439 651 528 728 quat.
556 644 618 709 sibi
643 643 686 709 de
713 652 837 710 canet
861 646 954 729 preb.
978 644 1061 710 eccl.
1085 642 1312 724 cameracen„
1332 664 1405 709 vac
1426 665 1485 730 per
1508 650 1560 712 ob.
1583 651 1661 715 bon.

298 768 399 813 mem.
415 747 504 813 dom.
521 745 793 834 N(eapoleonis),
810 747 842 813 S.
857 747 996 813 Adriani
1013 746 1112 833 dyac.
1139 746 1226 813 card.
1244 757 1263 828 ¹,
1279 746 1461 833 dignemini
1477 751 1662 835 providere,

298 872 365 917 non
392 853 475 917 obst
493 849 583 935 quod
597 850 632 915 in
649 850 811 917 Viennen.
838 860 873 916 et
904 851 935 915 S.
951 850 1111 916 Bamardi
1126 850 1169 916 de
1186 851 1357 932 Romanis,
1373 850 1534 919 Viennen.
1550 854 1661 941 dyoc,

298 976 369 1021 can.
387 962 421 1019 et
436 957 538 1041 preb,
554 953 597 1020 de
612 955 731 1040 quibus
746 956 790 1021 'in
807 955 960 1022 absentia
975 955 1078 1021 nichil
1105 955 1258 1041 percipit,
1280 955 1429 1021 noscitur
1444 958 1603 1047 obtinere.
1625 998 1658 1009 -

298 1058 429 1124 Collata
445 1058 504 1123 sed
519 1058 580 1124 fiat
594 1058 638 1124 de
654 1079 728 1125 can.
752 1062 813 1125 sub
830 1079 903 1146 exp.
921 1062 1013 1145 preb.
1031 1068 1066 1124 et
1081 1058 1171 1145 dign.
1195 1057 1238 1124 R.

341 1161 418 1227 Dat.
435 1181 487 1246 ap.
503 1160 753 1228 Villamnovam
771 1184 788 1247 3
805 1161 873 1228 kal.
890 1183 963 1247 aug.
980 1169 1014 1228 a⁰
1034 1170 1070 1227 1⁰.
1088 1161 1131 1245 (l,
1152 1164 1236 1245 112).

349 1316 575 1400 131-132.
1322 1346 1418 1409 1342,
1434 1347 1474 1410 51
1490 1326 1613 1408 jm'llet.

339 1434 440 1519 Supp.
455 1432 652 1513 willelmus,
669 1453 783 1498 comes
799 1431 969 1514 Hanonie‚
983 1431 1155 1498 Holandie
1170 1439 1205 1496 et
1216 1429 1376 1496 Zelandie
1389 1450 1430 1495 ac
1444 1430 1547 1497 Fn'sie
1558 1433 1660 1515 dom,

293 1545 385 1621 quat.
412 1535 503 1623 [cler.
542 1557 602 1603 suo
639 1556 680 1602 ac
721 1535 824 1601 famil.
859 1557 945 1621 mag.
984 1535 1145 1617 Gerardo,
1181 1536 1273 1602 dicto
1309 1535 1418 1619 Baird,
1443 1538 1662 1625 subdyacono

296 1640 466 1723 Leodien.,
504 1642 537 1705 in
564 1641 625 1727 leg.
653 1641 717 1721 lic,
741 1640 840 1726 nato]
870 1638 1043 1724 quondam
1072 1642 1150 1704 nob.
1171 1638 1233 1704 viri
1257 1637 1346 1705 dom.
1372 1639 1539 1707 Fastrardi
1565 1641 1661 1707 Baire

295 1744 409 1810 militis
419 1754 439 1825 ³,
456 1748 583 1811 decan.
598 1745 678 1810 eccl.
696 1743 864 1823 Leodien.,
880 1752 914 1809 et
941 1746 1033 1829 preb.
1053 1742 1142 1829 [vae.
1165 1744 1220 1807 vel
1235 1742 1362 1829 vacat]
1388 1744 1570 1829 dignemini
1587 1766 1661 1831 pro-

297 1848 420 1931 videre,
437 1870 505 1915 non
522 1852 605 1915 obst.
621 1848 713 1933 quod
727 1847 817 1914 idem
833 1868 919 1933 mag.
936 1846 1101 1913 Gerardus
1117 1866 1189 1911 can.
1206 1854 1241 1911 et
1255 1849 1345 1931 preb.
1362 1849 1441 1913 eccl.
1459 1848 1490 1913 S.
1506 1848 1660 1934 Dyonisii
1743 1884 1748 1892 ·

298 1951 458 2018 Leodien.
474 1953 622 2019 noscitur
637 1952 788 2019 obtinere
802 1975 811 2033 ;
829 1960 864 2017 et
877 1972 948 2017 non
963 1954 1050 2017 obst.
1064 1950 1173 2035 gratia
1180 1949 1308 2016 dudum
1319 1950 1380 2016 sibi
1395 1950 1486 2017 facta
1495 1972 1555 2038 per
1569 1951 1659 2019 dom.

299 2054 529 2137 Benedictum,
546 2055 815 2143 predecessorem
830 2063 990 2136 vestrum,
1006 2054 1138 2120 decan.
1154 2056 1215 2119 sub
1230 2074 1308 2141 exp.
1322 2056 1413 2139 preb.
1429 2057 1510 2122 eccl.
1534 2053 1659 2121 Catha-

299 2160 441 2241 launen,
457 2160 510 2225 cui
535 2168 671 2247 paratus
686 2168 737 2225 est
752 2158 949 2225 renuntiare.
971 2196 1003 2207 -
1025 2158 1103 2224 Fiat
1120 2159 1158 2223 R.

344 2320 419 2381 132.
445 2314 532 2380 Item
553 2336 646 2403 supp.
662 2315 753 2381 idem
768 2335 892 2395 comes,
908 2321 1001 2398 quat.
1028 2312 1120 2400 [cler.
1143 2333 1204 2378 suo
1229 2311 1416 2394 Fastrard0‚
1438 2314 1530 2380 dicto
1553 2312 1661 2395 Baire',

298 2417 518 2504 subdyacono
544 2417 716 2499 Leodien.,
738 2416 838 2505 nato]
865 2417 1038 2501 quondam
1064 2420 1141 2483 nob.
1169 2416 1230 2482 viri
1256 2416 1345 2482 dom.
1370 2415 1539 2483 Fastrardi
1562 2416 1662 2483 Baire'

244 2506 247 2511 ¹
298 2522 422 2603 militis,
449 2521 491 2588 de
519 2543 593 2589 can.
611 2523 699 2589 eccl.
724 2523 755 2589 S.
779 2521 934 2608 Dyonisii
959 2519 1115 2585 Leodien.
1141 2528 1177 2585 et
1199 2522 1300 2605 preb,
1326 2520 1417 2606 [vac.
1440 2522 1495 2585 vel
1518 2520 1660 2607 vacat.],

297 2624 479 2710 dignemini
494 2626 681 2712 providere,
698 2647 766 2692 non
782 2628 868 2692 obst.
884 2623 976 2709 quod
990 2624 1080 2689 idem
1107 2623 1303 2691 Fastrardus
1326 2645 1399 2690 can.
1422 2634 1457 2691 et
1473 2628 1562 2712 preb.
1578 2629 1661 2693 eccl.

298 2729 327 2795 S.
345 2729 439 2796 Pauli
455 2729 613 2797 Leodien.
629 2730 779 2797 noscitur
798 2728 951 2796 obtinere
966 2736 985 2793 ³.
999 2761 1044 2773 —
1068 2726 1145 2793 Fiat
1161 2726 1200 2793 R.

341 2832 419 2899 Dat
435 2854 489 2919 ap.
507 2832 755 2900 Villamnovam
774 2854 790 2898 2
807 2832 875 2898 kal.
893 2852 968 2915 aug.
981 2839 1014 2896 a⁰
1030 2838 1067 2896 1⁰.
1085 2829 1126 2914 (I,
1148 2838 1245 2917 roff).

351 2987 456 3072 133.
1329 3021 1424 3084 1542,
1440 3021 1481 3085 31
1493 3000 1616 3082 juillet.

340 3103 439 3189 Supp.
455 3103 554 3168 Soror
570 3101 730 3182 Blancha,
748 3102 835 3166 clare
857 3123 957 3166 mem
979 3100 1136 3188 Philippi,
1161 3102 1303 3169 Francie
1326 3112 1361 3169 et
1387 3103 1541 3170 Navarre
1563 3105 1659 3189 regis,

297 3205 375 3287 filia,
390 3226 483 3272 soror
507 3204 702 3271 monasterii
728 3202 770 3269 de
796 3203 1039 3290 Longocampo
1057 3205 1156 3289 juxta
1182 3205 1336 3288 ParisiuS,
1361 3207 1431 3273 ord.
1456 3208 1485 3272 S.
1510 3207 1607 3273 Clare
1621 3217 1658 3286 ²3

295 3317 388 3393 quat.
398 3329 459 3376 suo
469 3309 570 3375 famil.
587 3316 622 3373 et
632 3307 830 3386 consiliario,
842 3328 929 3392 mag.
940 3307 1143 3394 St(ephano)
1154 3307 1203 3374 Le
1215 3309 1345 3376 Bairois
1359 3323 1380 3392 ⁴,
1391 3309 1548 3376 Parisien.
1559 3311 1658 3392 dioc,

293 3411 337 3478 de
353 3433 424 3479 can.
440 3421 476 3479 et
491 3416 580 3500 preb.
597 3413 677 3478 eccl.
694 3410 959 3498 Parisien.,[vac.
975 3413 1030 3476 vel
1046 3413 1183 3500 vacat.,]
1201 3414 1376 3501 providere
1384 3414 1577 3499 dignemini,
1588 3435 1657 3481 non

295 3519 378 3581 obst.
396 3515 486 3601 quod
503 3516 536 3580 in
554 3514 756 3582 Noviomen.
772 3523 807 3580 et
823 3515 852 3579 S.
868 3515 1053 3581 Audomari
1070 3516 1113 3581 de
1130 3515 1267 3599 Lileriis,
1285 3538 1326 3584 ac
1341 3517 1373 3583 S.
1390 3517 1482 3583 Petri
1499 3518 1657 3598 An'ensiS,

296 3616 461 3686 Morinen.
485 3617 583 3700 dioc,
611 3619 691 3684 eccl.
715 3639 788 3684 can.
804 3626 839 3684 et
854 3623 945 3705 preb.
961 3619 1109 3685 noscitur
1124 3620 1277 3686 obtinere
1291 3644 1301 3702 3
1318 3642 1377 3686 seu
1399 3622 1490 3706 quod
1514 3623 1544 3687 S.
1561 3621 1599 3688 V.
1615 3622 1659 3688 de

294 3743 364 3789 can.
378 3725 445 3789 sub.
463 3745 537 3810 exp.
553 3725 644 3808 preb.
660 3723 740 3788 eccl.
757 3724 980 3804 Aurelianen,
996 3744 1101 3810 nuper
1116 3725 1228 3790 eidem
1244 3725 1418 3811 Stephano
1433 3725 1564 3791 dnrerit
1581 3747 1659 3813 pro·

293 3827 476 3893 ridendum
491 3850 499 3908 ;
517 3847 619 3912 quam
635 3826 907 3913 expectationem
924 3827 1135 3892 Aurelianen.
1152 3836 1291 3914 paratus
1306 3837 1357 3895 est
1375 3829 1554 3910 dimittere,
1564 3839 1658 3916 post·

293 3951 395 4015 quam
410 3932 523 4016 vigore
549 3930 714 4017 presentis
739 3931 845 4015 gratie
870 3931 1037 3998 dictorum
1068 3934 1288 3999 canonicatus
1314 3942 1349 3999 et
1372 3934 1542 4020 prebende
1565 3934 1657 4001 dicte

292 4034 374 4100 eccl.
392 4034 550 4100 Parisien.
566 4033 810 4120 possessionem
831 4035 1012 4121 pacificam
1026 4035 1126 4100 fuerit
1140 4045 1320 4103 assecutus.
1336 4077 1380 4087 -
1396 4037 1474 4104 Fiat
1488 4038 1524 4103 R.

338 4137 383 4203 Et
398 4138 489 4222 quod
504 4145 652 4203 transeat
656 4187 705 4202 .....
722 4137 765 4202 de
780 4137 861 4204 data
879 4161 896 4203 2
913 4139 980 4205 kal.
996 4161 1071 4224 aug.
1086 4180 1131 4191 —
1146 4140 1224 4207 Fiat
1240 4141 1279 4208 R

337 4241 417 4308 Dat.
434 4263 488 4328 ap.
506 4241 534 4304 V
535 4243 752 4308 illamnovam
769 4263 786 4308 2
803 4242 870 4310 kal.
893 4265 968 4329 aug.
984 4251 1019 4309 a⁰
1037 4253 1067 4309 1⁰
1078 4243 1099 4310 ¹³.
1120 4243 1165 4328 (I,
1184 4247 1287 4330 αι’).

324 4437 353 4498 a)
366 4437 441 4486 Cettc
455 4438 593 4501 snpplique
612 4440 653 4488 lut
670 4439 804 4504 presentie
822 4456 880 4489 sous
890 4441 960 4490 deux
971 4447 1058 4491 autres
1070 4443 1163 4492 tormoe
1173 4443 1197 4491 le
1209 4443 1292 4491 meme
1303 4442 1368 4505 J'onr.
1380 4445 1419 4491 La
1434 4443 1558 4506 premiere
1569 4445 1656 4494 rddac·

294 4512 355 4565 lion,
368 4513 412 4572 qui
425 4517 550 4562 setrouve
562 4513 580 4562 l.
593 4514 1057 4578 104‚aet6simp1ementhnrr6e;ln
1068 4517 1181 4576 seconde,
1194 4517 1212 4564 f.
1226 4518 1279 4577 117,
1292 4524 1365 4579 porte
1381 4532 1413 4565 en
1429 4532 1517 4578 merge
1532 4534 1538 4566 ε
1554 4517 1656 4568 (lineol-

293 4583 347 4632 lala
360 4583 392 4632 de
398 4589 518 4648 precepto
534 4585 629 4634 donn'ni
648 4581 725 4635 nostri
738 4590 799 4650 qaia
812 4587 877 4636 alibi
891 4590 917 4636 in
931 4589 1028 4638 meliori
1034 4591 1131 4652 fornia.
1144 4619 1176 4624 —
1188 4591 1218 4652 b)
1231 4591 1269 4638 Lo
1279 4591 1341 4640 date
1350 4605 1367 4639 a
1377 4590 1419 4639 ete
1430 4592 1543 4653 corrigie
1556 4608 1563 4642 ε
1574 4595 1592 4639 2
1603 4593 1656 4642 lal.

292 4672 351 4720 ring.
363 4671 397 4705 au
409 4658 461 4706 lleu
472 4659 505 4707 de
519 4674 526 4708 :
540 4657 598 4706 idus
608 4675 667 4724 arip.

327 4843 349 4890 l.
361 4839 423 4888 Voir
434 4848 462 4888 n·
473 4843 496 4892 4.
507 4869 540 4877 —
559 4845 583 4892 2.
603 4841 693 4892 Fostrd
715 4841 785 4902 Bere,
804 4843 910 4895 echevin
928 4849 961 4898 de
972 4847 1057 4908 Libge.
1070 4849 1109 4898 Cf.
1120 4849 1153 4898 ‹le
1165 4849 1283 4908 Rorman,
1298 4849 1345 4897 Len
1361 4834 1486 4898 hierius
1496 4849 1527 4899 dc
1542 4850 1621 4914 Libye.
1634 4851 1655 4901 l.

295 4915 409 4963 rol-103.
420 4943 452 4950 —
464 4917 487 4964 3.
500 4915 599 4976 Kirsclr,
612 4917 737 4978 Annalen,
751 4917 770 4976 1,
784 4921 831 4966 24⁸
842 4936 848 4980 ;
860 4921 1006 4982 Thimistor,
1021 4924 1093 4971 1)ωαὶ
1105 4924 1170 4982 leid,
1183 4923 1237 4972 371.
1250 4951 1283 4958 -
1296 4926 1318 4973 l.
1336 4923 1397 4972 l'oir
1414 4933 1442 4972 11⁰
1453 4927 1493 4973 3³.
