3650 5675
714 458 802 533 1846,
825 458 875 528 ab
896 459 977 522 aaut.
1468 453 1531 520 267

168 608 330 696 premissa
355 631 439 686 rac,
464 611 557 676 dicto
581 609 730 687 Johauni
755 607 930 694 providere
954 607 997 672 de
1022 627 1121 671 novo.
1138 646 1181 654 -
1198 605 1273 670 Fiat
1290 603 1391 670 etiam
1413 605 1532 688 quovis

169 712 273 779 modo
288 723 399 780 vacet.
418 713 461 779 R.

213 815 294 882 Dat.
309 818 411 883 Avin.
427 838 507 882 non.
524 837 598 902 aug.
615 824 649 880 a⁰
667 825 708 900 5⁰.
726 817 792 898 (ll,
813 817 916 899 120‘).

223 952 367 1036 1038
1252 962 1484 1047 Ιῃᾴςωω

215 1071 315 1157 Supp.
333 1070 500 1157 P[etrus],
520 1073 596 1136 abb.
611 1077 758 1135 monast.
778 1067 816 1133 B.
834 1066 883 1134 M.
899 1069 942 1134 de
959 1068 1096 1155 Capella
1121 1084 1142 1148 ¹,
1170 1067 1211 1133 0.
1228 1068 1260 1132 S.
1285 1065 1335 1147 B,
1364 1065 1531 1132 Morineu.

169 1175 268 1255 dioc,
291 1182 383 1258 quat.
407 1174 444 1238 fr.
462 1173 614 1238 Henrico
629 1173 671 1238 de
688 1172 909 1257 Caninghem,
926 1173 1099 1258 preposito
1114 1180 1149 1236 et
1164 1171 1334 1237 monacho
1356 1170 1437 1235 dicti
1460 1189 1532 1234 mo-

172 1278 532 1364 nasterii,dign.,pers.,
546 1278 613 1358 off,
626 1299 683 1342 seu
700 1276 880 1357 administ,
897 1299 926 1342 c.
944 1299 972 1343 c.
995 1277 1047 1342 vel
1058 1299 1083 1342 s
1094 1297 1134 1357 c.,
1144 1283 1249 1361 spect.
1267 1275 1310 1340 ad
1327 1276 1433 1341 coll...
1451 1273 1531 1339 dicti

172 1383 247 1446 abb.
257 1388 291 1445 et
303 1401 401 1446 conv.
414 1381 572 1466 ejusdem,
589 1380 678 1467 [rac.
688 1382 743 1445 vel
753 1378 882 1466 vacat]
899 1380 1140 1445 conferendum
1156 1379 1337 1464 dignemini
1355 1399 1532 1456 reservare,

172 1505 240 1550 non
258 1486 344 1549 obst.
360 1485 568 1570 prepositura
584 1506 685 1569 quam
703 1484 736 1548 in
761 1483 882 1548 eodem
901 1483 1107 1550 monasterio
1130 1485 1279 1549 noscitur
1304 1483 1466 1548 obtinere.
1491 1523 1534 1530 —

174 1586 251 1652 Fiat
265 1608 370 1672 usque
386 1587 430 1652 ad
445 1609 610 1652 summam
630 1608 689 1652 120
704 1587 776 1652 libr.
794 1584 834 1650 R.

215 1690 295 1755 Dat.
310 1691 409 1756 Avin.
424 1713 505 1757 non.
521 1713 594 1776 aug.
612 1700 645 1756 a⁰
662 1699 703 1775 5⁰.
721 1692 787 1776 (ll,
808 1713 844 1757 12
849 1694 909 1776 3t').

226 1828 371 1912 1039.
641 1839 644 1844 ’
1253 1845 1349 1928 1546,
1364 1844 1385 1906 ό
1401 1847 1490 1907 aurit.

218 1945 306 2030 Sign.
332 1945 509 2012 Marselius
532 1947 662 2010 Alberti
678 1947 721 2011 de
736 1946 976 2013 Woudricbem
992 1963 1013 2028 ²,
1030 1948 1108 2013 cler.
1124 1947 1314 2032 Trajecteu.
1329 1947 1427 2025 dioc,
1443 1944 1533 2029 quod

173 2070 279 2135 nuper
305 2070 379 2115 rac.
394 2051 548 2136 parroch.
565 2052 647 2116 eccl.
670 2049 712 2115 de
727 2049 845 2132 Welle,
861 2051 952 2116 dicte
967 2050 1065 2131 dioc,
1082 2071 1141 2136 per
1156 2054 1210 2117 ob.
1226 2049 1398 2134 quondam
1413 2049 1432 2127 J
1436 2048 1532 2114 acobi

172 2153 216 2218 de
233 2151 439 2233 Moutsorde,
463 2154 570 2219 ultimi
594 2155 732 2221 rectoris
754 2155 913 2241 ejusdem,
937 2155 1108 2241 quondam
1127 2156 1319 2222 Alexander
1334 2156 1376 2221 de
1393 2153 1532 2238 lnghen,

174 2259 252 2322 cler.
278 2257 427 2342 ejusdem
452 2256 640 2342 Trajecten.
664 2259 762 2340 dioc,
778 2259 921 2325 eandem
937 2260 1089 2346 parrocb.
1105 2261 1187 2326 eccl.
1203 2260 1245 2324 de
1263 2259 1381 2339 Welle,
1397 2258 1445 2323 sic
1461 2278 1533 2322 vac.

174 2381 233 2446 per
247 2364 301 2426 ob.
317 2360 398 2426 dicti
416 2362 587 2445 quondam
602 2359 731 2443 Jacobi,
744 2373 803 2428 aut
818 2363 902 2428 alias
917 2362 1233 2447 quomodocumque
1250 2372 1284 2427 et
1300 2361 1534 2446 qualitercum-

174 2486 247 2549 que,
263 2464 412 2550 legitime
436 2467 665 2550 acceptaverit
688 2476 723 2530 et
746 2467 807 2532 sibi
830 2467 948 2532 fecerit
970 2467 1136 2552 provideri
1154 2466 1196 2531 de
1208 2467 1338 2546 eadem,
1349 2465 1472 2529 virtute
1487 2483 1534 2547 gr.

173 2577 280 2653 apost.
296 2569 358 2634 sibi
373 2569 463 2634 facte
479 2570 514 2634 in
531 2571 702 2636 communi
719 2571 826 2636 forma
842 2591 1026 2656 pauperum
1043 2591 1103 2656 per
1119 2572 1150 2636 S.
1167 2570 1206 2636 V.
1222 2571 1264 2636 de
1279 2574 1355 2635 ben.
1369 2570 1451 2634 eccl.
1464 2589 1492 2633 c.
1506 2589 1534 2632 c.

173 2674 227 2736 vel
236 2692 261 2738 e.
272 2693 312 2753 c.,
323 2681 429 2757 spect.
438 2672 482 2738 ad
492 2674 589 2739 coll...
602 2675 741 2740 rectoris
751 2674 966 2740 ecclesiarum
979 2673 1022 2739 de
1032 2673 1161 2738 Orthen
1176 2681 1210 2738 et
1222 2674 1264 2738 de
1277 2671 1480 2738 Buscoducis
1492 2669 1534 2734 ad

175 2776 317 2843 invicem
340 2776 612 2864 dependentium,
629 2776 790 2845 Leodien.
807 2777 893 2845 dioc.
907 2799 916 2859 ;
934 2777 986 2844 cui
1002 2776 1137 2862 quidem
1153 2777 1346 2842 Alexandro
1362 2795 1402 2841 ac
1417 2775 1534 2859 gratie,

173 2882 399 2966 acceptationi
424 2892 459 2947 et
483 2883 666 2967 provisioni
687 2883 847 2969 predictis
862 2881 882 2960 J
885 2884 1037 2948 ohannes
1052 2882 1161 2947 dictus
1177 2880 1274 2963 Lose,
1291 2884 1399 2967 presb.
1416 2900 1535 2966 preno-

173 2984 298 3049 minate
316 2985 403 3050 dioc.
418 2984 590 3065 Leodien.,
606 3007 642 3050 se
658 3007 843 3073 opponens,
859 2995 1016 3073 pretextu
1033 2985 1203 3070 cujusdam
1219 2984 1335 3049 frivole
1346 2984 1536 3051 collationis

172 3087 246 3169 sibi,
261 3096 299 3153 ut
314 3089 445 3169 dicitur,
462 3089 552 3155 facte
567 3088 610 3154 de
625 3090 756 3171 eadem,
773 3112 809 3155 se
821 3089 855 3155 in
868 3090 997 3156 dictam
1010 3090 1091 3155 eccl.
1103 3088 1234 3153 intrusit
1246 3098 1280 3153 et
1291 3088 1537 3174 possessionem

172 3192 321 3276 ejusdem
346 3193 494 3258 indebite
513 3194 703 3279 occupavit,
724 3201 823 3280 prout
849 3194 961 3259 adhuc
984 3193 1115 3258 detinet
1130 3200 1342 3279 occupatam,
1369 3193 1535 3258 fructus...

174 3295 361 3381 percipiens
385 3317 427 3360 ex
451 3296 580 3376 eadem,
602 3304 637 3361 et
658 3305 794 3382 propter
808 3298 970 3383 premissa
987 3305 1021 3361 et
1037 3317 1152 3361 eorum
1169 3298 1347 3362 occasione
1364 3296 1536 3362 adsedem

172 3407 281 3485 apost.
308 3400 504 3486 appellavit,
539 3402 586 3466 ita
610 3401 702 3484 quod
726 3402 870 3467 finaliter
893 3422 994 3467 causa
1021 3401 1221 3486 hujusmodi,
1247 3422 1306 3487 per
1331 3401 1535 3486 presentiam

172 3503 256 3569 dicti
279 3504 461 3569 Alexandri
475 3513 511 3570 et
525 3506 752 3590 procuratoris
775 3506 855 3572 dicti
879 3505 1055 3587 Johannis,
1071 3507 1114 3572 ad
1130 3506 1270 3571 eandem
1287 3506 1401 3570 sedem
1428 3512 1536 3588 apost.

174 3608 287 3672 extitit
302 3607 504 3689 introducta,
514 3609 733 3694 terminisque
755 3610 966 3693 singulariter
982 3610 1117 3695 singulis
1127 3630 1166 3675 ac
1178 3610 1299 3675 debitis
1311 3616 1345 3674 et
1358 3608 1536 3685 cousuetiS,

174 3720 248 3777 tam
271 3733 385 3778 coram
410 3712 555 3778 dominis
578 3714 763 3797 Aymerico
790 3712 947 3799 Hugonis
963 3734 1064 3798 quarn
1080 3714 1262 3798 Aymerico
1278 3711 1419 3791 calveti,
1436 3710 1537 3774 vestri

175 3816 259 3881 sacri
288 3816 406 3901 palatii
437 3823 544 3901 apost„
575 3836 752 3883 causarum
782 3825 817 3883 et
846 3816 938 3882 dicte
969 3837 1070 3883 cause
1100 3816 1315 3894 auditoribus
1353 3814 1538 3879 successive

174 3919 324 3999 servatis,
342 3919 426 3984 citra
442 3926 557 3984 tamen
573 3920 751 4005 positionis
766 3941 865 3986 cause
882 3921 915 3985 in
932 3920 1150 3986 relationibus
1166 3940 1263 4004 super
1279 3918 1482 4004 pertinentia
1504 3926 1539 3981 et

175 4023 426 4108 impertinentia
445 4025 662 4090 articulorum
678 4026 721 4091 ad
735 4026 936 4112 petitionem
952 4024 1032 4092 dicti
1050 4022 1069 4102 J
1072 4022 1225 4102 ohannis,
1243 4022 1330 4087 idem
1346 4020 1539 4085 Alexander

175 4126 208 4190 in
221 4127 284 4191 civ.
296 4126 593 4213 Carpentoratensi
605 4128 696 4194 diem
707 4129 777 4194 vite
792 4150 851 4194 sue
867 4128 988 4194 clausit
1004 4136 1201 4193 extremum.
1214 4126 1325 4209 Quare
1338 4145 1432 4210 supp.
1450 4124 1538 4188 idern

176 4228 365 4311 Marselius,
382 4240 472 4315 quat.
489 4231 598 4317 ipsum
614 4233 657 4298 ad
672 4254 772 4299 omne
784 4234 839 4319 jus
854 4240 889 4297 et
904 4231 939 4297 in
955 4231 1047 4296 omni
1060 4232 1133 4315 jure
1149 4229 1239 4317 quod
1258 4229 1319 4314 ipsi
1335 4228 1537 4305 Alexandr0,

174 4333 256 4400 dum
272 4344 386 4420 ageret
403 4335 619 4417 inhumanis,
636 4337 670 4401 in
686 4337 778 4403 dicta
793 4337 946 4423 parroch.
963 4337 1044 4401 eccl.
1063 4334 1279 4419 competebat
1292 4340 1326 4396 et
1345 4338 1537 4416 competere

173 4448 321 4527 poterat,
338 4440 520 4525 dignemini
548 4443 738 4525 subrogare,
766 4448 800 4504 et
821 4440 863 4504 de
877 4440 949 4526 ipso
973 4439 1077 4503 etiam
1101 4436 1285 4522 providere,
1302 4442 1339 4499 ut
1355 4434 1388 4498 in
1406 4434 1536 4513 sorma;

176 4564 244 4609 uon
261 4546 346 4609 obst.
363 4564 573 4628 quacumque
589 4544 657 4608 litis
671 4542 899 4630 dependentia
914 4551 1009 4608 mota
1033 4540 1227 4606 Alexandro
1238 4537 1389 4624 predicto
1402 4537 1538 4622 premis-

209 4760 232 4806 l.
245 4757 329 4805 Picrre
341 4764 446 4806 mourut
455 4765 535 4807 aram
549 4759 571 4807 le
584 4760 613 4806 17
626 4773 684 4806 nor.
698 4760 766 4816 1316,
779 4758 840 4806 «late
850 4757 883 4805 ‹le
894 4757 920 4805 la
929 4757 1087 4805 nominatior]
1099 4756 1131 4805 ‹le
1144 4754 1261 4818 Philippu
1271 4754 1303 4804 dc
1316 4753 1442 4813 (trimam,
1455 4754 1540 4801 moine

175 4832 208 4879 «le
224 4830 359 4879 Molesmcs
378 4830 456 4893 (neq.
475 4832 552 4879 Aria.
565 4833 602 4889 m,
616 4832 635 4879 f.
655 4834 698 4878 671
712 4848 717 4887 ;
730 4831 763 4880 ct.
782 4829 900 4885 Berliiue,
925 4832 1021 4878 [irroret.
1033 4830 1141 4891 rruarlyl,
1154 4843 1180 4878 n.
1193 4830 1253 4891 163)
1269 4846 1274 4882 ;
1296 4829 1319 4876 le
1339 4828 1370 4875 27
1387 4826 1452 4875 avril
1468 4828 1537 4884 13111,

178 4904 296 4967 Philippe
306 4904 348 4952 tut
360 4903 463 4952 nomme
474 4906 490 4952 b
502 4903 614 4952 l'eveche
624 4905 758 4953 d'Orldans
769 4906 872 4967 (llubel,
889 4905 907 4962 l,
924 4905 989 4965 1211),
1002 4932 1034 4941 -
1046 4908 1068 4952 2.
1083 4904 1165 4963 Brom,
1178 4918 1204 4953 n.
1216 4904 1288 4952 1187.
