3650 5675
543 882 871 982 paemene
908 840 1406 989 liit'ildraf'2‘321‘23³22·

398 1138 456 1223 19
492 1140 594 1223 mar
634 1140 760 1227 1342
803 1187 853 1199 -
900 1141 959 1225 rs
996 1143 1097 1227 mar
1136 1108 1265 1229 1342

197 1505 301 1587 l·8.
1217 1543 1312 1607 1342,
1329 1545 1368 1589 21
1381 1526 1466 1590 naui.
1512 1538 1516 1545 '

189 1623 362 1711 Supplicat
386 1622 504 1689 Petrus
520 1625 551 1691 la
577 1625 770 1692 Cbassanlra
790 1626 947 1710 quatinus
969 1628 1030 1693 sibi
1053 1628 1096 1693 de
1118 1629 1259 1694 ecclesia
1280 1651 1340 1695 seu
1361 1630 1509 1715 prioratu

145 1730 187 1793 de
211 1728 322 1794 Podio
344 1726 521 1812 Cheyrico,
545 1726 819 1795 Carcassonensis
841 1730 993 1811 diocesis,
1007 1741 1151 1797 vacante
1176 1732 1211 1797 in
1236 1732 1325 1797 curia
1347 1754 1407 1817 per
1422 1755 1509 1799 asse-

147 1833 320 1898 cutionem
336 1833 505 1917 prebende
521 1841 556 1897 et
578 1834 865 1899 archidiaconatus
881 1835 1021 1899 ecclesie
1038 1834 1259 1915 Caturcensis,
1272 1856 1355 1919 quos
1378 1838 1510 1902 obtinet

146 1937 306 2022 magister
327 1936 445 2001 Petrus
462 1935 560 2001 Fabri
583 1937 782 2002 auctoritate
799 1938 983 2023 apostolica
997 1948 1015 2019 ¹,
1027 1960 1097 2003 non
1118 1941 1276 2004 obstante
1292 1939 1383 2022 quod
1399 1941 1509 2025 capel-

146 2041 270 2107 laniam
287 2048 485 2128 perpetuam
508 2041 542 2105 in
566 2042 706 2107 ecclesia
722 2041 833 2107 Sancti
851 2040 998 2109 Batonis
1014 2043 1264 2123 Dardanbourc,
1277 2041 1509 2123 Tornaoensis,

146 2154 180 2211 et
202 2146 364 2213 vicariam
392 2153 588 2230 perpetuam
610 2144 652 2211 de
676 2144 914 2229 Preverengiis,
931 2145 1149 2213 Bituricensis
1175 2146 1326 2228 diocesis,
1353 2155 1511 2213 nosoetur

148 2251 301 2315 obtinere
317 2260 360 2315 ²...
379 2286 410 2297 —
433 2248 507 2314 Fiat
530 2250 572 2314 de
596 2250 736 2345 ecclesia
760 2250 802 2315 de
819 2249 941 2316 Monte
957 2250 1121 2317 Desiderii
1147 2250 1355 2337 parrochiali,
1367 2260 1511 2317 vacante

145 2374 204 2439 per
219 2362 367 2419 mortem
386 2352 564 2436 Marquesii
587 2353 629 2417 de
654 2352 869 2419 Monstoiolis
892 2355 979 2420 sedis
1002 2356 1186 2441 apostolice
1207 2355 1382 2441 capellani,
1402 2362 1438 2421 et
1459 2363 1511 2419 est

148 2457 390 2527 Nemausensis
404 2458 546 2523 diocesis
561 2458 651 2523 dicta
673 2459 844 2525 ecclesia...
862 2458 902 2525 R.

191 2562 318 2639 Datum
334 2562 503 2627 Arinione
524 2582 559 2627 12
577 2560 737 2629 kalendas
748 2562 832 2647 junii
848 2584 939 2628 auno
954 2563 1072 2649 primo.
1090 2563 1132 2648 (1,
1151 2566 1185 2648 ε)

192 2714 226 2773 2.
245 2706 334 2773 Item
356 2708 521 2793 supplicat
533 2706 655 2779 ,Petrus
666 2707 709 2772 de
721 2708 855 2791 Quercu
870 2716 880 2741 ²
896 2708 1052 2791 quatinus
1068 2708 1127 2773 sibi
1141 2707 1317 2793 providere
1327 2708 1511 2791 dignemini

150 2810 189 2875 de
212 2812 387 2896 dignitate,
404 2820 593 2898 personatu,
606 2810 893 2878 administratione
918 2812 971 2877 νε]
987 2811 1101 2878 officio
1124 2818 1267 2878 vacante
1282 2812 1336 2876 vel
1359 2811 1512 2896 proxime

148 2925 308 2982 vacaturo
327 2917 361 2980 in
386 2917 525 2982 ecclesia
552 2916 765 2996 Tornacensi,
789 2917 822 2981 in
847 2939 912 3001 qua
935 2925 986 2982 est
1009 2918 1190 2983 canonicus
1211 2916 1445 3002 prebendatus
1474 2953 1506 2965 —

150 3013 223 3084 Fiat
251 3019 292 3085 R.
309 3029 403 3086 motu
420 3022 554 3108 proprio
577 3021 654 3105 quia
676 3021 795 3088 doctor
810 3030 862 3088 est
883 3023 937 3086 vel
961 3022 1165 3088 licenciatus.

191 3120 319 3190 Datum
335 3131 372 3190 ut
388 3145 495 3210 supra.
509 3123 551 3210 (l,
570 3132 630 3208 al).

192 3275 224 3334 3.
256 3268 345 3334 Item
376 3272 541 3356 supplicat
575 3270 770 3336 Franciscus
796 3293 832 3336 as
859 3269 1037 3357 Clrapelles
1064 3272 1220 3356 quatinus
1246 3274 1309 3338 sibi
1336 3273 1511 3358 providere

151 3369 331 3454 dignemini
353 3373 396 3440 de
430 3373 594 3440 decanatu
626 3374 766 3440 ecclesie
796 3375 909 3440 Sancti
940 3373 1114 3459 Gangerici
1136 3374 1387 3442 Cameracensis
1420 3397 1511 3442 nunc

153 3487 302 3558 vacante,
318 3477 352 3540 in
369 3499 433 3562 qua
450 3479 590 3544 ecclesia
607 3487 657 3544 est
674 3478 854 3544 canonicus
877 3478 1111 3564 prebendatus.
1127 3519 1170 3530 -
1184 3479 1259 3545 Fiat
1276 3479 1316 3546 R.

193 3577 317 3645 Datum
334 3588 371 3645 ut
387 3601 494 3666 supra.
511 3580 553 3664 (1,
572 3589 632 3666 al).

192 3731 227 3790 4.
245 3725 334 3792 Item
351 3729 517 3813 supplicat
535 3727 730 3814 Radulplrus
753 3728 917 3810 Cossardi,
942 3729 1133 3815 capellanus
1149 3737 1183 3794 et
1199 3729 1366 3796 familiaris
1389 3737 1509 3808 vester,

152 3831 305 3909 quatinus
328 3831 388 3898 sibi
409 3832 591 3917 dignemini
614 3833 753 3918 gratiam
778 3834 886 3898 lacere
909 3834 1088 3919 specialem
1113 3835 1155 3899 de
1171 3834 1372 3900 canonicatu
1386 3841 1421 3897 et
1437 3854 1510 3918 pre-

152 3931 255 4000 benda
270 3937 413 4002 ecclesie
429 3937 542 4002 Sancti
559 3937 752 4016 Audomari,
771 3936 974 4004 Morinensis
989 3937 1141 4016 diocesis,
1158 3936 1354 4003 vacantibus
1368 3935 1403 4000 in
1420 3935 1511 4001 curia

152 4051 207 4115 per
226 4040 356 4106 obitum
372 4041 460 4106 bone
476 4040 636 4106 memorie
651 4039 778 4104 domini
797 4039 1026 4126 Neapoleonis
1040 4039 1210 4124 quondam
1222 4039 1397 4104 cardinalis
1408 4048 1428 4118 ³,
1441 4059 1510 4104 non

153 4139 305 4208 obstante
317 4143 408 4228 quod
418 4144 584 4228 quandam
599 4143 818 4230 capellaniam
830 4144 865 4206 in
878 4145 1006 4230 capella
1018 4143 1150 4208 comitis
1162 4143 1248 4227 Augi
1260 4143 1294 4206 in
1306 4142 1511 4208 monasterio

153 4237 259 4310 Sancti
286 4247 450 4332 Dyonisii,
464 4269 528 4332 que
552 4269 618 4314 non
644 4259 777 4316 taxatur
799 4249 841 4316 ad
856 4250 1034 4328 decimam,
1047 4247 1197 4313 noscitur
1216 4246 1377 4311 obtinere.
1391 4244 1453 4310 Vel
1467 4246 1510 4311 de

152 4351 344 4424 parrochiali
368 4353 508 4418 ecclesia
531 4353 573 4418 de
589 4351 769 4435 Cressiaco,
784 4353 1014 4420 laudunensis
1029 4352 1180 4432 diocesis,
1205 4358 1348 4416 vacante
1370 4351 1511 4416 incuria

182 4533 208 4594 n)
226 4537 260 4586 Le
278 4542 350 4588 texte
367 4543 405 4588 est
423 4541 561 4603 incomplet
577 4557 582 4600 ;
601 4542 619 4589 il
637 4543 693 4590 taut
710 4541 810 4604 ajouter·
831 4557 836 4590 :
857 4540 1000 4602 dignemini
1017 4540 1159 4606 providere.

187 4695 443 4748 recumberes,
462 4701 545 4762 Leuis,
560 4703 622 4762 tvl,
636 4705 684 4752 209
698 4719 703 4762 ;
719 4702 802 4760 Vidal,
816 4717 841 4753 rr.
853 4705 959 4751 2611-
971 4705 993 4750 2.
1007 4701 1091 4750 l’ierrc
1102 4701 1138 4748 ‹lu
1151 4701 1256 4758 chesne,
1269 4701 1344 4750 chau.
1355 4701 1388 4749 de
1400 4701 1511 4748 Tourrmi

154 4776 183 4810 en
197 4769 262 4830 1338,
274 4773 358 4834 doyen
370 4789 402 4822 cu
414 4775 482 4834 1343,
495 4781 563 4824 mort
572 4776 596 4824 le
604 4780 619 4822 n
629 4776 722 4825 lenior·
736 4779 798 4824 1319
808 4775 895 4838 (Gall.
908 4776 1004 4835 elarini„
1015 4776 1065 4834 111,
1076 4779 1123 4824 250
1135 4790 1141 4832 ;
1155 4775 1341 4838 ]’«)ε,(1ωμι“1νε
1351 4773 1382 4823 de
1392 4775 1510 4832 lburrme',

157 4833 174 4892 1.
187 4840 263 4902 rara,
282 4850 309 4894 et
328 4845 465 4906 Paulam,
479 4848 499 4908 r,
514 4851 562 4908 ra;
584 4849 667 4909 vain,
685 4865 711 4898 n.
723 4851 793 4910 assa,
807 4852 877 4909 5495,
892 4850 1023 4910 11371).-
1039 4851 1054 4896 a
1074 4847 1208 4910 uqmoon
1227 4848 1272 4898 (ιω
1290 4848 1379 4896 omns
1391 4847 1511 4910 (oram),

155 4911 359 4968 cardinal-diacre
375 4919 407 4968 do
419 4922 444 4970 S.
456 4921 559 4982 Adrion,
577 4928 645 4972 mort
663 4923 686 4973 le
703 4925 733 4972 23
751 4937 819 4973 mars
832 4924 893 4974 1312
905 4922 1008 4984 (Sobel,
1021 4922 1103 4981 ffien,
1117 4922 1137 4981 l,
1154 4924 1202 4983 11).

203 5003 261 5048 Anal.
273 5008 323 5051 Vnt.
334 5009 394 5060 Belg.
1451 5023 1460 5051 ι
