<?xml version="1.0" encoding="UTF-8"?>
<!DOCTYPE html PUBLIC "-//W3C//DTD XHTML 1.0 Transitional//EN"
    "http://www.w3.org/TR/xhtml1/DTD/xhtml1-transitional.dtd">
<html xmlns="http://www.w3.org/1999/xhtml" xml:lang="en" lang="en">
 <head>
  <title>
</title>
<meta http-equiv="Content-Type" content="text/html;charset=utf-8" />
  <meta name='ocr-system' content='tesseract 3.04.00' />
  <meta name='ocr-capabilities' content='ocr_page ocr_carea ocr_par ocr_line ocrx_word'/>
</head>
<body>
  <div class='ocr_page' id='page_1' title='image "./suppliquesdeclm00berlgoog_0339.png"; bbox 0 0 3650 5675; ppageno 0'>
   <div class='ocr_carea' id='block_1_1' title="bbox 300 507 1158 590">
    <p class='ocr_par' dir='ltr' id='par_1_1' title="bbox 300 507 1158 590">
     <span class='ocr_line' id='line_1_1' title="bbox 300 507 1158 590; baseline -0.005 -15"><span class='ocrx_word' id='word_1_1' title='bbox 300 509 363 576; x_wconf 78' lang='lat'>294</span> <span class='ocrx_word' id='word_1_2' title='bbox 815 507 906 583; x_wconf 79' lang='grc'><strong>1347,</strong></span> <span class='ocrx_word' id='word_1_3' title='bbox 927 507 1012 574; x_wconf 80' lang='lat'>17-19</span> <span class='ocrx_word' id='word_1_4' title='bbox 1030 507 1158 590; x_wconf 75' lang='lat' dir='ltr'>Janvier.</span> 
     </span>
    </p>
   </div>
   <div class='ocr_carea' id='block_1_2' title="bbox 301 653 1666 1678">
    <p class='ocr_par' dir='ltr' id='par_1_2' title="bbox 301 653 1666 1678">
     <span class='ocr_line' id='line_1_2' title="bbox 301 653 1665 740; baseline 0.001 -18"><span class='ocrx_word' id='word_1_5' title='bbox 301 676 450 723; x_wconf 90' lang='lat' dir='ltr'>annuum</span> <span class='ocrx_word' id='word_1_6' title='bbox 465 674 534 719; x_wconf 89' lang='lat' dir='ltr'>non</span> <span class='ocrx_word' id='word_1_7' title='bbox 551 653 729 736; x_wconf 85' lang='lat' dir='ltr'>excedunt,</span> <span class='ocrx_word' id='word_1_8' title='bbox 745 653 929 739; x_wconf 81' lang='lat' dir='ltr'>dignemini</span> <span class='ocrx_word' id='word_1_9' title='bbox 944 654 1123 740; x_wconf 89' lang='lat' dir='ltr'>providere</span> <span class='ocrx_word' id='word_1_10' title='bbox 1137 678 1145 736; x_wconf 93' lang='lat'>;</span> <span class='ocrx_word' id='word_1_11' title='bbox 1162 677 1230 722; x_wconf 91' lang='lat' dir='ltr'>non</span> <span class='ocrx_word' id='word_1_12' title='bbox 1258 658 1345 722; x_wconf 94' lang='lat' dir='ltr'>obst.</span> <span class='ocrx_word' id='word_1_13' title='bbox 1372 656 1462 740; x_wconf 92' lang='lat' dir='ltr'>quod</span> <span class='ocrx_word' id='word_1_14' title='bbox 1478 654 1665 724; x_wconf 82' lang='lat' dir='ltr'>Friderieus</span> 
     </span>
     <span class='ocr_line' id='line_1_3' title="bbox 303 756 1663 844; baseline 0 -18"><span class='ocrx_word' id='word_1_15' title='bbox 303 759 345 826; x_wconf 92' lang='lat' dir='ltr'>de</span> <span class='ocrx_word' id='word_1_16' title='bbox 361 758 535 842; x_wconf 83' lang='lat' dir='ltr'>Ysenburg</span> <span class='ocrx_word' id='word_1_17' title='bbox 555 756 735 841; x_wconf 86' lang='lat' dir='ltr'>quemdam</span> <span class='ocrx_word' id='word_1_18' title='bbox 760 757 1037 839; x_wconf 86' lang='lat' dir='ltr'>Fritzennarium,</span> <span class='ocrx_word' id='word_1_19' title='bbox 1064 767 1099 824; x_wconf 89' lang='lat' dir='ltr'>et</span> <span class='ocrx_word' id='word_1_20' title='bbox 1126 759 1286 826; x_wconf 90' lang='lat' dir='ltr'>Willicho</span> <span class='ocrx_word' id='word_1_21' title='bbox 1312 760 1354 826; x_wconf 89' lang='lat' dir='ltr'>de</span> <span class='ocrx_word' id='word_1_22' title='bbox 1381 759 1491 844; x_wconf 88' lang='lat' dir='ltr'>Stega,</span> <span class='ocrx_word' id='word_1_23' title='bbox 1508 759 1663 826; x_wconf 90' lang='lat' dir='ltr'>canonici</span> 
     </span>
     <span class='ocr_line' id='line_1_4' title="bbox 302 859 1665 944; baseline -0.001 -13"><span class='ocrx_word' id='word_1_24' title='bbox 302 865 393 931; x_wconf 90' lang='lat' dir='ltr'>dicte</span> <span class='ocrx_word' id='word_1_25' title='bbox 407 865 490 929; x_wconf 91' lang='lat' dir='ltr'>eccl.</span> <span class='ocrx_word' id='word_1_26' title='bbox 505 860 737 941; x_wconf 71' lang='lat' dir='ltr'>Wormatien,</span> <span class='ocrx_word' id='word_1_27' title='bbox 754 859 933 944; x_wconf 80' lang='lat' dir='ltr'>quemdam</span> <span class='ocrx_word' id='word_1_28' title='bbox 945 859 1177 928; x_wconf 90' lang='lat' dir='ltr'>Frenzelinum</span> <span class='ocrx_word' id='word_1_29' title='bbox 1190 861 1233 927; x_wconf 91' lang='lat' dir='ltr'>de</span> <span class='ocrx_word' id='word_1_30' title='bbox 1244 860 1419 944; x_wconf 88' lang='lat' dir='ltr'>Ruckeim,</span> <span class='ocrx_word' id='word_1_31' title='bbox 1432 863 1512 929; x_wconf 89' lang='lat' dir='ltr'>licet</span> <span class='ocrx_word' id='word_1_32' title='bbox 1522 863 1564 929; x_wconf 87' lang='lat' dir='ltr'>de</span> <span class='ocrx_word' id='word_1_33' title='bbox 1574 862 1665 930; x_wconf 82' lang='lat' dir='ltr'>sacto</span> 
     </span>
     <span class='ocr_line' id='line_1_5' title="bbox 302 963 1664 1052; baseline -0.001 -18"><span class='ocrx_word' id='word_1_34' title='bbox 302 977 337 1034; x_wconf 90' lang='lat' dir='ltr'>et</span> <span class='ocrx_word' id='word_1_35' title='bbox 352 970 386 1033; x_wconf 85' lang='lat' dir='ltr'>ln</span> <span class='ocrx_word' id='word_1_36' title='bbox 401 966 576 1046; x_wconf 85' lang='lat' dir='ltr'>discordia,</span> <span class='ocrx_word' id='word_1_37' title='bbox 592 965 779 1032; x_wconf 91' lang='lat' dir='ltr'>addictam</span> <span class='ocrx_word' id='word_1_38' title='bbox 802 963 957 1050; x_wconf 89' lang='lat' dir='ltr'>parroch.</span> <span class='ocrx_word' id='word_1_39' title='bbox 973 966 1055 1032; x_wconf 89' lang='lat' dir='ltr'>eccl.</span> <span class='ocrx_word' id='word_1_40' title='bbox 1080 974 1369 1052; x_wconf 79' lang='lat' dir='ltr'>presentaverunt,</span> <span class='ocrx_word' id='word_1_41' title='bbox 1385 974 1420 1032; x_wconf 98' lang='lat' dir='ltr'>et</span> <span class='ocrx_word' id='word_1_42' title='bbox 1447 969 1533 1032; x_wconf 84' lang='lat' dir='ltr'>alter</span> <span class='ocrx_word' id='word_1_43' title='bbox 1547 987 1664 1033; x_wconf 83' lang='lat' dir='ltr'>eorum</span> 
     </span>
     <span class='ocr_line' id='line_1_6' title="bbox 302 1067 1666 1158; baseline 0.002 -23"><span class='ocrx_word' id='word_1_44' title='bbox 302 1078 570 1158; x_wconf 88' lang='lat' dir='ltr'>presentatomm</span> <span class='ocrx_word' id='word_1_45' title='bbox 586 1069 695 1135; x_wconf 84' lang='lat' dir='ltr'>forsan</span> <span class='ocrx_word' id='word_1_46' title='bbox 711 1068 838 1134; x_wconf 90' lang='lat' dir='ltr'>dictam</span> <span class='ocrx_word' id='word_1_47' title='bbox 853 1069 936 1134; x_wconf 93' lang='lat' dir='ltr'>eccl.</span> <span class='ocrx_word' id='word_1_48' title='bbox 952 1067 1082 1135; x_wconf 88' lang='lat' dir='ltr'>detinet</span> <span class='ocrx_word' id='word_1_49' title='bbox 1098 1079 1298 1156; x_wconf 84' lang='lat' dir='ltr'>occupatam</span> <span class='ocrx_word' id='word_1_50' title='bbox 1314 1093 1323 1151; x_wconf 93' lang='lat'>;</span> <span class='ocrx_word' id='word_1_51' title='bbox 1340 1091 1399 1136; x_wconf 85' lang='lat' dir='ltr'>seu</span> <span class='ocrx_word' id='word_1_52' title='bbox 1410 1070 1500 1155; x_wconf 94' lang='lat' dir='ltr'>quod</span> <span class='ocrx_word' id='word_1_53' title='bbox 1515 1071 1666 1156; x_wconf 86' lang='lat' dir='ltr'>prefatus</span> 
     </span>
     <span class='ocr_line' id='line_1_7' title="bbox 302 1171 1665 1258; baseline -0.001 -18"><span class='ocrx_word' id='word_1_54' title='bbox 302 1174 478 1253; x_wconf 78' lang='lat' dir='ltr'>johannes</span> <span class='ocrx_word' id='word_1_55' title='bbox 493 1193 592 1258; x_wconf 91' lang='lat' dir='ltr'>super</span> <span class='ocrx_word' id='word_1_56' title='bbox 607 1193 680 1239; x_wconf 90' lang='lat' dir='ltr'>can.</span> <span class='ocrx_word' id='word_1_57' title='bbox 707 1181 743 1237; x_wconf 90' lang='lat' dir='ltr'>et</span> <span class='ocrx_word' id='word_1_58' title='bbox 758 1174 849 1258; x_wconf 85' lang='lat' dir='ltr'>preb.</span> <span class='ocrx_word' id='word_1_59' title='bbox 866 1172 949 1238; x_wconf 90' lang='lat' dir='ltr'>eccl.</span> <span class='ocrx_word' id='word_1_60' title='bbox 977 1171 1015 1239; x_wconf 92' lang='lat' dir='ltr'>B.</span> <span class='ocrx_word' id='word_1_61' title='bbox 1043 1172 1092 1240; x_wconf 92' lang='lat' dir='ltr'>M.</span> <span class='ocrx_word' id='word_1_62' title='bbox 1116 1174 1292 1258; x_wconf 72' lang='lat' dir='ltr'>Aquensis</span> <span class='ocrx_word' id='word_1_63' title='bbox 1319 1174 1410 1240; x_wconf 88' lang='lat' dir='ltr'>dicte</span> <span class='ocrx_word' id='word_1_64' title='bbox 1435 1174 1534 1254; x_wconf 74' lang='lat' dir='ltr'>dioc,</span> <span class='ocrx_word' id='word_1_65' title='bbox 1550 1174 1665 1258; x_wconf 87' lang='lat' dir='ltr'>vigore</span> 
     </span>
     <span class='ocr_line' id='line_1_8' title="bbox 303 1275 1664 1364; baseline -0.001 -20"><span class='ocrx_word' id='word_1_66' title='bbox 303 1277 477 1364; x_wconf 89' lang='lat' dir='ltr'>cujusdam</span> <span class='ocrx_word' id='word_1_67' title='bbox 491 1296 538 1361; x_wconf 86' lang='lat' dir='ltr'>gr.</span> <span class='ocrx_word' id='word_1_68' title='bbox 554 1276 589 1340; x_wconf 92' lang='lat' dir='ltr'>in</span> <span class='ocrx_word' id='word_1_69' title='bbox 616 1275 723 1341; x_wconf 84' lang='lat' dir='ltr'>sonna</span> <span class='ocrx_word' id='word_1_70' title='bbox 750 1275 921 1341; x_wconf 92' lang='lat' dir='ltr'>communi</span> <span class='ocrx_word' id='word_1_71' title='bbox 945 1297 1005 1361; x_wconf 92' lang='lat' dir='ltr'>per</span> <span class='ocrx_word' id='word_1_72' title='bbox 1029 1277 1060 1341; x_wconf 89' lang='lat' dir='ltr'>S.</span> <span class='ocrx_word' id='word_1_73' title='bbox 1077 1275 1117 1342; x_wconf 94' lang='lat' dir='ltr'>V.</span> <span class='ocrx_word' id='word_1_74' title='bbox 1133 1277 1194 1343; x_wconf 89' lang='lat' dir='ltr'>sibi</span> <span class='ocrx_word' id='word_1_75' title='bbox 1222 1277 1322 1360; x_wconf 82' lang='lat' dir='ltr'>facte,</span> <span class='ocrx_word' id='word_1_76' title='bbox 1338 1277 1487 1344; x_wconf 89' lang='lat' dir='ltr'>noscitur</span> <span class='ocrx_word' id='word_1_77' title='bbox 1510 1277 1664 1363; x_wconf 86' lang='lat' dir='ltr'>litigare;</span> 
     </span>
     <span class='ocr_line' id='line_1_9' title="bbox 303 1378 1665 1469; baseline -0.002 -21"><span class='ocrx_word' id='word_1_78' title='bbox 303 1405 402 1469; x_wconf 89' lang='lat' dir='ltr'>quam</span> <span class='ocrx_word' id='word_1_79' title='bbox 418 1403 476 1466; x_wconf 74' lang='lat' dir='ltr'>gr,</span> <span class='ocrx_word' id='word_1_80' title='bbox 492 1381 519 1446; x_wconf 93' lang='lat' dir='ltr'>si</span> <span class='ocrx_word' id='word_1_81' title='bbox 542 1381 651 1465; x_wconf 91' lang='lat' dir='ltr'>ipsum</span> <span class='ocrx_word' id='word_1_82' title='bbox 667 1378 687 1457; x_wconf 90' lang='lat' dir='ltr'>J</span> <span class='ocrx_word' id='word_1_83' title='bbox 690 1380 858 1446; x_wconf 89' lang='lat' dir='ltr'>ohannem</span> <span class='ocrx_word' id='word_1_84' title='bbox 874 1378 908 1444; x_wconf 92' lang='lat' dir='ltr'>in</span> <span class='ocrx_word' id='word_1_85' title='bbox 924 1380 983 1446; x_wconf 89' lang='lat' dir='ltr'>lite</span> <span class='ocrx_word' id='word_1_86' title='bbox 999 1381 1198 1466; x_wconf 88' lang='lat' dir='ltr'>hujusmodi,</span> <span class='ocrx_word' id='word_1_87' title='bbox 1214 1382 1304 1468; x_wconf 92' lang='lat' dir='ltr'>quod</span> <span class='ocrx_word' id='word_1_88' title='bbox 1335 1383 1432 1464; x_wconf 87' lang='lat' dir='ltr'>absit,</span> <span class='ocrx_word' id='word_1_89' title='bbox 1448 1384 1665 1448; x_wconf 86' lang='lat' dir='ltr'>succumbere</span> 
     </span>
     <span class='ocr_line' id='line_1_10' title="bbox 304 1483 1168 1571; baseline 0.001 -18"><span class='ocrx_word' id='word_1_90' title='bbox 304 1487 490 1571; x_wconf 87' lang='lat' dir='ltr'>contingat,</span> <span class='ocrx_word' id='word_1_91' title='bbox 507 1484 568 1550; x_wconf 86' lang='lat' dir='ltr'>sibi</span> <span class='ocrx_word' id='word_1_92' title='bbox 580 1483 763 1568; x_wconf 87' lang='lat' dir='ltr'>dignemini</span> <span class='ocrx_word' id='word_1_93' title='bbox 779 1504 959 1551; x_wconf 88' lang='lat' dir='ltr'>reservare.</span> <span class='ocrx_word' id='word_1_94' title='bbox 974 1526 1018 1535; x_wconf 92' lang='lat'>-</span> <span class='ocrx_word' id='word_1_95' title='bbox 1035 1485 1112 1551; x_wconf 88' lang='lat' dir='ltr'>Fiat</span> <span class='ocrx_word' id='word_1_96' title='bbox 1128 1485 1168 1555; x_wconf 91' lang='lat' dir='ltr'>R.</span> 
     </span>
     <span class='ocr_line' id='line_1_11' title="bbox 347 1587 1088 1678; baseline 0.005 -24"><span class='ocrx_word' id='word_1_97' title='bbox 347 1589 425 1656; x_wconf 90' lang='lat' dir='ltr'>Dat.</span> <span class='ocrx_word' id='word_1_98' title='bbox 440 1589 541 1655; x_wconf 82' lang='lat' dir='ltr'>Avin.</span> <span class='ocrx_word' id='word_1_99' title='bbox 561 1592 599 1653; x_wconf 89' lang='lat'>16</span> <span class='ocrx_word' id='word_1_100' title='bbox 614 1587 683 1654; x_wconf 88' lang='lat' dir='ltr'>kal.</span> <span class='ocrx_word' id='word_1_101' title='bbox 699 1587 781 1654; x_wconf 85' lang='lat' dir='ltr'>febr.</span> <span class='ocrx_word' id='word_1_102' title='bbox 797 1595 831 1653; x_wconf 91' lang='lat' dir='ltr'>a⁰</span> <span class='ocrx_word' id='word_1_103' title='bbox 848 1595 889 1673; x_wconf 80' lang='lat'>5⁰.</span> <span class='ocrx_word' id='word_1_104' title='bbox 906 1589 980 1674; x_wconf 88' lang='grc'><strong>(10,</strong></span> <span class='ocrx_word' id='word_1_105' title='bbox 1005 1591 1088 1678; x_wconf 84' lang='lat'>23&#39;).</span> 
     </span>
    </p>
   </div>
   <div class='ocr_carea' id='block_1_3' title="bbox 304 1717 1665 2322">
    <p class='ocr_par' dir='ltr' id='par_1_3' title="bbox 358 1717 1619 1818">
     <span class='ocr_line' id='line_1_12' title="bbox 358 1717 1619 1818; baseline 0 -19"><span class='ocrx_word' id='word_1_106' title='bbox 358 1717 646 1805; x_wconf 79' lang='grc' dir='ltr'><strong>1130·ῙῙ34.</strong></span> <span class='ocrx_word' id='word_1_107' title='bbox 1313 1751 1408 1818; x_wconf 73' lang='lat'><em>1347,</em></span> <span class='ocrx_word' id='word_1_108' title='bbox 1424 1751 1466 1817; x_wconf 81' lang='lat'>17</span> <span class='ocrx_word' id='word_1_109' title='bbox 1475 1731 1619 1815; x_wconf 63' lang='lat' dir='ltr'>sanarer.</span> 
     </span>
    </p>

    <p class='ocr_par' dir='ltr' id='par_1_4' title="bbox 347 1836 962 1928">
     <span class='ocr_line' id='line_1_13' title="bbox 347 1836 962 1928; baseline -0.002 -26"><span class='ocrx_word' id='word_1_110' title='bbox 347 1839 516 1925; x_wconf 77' lang='lat' dir='ltr'>Pauperes</span> <span class='ocrx_word' id='word_1_111' title='bbox 538 1836 749 1924; x_wconf 82' lang='lat' dir='ltr'>infrascripti</span> <span class='ocrx_word' id='word_1_112' title='bbox 768 1837 962 1928; x_wconf 73' lang='lat' dir='ltr'>supplicant.</span> 
     </span>
    </p>

    <p class='ocr_par' dir='ltr' id='par_1_5' title="bbox 304 1937 1665 2322">
     <span class='ocr_line' id='line_1_14' title="bbox 348 1937 1663 2026; baseline -0.004 -18"><span class='ocrx_word' id='word_1_113' title='bbox 348 1942 436 2008; x_wconf 84' lang='lat' dir='ltr'>Item</span> <span class='ocrx_word' id='word_1_114' title='bbox 453 1940 592 2005; x_wconf 89' lang='lat' dir='ltr'>Herveo</span> <span class='ocrx_word' id='word_1_115' title='bbox 609 1937 773 2026; x_wconf 85' lang='lat' dir='ltr'>Hospitis,</span> <span class='ocrx_word' id='word_1_116' title='bbox 790 1940 867 2005; x_wconf 92' lang='lat' dir='ltr'>cler.</span> <span class='ocrx_word' id='word_1_117' title='bbox 884 1939 1033 2006; x_wconf 91' lang='lat' dir='ltr'>Leonen.</span> <span class='ocrx_word' id='word_1_118' title='bbox 1049 1940 1146 2022; x_wconf 82' lang='lat' dir='ltr'>dioc,</span> <span class='ocrx_word' id='word_1_119' title='bbox 1163 1941 1205 2007; x_wconf 88' lang='lat' dir='ltr'>dc</span> <span class='ocrx_word' id='word_1_120' title='bbox 1220 1941 1314 2007; x_wconf 88' lang='lat' dir='ltr'>altari</span> <span class='ocrx_word' id='word_1_121' title='bbox 1331 1941 1362 2007; x_wconf 90' lang='lat' dir='ltr'>S.</span> <span class='ocrx_word' id='word_1_122' title='bbox 1385 1940 1526 2026; x_wconf 85' lang='lat' dir='ltr'>Agnetis</span> <span class='ocrx_word' id='word_1_123' title='bbox 1541 1941 1606 2004; x_wconf 89' lang='lat' dir='ltr'>sito</span> <span class='ocrx_word' id='word_1_124' title='bbox 1629 1938 1663 2003; x_wconf 91' lang='lat' dir='ltr'>in</span> 
     </span>
     <span class='ocr_line' id='line_1_15' title="bbox 304 2042 1663 2132; baseline -0.004 -20"><span class='ocrx_word' id='word_1_125' title='bbox 304 2048 387 2114; x_wconf 90' lang='lat' dir='ltr'>eccl.</span> <span class='ocrx_word' id='word_1_126' title='bbox 402 2044 555 2132; x_wconf 91' lang='lat' dir='ltr'>parroch.</span> <span class='ocrx_word' id='word_1_127' title='bbox 571 2043 614 2110; x_wconf 89' lang='lat' dir='ltr'>de</span> <span class='ocrx_word' id='word_1_128' title='bbox 629 2043 850 2125; x_wconf 85' lang='lat' dir='ltr'>Schelewoet,</span> <span class='ocrx_word' id='word_1_129' title='bbox 866 2042 1028 2111; x_wconf 89' lang='lat' dir='ltr'>Leodien.</span> <span class='ocrx_word' id='word_1_130' title='bbox 1043 2045 1141 2127; x_wconf 82' lang='lat' dir='ltr'>dioc,</span> <span class='ocrx_word' id='word_1_131' title='bbox 1158 2066 1232 2113; x_wconf 85' lang='lat' dir='ltr'>vac.</span> <span class='ocrx_word' id='word_1_132' title='bbox 1256 2066 1316 2132; x_wconf 91' lang='lat' dir='ltr'>per</span> <span class='ocrx_word' id='word_1_133' title='bbox 1330 2045 1470 2110; x_wconf 84' lang='lat' dir='ltr'>liberam</span> <span class='ocrx_word' id='word_1_134' title='bbox 1493 2043 1613 2128; x_wconf 89' lang='lat' dir='ltr'>resign.</span> <span class='ocrx_word' id='word_1_135' title='bbox 1629 2042 1663 2106; x_wconf 95' lang='lat' dir='ltr'>in</span> 
     </span>
     <span class='ocr_line' id='line_1_16' title="bbox 304 2146 1665 2233; baseline -0.005 -16"><span class='ocrx_word' id='word_1_136' title='bbox 304 2151 460 2217; x_wconf 87' lang='lat' dir='ltr'>manibus</span> <span class='ocrx_word' id='word_1_137' title='bbox 471 2148 561 2214; x_wconf 96' lang='lat' dir='ltr'>dom.</span> <span class='ocrx_word' id='word_1_138' title='bbox 574 2147 842 2213; x_wconf 86' lang='lat' dir='ltr'>vicecancellarii</span> <span class='ocrx_word' id='word_1_139' title='bbox 854 2146 903 2225; x_wconf 91' lang='lat' dir='ltr'>aJ</span> <span class='ocrx_word' id='word_1_140' title='bbox 906 2148 1041 2214; x_wconf 91' lang='lat' dir='ltr'>ohanne</span> <span class='ocrx_word' id='word_1_141' title='bbox 1052 2149 1145 2216; x_wconf 85' lang='lat' dir='ltr'>dicto</span> <span class='ocrx_word' id='word_1_142' title='bbox 1155 2148 1279 2215; x_wconf 87' lang='lat' dir='ltr'>Parent</span> <span class='ocrx_word' id='word_1_143' title='bbox 1291 2149 1425 2230; x_wconf 85' lang='lat' dir='ltr'>factam,</span> <span class='ocrx_word' id='word_1_144' title='bbox 1436 2147 1528 2233; x_wconf 86' lang='lat' dir='ltr'>cujus</span> <span class='ocrx_word' id='word_1_145' title='bbox 1540 2146 1665 2212; x_wconf 84' lang='lat' dir='ltr'>fructus</span> 
     </span>
     <span class='ocr_line' id='line_1_17' title="bbox 305 2251 1028 2322; baseline -0.001 -1"><span class='ocrx_word' id='word_1_146' title='bbox 305 2259 324 2322; x_wconf 92' lang='lat'>8</span> <span class='ocrx_word' id='word_1_147' title='bbox 340 2256 396 2321; x_wconf 91' lang='lat' dir='ltr'>lib.</span> <span class='ocrx_word' id='word_1_148' title='bbox 412 2253 537 2319; x_wconf 91' lang='lat' dir='ltr'>Turon.</span> <span class='ocrx_word' id='word_1_149' title='bbox 553 2272 622 2317; x_wconf 92' lang='lat' dir='ltr'>non</span> <span class='ocrx_word' id='word_1_150' title='bbox 638 2252 816 2318; x_wconf 86' lang='lat' dir='ltr'>excedunt.</span> <span class='ocrx_word' id='word_1_151' title='bbox 831 2292 875 2302; x_wconf 91' lang='lat'>——</span> <span class='ocrx_word' id='word_1_152' title='bbox 891 2251 967 2319; x_wconf 91' lang='lat' dir='ltr'>Fiat</span> <span class='ocrx_word' id='word_1_153' title='bbox 984 2253 1028 2320; x_wconf 92' lang='lat' dir='ltr'>R.</span> 
     </span>
    </p>
   </div>
   <div class='ocr_carea' id='block_1_4' title="bbox 303 2379 1664 2774">
    <p class='ocr_par' dir='ltr' id='par_1_6' title="bbox 303 2379 1664 2774">
     <span class='ocr_line' id='line_1_18' title="bbox 347 2379 1662 2470; baseline -0.005 -21"><span class='ocrx_word' id='word_1_154' title='bbox 347 2390 439 2451; x_wconf 93' lang='grc'><strong>1131.</strong></span> <span class='ocrx_word' id='word_1_155' title='bbox 457 2381 547 2447; x_wconf 90' lang='lat' dir='ltr'>Item</span> <span class='ocrx_word' id='word_1_156' title='bbox 562 2380 581 2459; x_wconf 90' lang='lat' dir='ltr'>J</span> <span class='ocrx_word' id='word_1_157' title='bbox 585 2380 709 2446; x_wconf 88' lang='lat' dir='ltr'>charmi</span> <span class='ocrx_word' id='word_1_158' title='bbox 725 2380 767 2446; x_wconf 91' lang='lat' dir='ltr'>de</span> <span class='ocrx_word' id='word_1_159' title='bbox 779 2379 905 2463; x_wconf 89' lang='lat' dir='ltr'>Wellis,</span> <span class='ocrx_word' id='word_1_160' title='bbox 922 2383 1011 2464; x_wconf 78' lang='lat' dir='ltr'>cler,</span> <span class='ocrx_word' id='word_1_161' title='bbox 1038 2381 1080 2449; x_wconf 89' lang='lat' dir='ltr'>de</span> <span class='ocrx_word' id='word_1_162' title='bbox 1095 2384 1248 2470; x_wconf 91' lang='lat' dir='ltr'>parroch.</span> <span class='ocrx_word' id='word_1_163' title='bbox 1276 2383 1358 2449; x_wconf 90' lang='lat' dir='ltr'>eccl.</span> <span class='ocrx_word' id='word_1_164' title='bbox 1374 2382 1416 2449; x_wconf 90' lang='lat' dir='ltr'>de</span> <span class='ocrx_word' id='word_1_165' title='bbox 1433 2379 1662 2466; x_wconf 90' lang='lat' dir='ltr'>Duisenpiere,</span> 
     </span>
     <span class='ocr_line' id='line_1_19' title="bbox 303 2483 1664 2570; baseline -0.003 -18"><span class='ocrx_word' id='word_1_166' title='bbox 303 2485 491 2552; x_wconf 88' lang='lat' dir='ltr'>Tomacen.</span> <span class='ocrx_word' id='word_1_167' title='bbox 506 2485 604 2566; x_wconf 74' lang='lat' dir='ltr'>dioc,</span> <span class='ocrx_word' id='word_1_168' title='bbox 621 2485 714 2569; x_wconf 88' lang='lat' dir='ltr'>cujus</span> <span class='ocrx_word' id='word_1_169' title='bbox 729 2483 854 2550; x_wconf 85' lang='lat' dir='ltr'>fructus</span> <span class='ocrx_word' id='word_1_170' title='bbox 871 2507 911 2552; x_wconf 88' lang='lat'>20</span> <span class='ocrx_word' id='word_1_171' title='bbox 926 2487 999 2551; x_wconf 93' lang='lat' dir='ltr'>libr.</span> <span class='ocrx_word' id='word_1_172' title='bbox 1015 2486 1119 2553; x_wconf 79' lang='lat' dir='ltr'>Paris,</span> <span class='ocrx_word' id='word_1_173' title='bbox 1134 2508 1204 2553; x_wconf 91' lang='lat' dir='ltr'>non</span> <span class='ocrx_word' id='word_1_174' title='bbox 1221 2485 1399 2566; x_wconf 84' lang='lat' dir='ltr'>excedunt,</span> <span class='ocrx_word' id='word_1_175' title='bbox 1415 2505 1489 2550; x_wconf 85' lang='lat' dir='ltr'>vac.</span> <span class='ocrx_word' id='word_1_176' title='bbox 1512 2503 1572 2570; x_wconf 88' lang='lat' dir='ltr'>per</span> <span class='ocrx_word' id='word_1_177' title='bbox 1587 2503 1664 2569; x_wconf 93' lang='lat' dir='ltr'>pro-</span> 
     </span>
     <span class='ocr_line' id='line_1_20' title="bbox 303 2585 1663 2675; baseline -0.001 -21"><span class='ocrx_word' id='word_1_178' title='bbox 303 2589 468 2655; x_wconf 85' lang='lat' dir='ltr'>visionem</span> <span class='ocrx_word' id='word_1_179' title='bbox 483 2588 607 2654; x_wconf 85' lang='lat' dir='ltr'>factam</span> <span class='ocrx_word' id='word_1_180' title='bbox 622 2586 725 2652; x_wconf 91' lang='lat' dir='ltr'>Petro</span> <span class='ocrx_word' id='word_1_181' title='bbox 737 2586 825 2669; x_wconf 92' lang='lat' dir='ltr'>Tire,</span> <span class='ocrx_word' id='word_1_182' title='bbox 836 2590 968 2672; x_wconf 84' lang='lat' dir='ltr'>rectori,</span> <span class='ocrx_word' id='word_1_183' title='bbox 985 2590 1027 2655; x_wconf 90' lang='lat' dir='ltr'>de</span> <span class='ocrx_word' id='word_1_184' title='bbox 1043 2590 1194 2675; x_wconf 89' lang='lat' dir='ltr'>parroch.</span> <span class='ocrx_word' id='word_1_185' title='bbox 1211 2591 1293 2656; x_wconf 91' lang='lat' dir='ltr'>eccl.</span> <span class='ocrx_word' id='word_1_186' title='bbox 1309 2589 1341 2654; x_wconf 90' lang='lat' dir='ltr'>S.</span> <span class='ocrx_word' id='word_1_187' title='bbox 1359 2587 1499 2653; x_wconf 87' lang='lat' dir='ltr'>Martini</span> <span class='ocrx_word' id='word_1_188' title='bbox 1508 2586 1550 2653; x_wconf 93' lang='lat' dir='ltr'>de</span> <span class='ocrx_word' id='word_1_189' title='bbox 1562 2585 1663 2652; x_wconf 93' lang='lat' dir='ltr'>Lom-</span> 
     </span>
     <span class='ocr_line' id='line_1_21' title="bbox 304 2690 1001 2774; baseline -0.001 -15"><span class='ocrx_word' id='word_1_190' title='bbox 304 2696 440 2774; x_wconf 90' lang='lat' dir='ltr'>berone,</span> <span class='ocrx_word' id='word_1_191' title='bbox 457 2690 689 2758; x_wconf 89' lang='lat' dir='ltr'>Cenomanen.</span> <span class='ocrx_word' id='word_1_192' title='bbox 705 2690 793 2757; x_wconf 92' lang='lat' dir='ltr'>dioc.</span> <span class='ocrx_word' id='word_1_193' title='bbox 809 2733 851 2741; x_wconf 96' lang='lat'><em>-</em></span> <span class='ocrx_word' id='word_1_194' title='bbox 868 2691 944 2757; x_wconf 88' lang='lat' dir='ltr'>Fiat</span> <span class='ocrx_word' id='word_1_195' title='bbox 961 2692 1001 2758; x_wconf 93' lang='lat' dir='ltr'>R.</span> 
     </span>
    </p>
   </div>
   <div class='ocr_carea' id='block_1_5' title="bbox 301 2819 1666 3527">
    <p class='ocr_par' dir='ltr' id='par_1_7' title="bbox 301 2819 1666 3527">
     <span class='ocr_line' id='line_1_22' title="bbox 347 2819 1664 2908; baseline -0.002 -19"><span class='ocrx_word' id='word_1_196' title='bbox 347 2827 444 2890; x_wconf 88' lang='grc'><strong>1132.</strong></span> <span class='ocrx_word' id='word_1_197' title='bbox 462 2820 552 2888; x_wconf 91' lang='lat' dir='ltr'>Item</span> <span class='ocrx_word' id='word_1_198' title='bbox 563 2819 744 2886; x_wconf 89' lang='lat' dir='ltr'>Guillelmo</span> <span class='ocrx_word' id='word_1_199' title='bbox 764 2819 917 2907; x_wconf 88' lang='lat' dir='ltr'>Viguerii,</span> <span class='ocrx_word' id='word_1_200' title='bbox 931 2821 1159 2908; x_wconf 88' lang='lat' dir='ltr'>Engolismen.</span> <span class='ocrx_word' id='word_1_201' title='bbox 1169 2823 1255 2889; x_wconf 93' lang='lat' dir='ltr'>dioc.</span> <span class='ocrx_word' id='word_1_202' title='bbox 1272 2823 1361 2904; x_wconf 71' lang='lat' dir='ltr'>cler,</span> <span class='ocrx_word' id='word_1_203' title='bbox 1372 2820 1414 2888; x_wconf 90' lang='lat' dir='ltr'>de</span> <span class='ocrx_word' id='word_1_204' title='bbox 1427 2822 1591 2889; x_wconf 90' lang='lat' dir='ltr'>comenda</span> <span class='ocrx_word' id='word_1_205' title='bbox 1606 2840 1664 2887; x_wconf 89' lang='lat' dir='ltr'>seu</span> 
     </span>
     <span class='ocr_line' id='line_1_23' title="bbox 306 2923 1665 3012; baseline -0.001 -20"><span class='ocrx_word' id='word_1_206' title='bbox 306 2927 423 3012; x_wconf 89' lang='lat' dir='ltr'>capell.</span> <span class='ocrx_word' id='word_1_207' title='bbox 441 2926 505 2991; x_wconf 89' lang='lat' dir='ltr'>sita</span> <span class='ocrx_word' id='word_1_208' title='bbox 520 2926 555 2990; x_wconf 91' lang='lat' dir='ltr'>in</span> <span class='ocrx_word' id='word_1_209' title='bbox 581 2926 663 2990; x_wconf 91' lang='lat' dir='ltr'>eccl.</span> <span class='ocrx_word' id='word_1_210' title='bbox 686 2923 806 2991; x_wconf 90' lang='lat' dir='ltr'>domus</span> <span class='ocrx_word' id='word_1_211' title='bbox 828 2928 1007 2992; x_wconf 90' lang='lat' dir='ltr'>scolarium</span> <span class='ocrx_word' id='word_1_212' title='bbox 1024 2929 1199 2995; x_wconf 90' lang='lat' dir='ltr'>cardinalis</span> <span class='ocrx_word' id='word_1_213' title='bbox 1223 2927 1386 2994; x_wconf 89' lang='lat' dir='ltr'>Monachi</span> <span class='ocrx_word' id='word_1_214' title='bbox 1414 2928 1548 2993; x_wconf 91' lang='lat' dir='ltr'>Parisiis</span> <span class='ocrx_word' id='word_1_215' title='bbox 1574 2925 1665 2992; x_wconf 87' lang='lat' dir='ltr'>etde</span> 
     </span>
     <span class='ocr_line' id='line_1_24' title="bbox 302 3026 1666 3117; baseline 0.001 -24"><span class='ocrx_word' id='word_1_216' title='bbox 302 3030 375 3114; x_wconf 88' lang='lat' dir='ltr'>jure</span> <span class='ocrx_word' id='word_1_217' title='bbox 391 3027 481 3113; x_wconf 92' lang='lat' dir='ltr'>quod</span> <span class='ocrx_word' id='word_1_218' title='bbox 495 3028 643 3093; x_wconf 88' lang='lat' dir='ltr'>habebat</span> <span class='ocrx_word' id='word_1_219' title='bbox 658 3026 678 3104; x_wconf 90' lang='lat' dir='ltr'>J</span> <span class='ocrx_word' id='word_1_220' title='bbox 681 3028 831 3093; x_wconf 93' lang='lat' dir='ltr'>ohannes</span> <span class='ocrx_word' id='word_1_221' title='bbox 846 3028 993 3095; x_wconf 90' lang='lat' dir='ltr'>Wicardi</span> <span class='ocrx_word' id='word_1_222' title='bbox 1020 3032 1064 3097; x_wconf 88' lang='lat' dir='ltr'>ad</span> <span class='ocrx_word' id='word_1_223' title='bbox 1091 3032 1208 3117; x_wconf 89' lang='lat' dir='ltr'>capell.</span> <span class='ocrx_word' id='word_1_224' title='bbox 1225 3030 1264 3097; x_wconf 91' lang='lat' dir='ltr'>B.</span> <span class='ocrx_word' id='word_1_225' title='bbox 1282 3030 1331 3098; x_wconf 92' lang='lat' dir='ltr'>M.</span> <span class='ocrx_word' id='word_1_226' title='bbox 1348 3032 1447 3097; x_wconf 90' lang='lat' dir='ltr'>sitam</span> <span class='ocrx_word' id='word_1_227' title='bbox 1475 3032 1508 3095; x_wconf 92' lang='lat' dir='ltr'>in</span> <span class='ocrx_word' id='word_1_228' title='bbox 1526 3031 1607 3097; x_wconf 89' lang='lat' dir='ltr'>eccl.</span> <span class='ocrx_word' id='word_1_229' title='bbox 1622 3030 1666 3095; x_wconf 96' lang='lat' dir='ltr'>de</span> 
     </span>
     <span class='ocr_line' id='line_1_25' title="bbox 304 3130 1666 3221; baseline 0.001 -25"><span class='ocrx_word' id='word_1_230' title='bbox 304 3131 497 3212; x_wconf 89' lang='lat' dir='ltr'>Canisvilla,</span> <span class='ocrx_word' id='word_1_231' title='bbox 515 3130 683 3197; x_wconf 89' lang='lat' dir='ltr'>Morinen.</span> <span class='ocrx_word' id='word_1_232' title='bbox 699 3131 797 3212; x_wconf 79' lang='lat' dir='ltr'>dioc,</span> <span class='ocrx_word' id='word_1_233' title='bbox 814 3136 994 3199; x_wconf 89' lang='lat' dir='ltr'>occasione</span> <span class='ocrx_word' id='word_1_234' title='bbox 1010 3134 1181 3221; x_wconf 86' lang='lat' dir='ltr'>cujusdam</span> <span class='ocrx_word' id='word_1_235' title='bbox 1208 3135 1464 3221; x_wconf 86' lang='lat' dir='ltr'>permutationis</span> <span class='ocrx_word' id='word_1_236' title='bbox 1483 3135 1614 3200; x_wconf 89' lang='lat' dir='ltr'>decan.</span> <span class='ocrx_word' id='word_1_237' title='bbox 1631 3140 1666 3198; x_wconf 93' lang='lat' dir='ltr'>et</span> 
     </span>
     <span class='ocr_line' id='line_1_26' title="bbox 301 3234 1665 3325; baseline 0.002 -25"><span class='ocrx_word' id='word_1_238' title='bbox 301 3238 395 3323; x_wconf 91' lang='lat' dir='ltr'>preb.</span> <span class='ocrx_word' id='word_1_239' title='bbox 411 3236 494 3301; x_wconf 91' lang='lat' dir='ltr'>eccl.</span> <span class='ocrx_word' id='word_1_240' title='bbox 509 3234 542 3300; x_wconf 92' lang='lat' dir='ltr'>S.</span> <span class='ocrx_word' id='word_1_241' title='bbox 569 3234 658 3300; x_wconf 89' lang='lat' dir='ltr'>Petri</span> <span class='ocrx_word' id='word_1_242' title='bbox 687 3234 916 3319; x_wconf 89' lang='lat' dir='ltr'>Maceriensis,</span> <span class='ocrx_word' id='word_1_243' title='bbox 943 3238 1084 3304; x_wconf 90' lang='lat' dir='ltr'>Remen.</span> <span class='ocrx_word' id='word_1_244' title='bbox 1107 3239 1205 3319; x_wconf 72' lang='lat' dir='ltr'>dioc,</span> <span class='ocrx_word' id='word_1_245' title='bbox 1230 3239 1416 3305; x_wconf 90' lang='lat' dir='ltr'>addictam</span> <span class='ocrx_word' id='word_1_246' title='bbox 1442 3238 1665 3325; x_wconf 91' lang='lat' dir='ltr'>capellaniam</span> 
     </span>
     <span class='ocr_line' id='line_1_27' title="bbox 303 3339 1665 3428; baseline 0.001 -23"><span class='ocrx_word' id='word_1_247' title='bbox 303 3349 386 3406; x_wconf 91' lang='lat' dir='ltr'>tunc</span> <span class='ocrx_word' id='word_1_248' title='bbox 400 3339 570 3421; x_wconf 77' lang='lat' dir='ltr'>Inchoate,</span> <span class='ocrx_word' id='word_1_249' title='bbox 585 3359 659 3405; x_wconf 89' lang='lat' dir='ltr'>vac.</span> <span class='ocrx_word' id='word_1_250' title='bbox 675 3360 735 3425; x_wconf 88' lang='lat' dir='ltr'>per</span> <span class='ocrx_word' id='word_1_251' title='bbox 755 3342 1002 3425; x_wconf 89' lang='lat' dir='ltr'>possessionem</span> <span class='ocrx_word' id='word_1_252' title='bbox 1025 3343 1179 3428; x_wconf 90' lang='lat' dir='ltr'>parroch.</span> <span class='ocrx_word' id='word_1_253' title='bbox 1204 3344 1286 3408; x_wconf 90' lang='lat' dir='ltr'>eccl.</span> <span class='ocrx_word' id='word_1_254' title='bbox 1303 3342 1345 3407; x_wconf 90' lang='lat' dir='ltr'>de</span> <span class='ocrx_word' id='word_1_255' title='bbox 1361 3342 1506 3425; x_wconf 89' lang='lat' dir='ltr'>Thanes,</span> <span class='ocrx_word' id='word_1_256' title='bbox 1529 3342 1665 3407; x_wconf 87' lang='lat' dir='ltr'>Ambia-</span> 
     </span>
     <span class='ocr_line' id='line_1_28' title="bbox 301 3443 1327 3527; baseline 0 -15"><span class='ocrx_word' id='word_1_257' title='bbox 301 3466 382 3512; x_wconf 86' lang='lat' dir='ltr'>nen.</span> <span class='ocrx_word' id='word_1_258' title='bbox 399 3444 496 3527; x_wconf 80' lang='lat' dir='ltr'>dioc,</span> <span class='ocrx_word' id='word_1_259' title='bbox 512 3465 532 3510; x_wconf 90' lang='lat' dir='ltr'>a</span> <span class='ocrx_word' id='word_1_260' title='bbox 548 3444 640 3511; x_wconf 92' lang='lat' dir='ltr'>dicto</span> <span class='ocrx_word' id='word_1_261' title='bbox 655 3443 674 3522; x_wconf 90' lang='lat' dir='ltr'>J</span> <span class='ocrx_word' id='word_1_262' title='bbox 678 3445 803 3510; x_wconf 90' lang='lat' dir='ltr'>ohanni</span> <span class='ocrx_word' id='word_1_263' title='bbox 820 3445 968 3511; x_wconf 90' lang='lat' dir='ltr'>Wicardi</span> <span class='ocrx_word' id='word_1_264' title='bbox 984 3446 1119 3513; x_wconf 85' lang='lat' dir='ltr'>factam.</span> <span class='ocrx_word' id='word_1_265' title='bbox 1135 3488 1179 3497; x_wconf 89' lang='lat'><em>-</em></span> <span class='ocrx_word' id='word_1_266' title='bbox 1195 3445 1270 3512; x_wconf 90' lang='lat' dir='ltr'>Fiat</span> <span class='ocrx_word' id='word_1_267' title='bbox 1288 3446 1327 3512; x_wconf 90' lang='lat' dir='ltr'>R.</span> 
     </span>
    </p>
   </div>
   <div class='ocr_carea' id='block_1_6' title="bbox 302 3572 1667 3869">
    <p class='ocr_par' dir='ltr' id='par_1_8' title="bbox 302 3572 1667 3869">
     <span class='ocr_line' id='line_1_29' title="bbox 346 3572 1667 3661; baseline -0.002 -19"><span class='ocrx_word' id='word_1_268' title='bbox 346 3582 442 3643; x_wconf 88' lang='grc'><strong>1133.</strong></span> <span class='ocrx_word' id='word_1_269' title='bbox 461 3573 549 3640; x_wconf 91' lang='lat' dir='ltr'>Item</span> <span class='ocrx_word' id='word_1_270' title='bbox 565 3573 678 3639; x_wconf 92' lang='lat' dir='ltr'>Odoni</span> <span class='ocrx_word' id='word_1_271' title='bbox 694 3574 853 3656; x_wconf 90' lang='lat' dir='ltr'>Silvestri,</span> <span class='ocrx_word' id='word_1_272' title='bbox 870 3576 959 3656; x_wconf 73' lang='lat' dir='ltr'>cler,</span> <span class='ocrx_word' id='word_1_273' title='bbox 976 3572 1018 3640; x_wconf 90' lang='lat' dir='ltr'>de</span> <span class='ocrx_word' id='word_1_274' title='bbox 1045 3596 1118 3642; x_wconf 91' lang='lat' dir='ltr'>can.</span> <span class='ocrx_word' id='word_1_275' title='bbox 1135 3584 1169 3641; x_wconf 92' lang='lat' dir='ltr'>et</span> <span class='ocrx_word' id='word_1_276' title='bbox 1185 3578 1277 3661; x_wconf 92' lang='lat' dir='ltr'>preb.</span> <span class='ocrx_word' id='word_1_277' title='bbox 1303 3577 1385 3641; x_wconf 92' lang='lat' dir='ltr'>eccl.</span> <span class='ocrx_word' id='word_1_278' title='bbox 1410 3574 1449 3641; x_wconf 93' lang='grc' dir='ltr'>Β.</span> <span class='ocrx_word' id='word_1_279' title='bbox 1468 3574 1518 3641; x_wconf 93' lang='grc' dir='ltr'>Μ.</span> <span class='ocrx_word' id='word_1_280' title='bbox 1534 3574 1667 3659; x_wconf 86' lang='lat' dir='ltr'>Trajec·</span> 
     </span>
     <span class='ocr_line' id='line_1_30' title="bbox 302 3676 1666 3766; baseline -0.007 -16"><span class='ocrx_word' id='word_1_281' title='bbox 302 3683 417 3765; x_wconf 87' lang='lat' dir='ltr'>tensis,</span> <span class='ocrx_word' id='word_1_282' title='bbox 434 3681 595 3748; x_wconf 90' lang='lat' dir='ltr'>Leodien.</span> <span class='ocrx_word' id='word_1_283' title='bbox 607 3680 705 3761; x_wconf 75' lang='lat' dir='ltr'>dloc,</span> <span class='ocrx_word' id='word_1_284' title='bbox 721 3700 795 3745; x_wconf 82' lang='lat' dir='ltr'>vac.</span> <span class='ocrx_word' id='word_1_285' title='bbox 811 3700 871 3766; x_wconf 91' lang='lat' dir='ltr'>per</span> <span class='ocrx_word' id='word_1_286' title='bbox 886 3682 940 3746; x_wconf 93' lang='lat' dir='ltr'>ob.</span> <span class='ocrx_word' id='word_1_287' title='bbox 956 3678 976 3757; x_wconf 95' lang='lat' dir='ltr'>J</span> <span class='ocrx_word' id='word_1_288' title='bbox 980 3681 1122 3746; x_wconf 82' lang='lat' dir='ltr'>ohannIs</span> <span class='ocrx_word' id='word_1_289' title='bbox 1137 3681 1309 3766; x_wconf 87' lang='lat' dir='ltr'>quondam</span> <span class='ocrx_word' id='word_1_290' title='bbox 1332 3680 1374 3747; x_wconf 89' lang='lat' dir='ltr'>de</span> <span class='ocrx_word' id='word_1_291' title='bbox 1391 3677 1513 3761; x_wconf 89' lang='lat' dir='ltr'>Broke,</span> <span class='ocrx_word' id='word_1_292' title='bbox 1530 3680 1571 3744; x_wconf 88' lang='lat' dir='ltr'>al.</span> <span class='ocrx_word' id='word_1_293' title='bbox 1584 3676 1666 3743; x_wconf 90' lang='lat' dir='ltr'>dicti</span> 
     </span>
     <span class='ocr_line' id='line_1_31' title="bbox 303 3784 1667 3869; baseline -0.007 -15"><span class='ocrx_word' id='word_1_294' title='bbox 303 3788 391 3869; x_wconf 87' lang='lat' dir='ltr'>Rufi,</span> <span class='ocrx_word' id='word_1_295' title='bbox 401 3796 483 3853; x_wconf 84' lang='lat' dir='ltr'>tunc</span> <span class='ocrx_word' id='word_1_296' title='bbox 494 3787 585 3853; x_wconf 90' lang='lat' dir='ltr'>dicte</span> <span class='ocrx_word' id='word_1_297' title='bbox 595 3784 678 3851; x_wconf 88' lang='lat' dir='ltr'>eccl.</span> <span class='ocrx_word' id='word_1_298' title='bbox 688 3785 867 3865; x_wconf 92' lang='lat' dir='ltr'>scolastici,</span> <span class='ocrx_word' id='word_1_299' title='bbox 877 3784 934 3868; x_wconf 92' lang='lat' dir='ltr'>qui</span> <span class='ocrx_word' id='word_1_300' title='bbox 946 3792 1040 3849; x_wconf 84' lang='lat' dir='ltr'>extra</span> <span class='ocrx_word' id='word_1_301' title='bbox 1050 3784 1149 3850; x_wconf 92' lang='lat' dir='ltr'>Rom.</span> <span class='ocrx_word' id='word_1_302' title='bbox 1161 3805 1228 3851; x_wconf 92' lang='lat' dir='ltr'>cur.</span> <span class='ocrx_word' id='word_1_303' title='bbox 1239 3785 1328 3849; x_wconf 92' lang='lat' dir='ltr'>diem</span> <span class='ocrx_word' id='word_1_304' title='bbox 1338 3784 1458 3850; x_wconf 88' lang='lat' dir='ltr'>clausit</span> <span class='ocrx_word' id='word_1_305' title='bbox 1467 3792 1667 3848; x_wconf 85' lang='lat' dir='ltr'>extremum.</span> 
     </span>
    </p>
   </div>
   <div class='ocr_carea' id='block_1_7' title="bbox 303 3890 496 3957">
    <p class='ocr_par' dir='ltr' id='par_1_9' title="bbox 303 3890 496 3957">
     <span class='ocr_line' id='line_1_32' title="bbox 303 3890 496 3957; baseline -0.01 0"><span class='ocrx_word' id='word_1_306' title='bbox 303 3934 346 3944; x_wconf 91' lang='lat'>—</span> <span class='ocrx_word' id='word_1_307' title='bbox 363 3891 439 3957; x_wconf 91' lang='lat' dir='ltr'>Fiat</span> <span class='ocrx_word' id='word_1_308' title='bbox 455 3890 496 3956; x_wconf 91' lang='lat' dir='ltr'>R.</span> 
     </span>
    </p>
   </div>
   <div class='ocr_carea' id='block_1_8' title="bbox 303 4011 1667 4415">
    <p class='ocr_par' dir='ltr' id='par_1_10' title="bbox 303 4011 1667 4415">
     <span class='ocr_line' id='line_1_33' title="bbox 347 4011 1667 4104; baseline -0.009 -16"><span class='ocrx_word' id='word_1_309' title='bbox 347 4027 446 4088; x_wconf 78' lang='grc'><strong>1134.</strong></span> <span class='ocrx_word' id='word_1_310' title='bbox 464 4018 553 4084; x_wconf 88' lang='lat' dir='ltr'>Item</span> <span class='ocrx_word' id='word_1_311' title='bbox 568 4018 587 4097; x_wconf 90' lang='lat' dir='ltr'>J</span> <span class='ocrx_word' id='word_1_312' title='bbox 591 4016 717 4085; x_wconf 90' lang='lat' dir='ltr'>ohanni</span> <span class='ocrx_word' id='word_1_313' title='bbox 735 4015 881 4099; x_wconf 87' lang='lat' dir='ltr'>Ricardi,</span> <span class='ocrx_word' id='word_1_314' title='bbox 897 4020 1007 4104; x_wconf 90' lang='lat' dir='ltr'>presb.</span> <span class='ocrx_word' id='word_1_315' title='bbox 1023 4015 1213 4084; x_wconf 88' lang='lat' dir='ltr'>Tomacen.</span> <span class='ocrx_word' id='word_1_316' title='bbox 1236 4017 1334 4098; x_wconf 77' lang='lat' dir='ltr'>dioc,</span> <span class='ocrx_word' id='word_1_317' title='bbox 1349 4015 1392 4082; x_wconf 94' lang='lat' dir='ltr'>de</span> <span class='ocrx_word' id='word_1_318' title='bbox 1408 4016 1526 4100; x_wconf 88' lang='lat' dir='ltr'>capell.</span> <span class='ocrx_word' id='word_1_319' title='bbox 1553 4014 1616 4079; x_wconf 91' lang='lat' dir='ltr'>sita</span> <span class='ocrx_word' id='word_1_320' title='bbox 1631 4011 1667 4076; x_wconf 91' lang='lat' dir='ltr'>in</span> 
     </span>
     <span class='ocr_line' id='line_1_34' title="bbox 304 4116 1666 4208; baseline -0.008 -17"><span class='ocrx_word' id='word_1_321' title='bbox 304 4126 386 4193; x_wconf 89' lang='lat' dir='ltr'>eccl.</span> <span class='ocrx_word' id='word_1_322' title='bbox 404 4124 534 4191; x_wconf 88' lang='lat' dir='ltr'>Montis</span> <span class='ocrx_word' id='word_1_323' title='bbox 549 4124 580 4187; x_wconf 92' lang='lat' dir='ltr'>S.</span> <span class='ocrx_word' id='word_1_324' title='bbox 596 4122 748 4203; x_wconf 89' lang='lat' dir='ltr'>Aubcrti,</span> <span class='ocrx_word' id='word_1_325' title='bbox 765 4121 980 4187; x_wconf 91' lang='lat' dir='ltr'>Cameracen.</span> <span class='ocrx_word' id='word_1_326' title='bbox 996 4120 1093 4204; x_wconf 80' lang='lat' dir='ltr'>dioc,</span> <span class='ocrx_word' id='word_1_327' title='bbox 1104 4142 1179 4188; x_wconf 89' lang='lat' dir='ltr'>vac.</span> <span class='ocrx_word' id='word_1_328' title='bbox 1194 4142 1254 4208; x_wconf 89' lang='lat' dir='ltr'>per</span> <span class='ocrx_word' id='word_1_329' title='bbox 1269 4128 1413 4186; x_wconf 87' lang='lat' dir='ltr'>mortem</span> <span class='ocrx_word' id='word_1_330' title='bbox 1429 4116 1536 4183; x_wconf 88' lang='lat' dir='ltr'>ultimi</span> <span class='ocrx_word' id='word_1_331' title='bbox 1552 4116 1666 4201; x_wconf 88' lang='lat' dir='ltr'>capel-</span> 
     </span>
     <span class='ocr_line' id='line_1_35' title="bbox 303 4220 1665 4313; baseline -0.007 -19"><span class='ocrx_word' id='word_1_332' title='bbox 303 4230 382 4310; x_wconf 90' lang='lat' dir='ltr'>lani,</span> <span class='ocrx_word' id='word_1_333' title='bbox 402 4229 458 4313; x_wconf 92' lang='lat' dir='ltr'>qui</span> <span class='ocrx_word' id='word_1_334' title='bbox 484 4224 653 4292; x_wconf 89' lang='lat' dir='ltr'>veniendo</span> <span class='ocrx_word' id='word_1_335' title='bbox 676 4224 720 4292; x_wconf 90' lang='lat' dir='ltr'>ad</span> <span class='ocrx_word' id='word_1_336' title='bbox 744 4225 869 4291; x_wconf 90' lang='lat' dir='ltr'>curiam</span> <span class='ocrx_word' id='word_1_337' title='bbox 896 4226 930 4290; x_wconf 91' lang='lat' dir='ltr'>in</span> <span class='ocrx_word' id='word_1_338' title='bbox 954 4226 1075 4291; x_wconf 79' lang='lat' dir='ltr'>itInere</span> <span class='ocrx_word' id='word_1_339' title='bbox 1093 4226 1183 4291; x_wconf 91' lang='lat' dir='ltr'>diem</span> <span class='ocrx_word' id='word_1_340' title='bbox 1207 4225 1325 4291; x_wconf 90' lang='lat' dir='ltr'>clausit</span> <span class='ocrx_word' id='word_1_341' title='bbox 1351 4231 1547 4301; x_wconf 87' lang='lat' dir='ltr'>extremum,</span> <span class='ocrx_word' id='word_1_342' title='bbox 1571 4220 1665 4305; x_wconf 87' lang='lat' dir='ltr'>cujus</span> 
     </span>
     <span class='ocr_line' id='line_1_36' title="bbox 304 4324 1665 4415; baseline -0.007 -17"><span class='ocrx_word' id='word_1_343' title='bbox 304 4332 430 4397; x_wconf 82' lang='lat' dir='ltr'>fructus</span> <span class='ocrx_word' id='word_1_344' title='bbox 449 4352 487 4396; x_wconf 90' lang='lat'>12</span> <span class='ocrx_word' id='word_1_345' title='bbox 510 4331 567 4395; x_wconf 92' lang='lat' dir='ltr'>lib.</span> <span class='ocrx_word' id='word_1_346' title='bbox 585 4328 688 4395; x_wconf 88' lang='lat' dir='ltr'>Paris.</span> <span class='ocrx_word' id='word_1_347' title='bbox 710 4349 780 4394; x_wconf 90' lang='lat' dir='ltr'>non</span> <span class='ocrx_word' id='word_1_348' title='bbox 805 4330 996 4411; x_wconf 78' lang='lat' dir='ltr'>excedunt3</span> <span class='ocrx_word' id='word_1_349' title='bbox 1013 4351 1082 4397; x_wconf 93' lang='lat' dir='ltr'>non</span> <span class='ocrx_word' id='word_1_350' title='bbox 1104 4333 1189 4397; x_wconf 91' lang='lat' dir='ltr'>obst.</span> <span class='ocrx_word' id='word_1_351' title='bbox 1217 4329 1308 4415; x_wconf 92' lang='lat' dir='ltr'>quod</span> <span class='ocrx_word' id='word_1_352' title='bbox 1328 4330 1446 4414; x_wconf 89' lang='lat' dir='ltr'>capell.</span> <span class='ocrx_word' id='word_1_353' title='bbox 1470 4327 1501 4393; x_wconf 92' lang='lat' dir='ltr'>S.</span> <span class='ocrx_word' id='word_1_354' title='bbox 1518 4324 1665 4408; x_wconf 86' lang='lat' dir='ltr'>Nicolay</span> 
     </span>
    </p>
   </div>
   <div class='ocr_carea' id='block_1_9' title="bbox 303 4431 1394 4623">
    <p class='ocr_par' dir='ltr' id='par_1_11' title="bbox 303 4431 1394 4623">
     <span class='ocr_line' id='line_1_37' title="bbox 303 4431 1394 4523; baseline -0.005 -19"><span class='ocrx_word' id='word_1_355' title='bbox 303 4437 346 4504; x_wconf 89' lang='lat' dir='ltr'>de</span> <span class='ocrx_word' id='word_1_356' title='bbox 362 4435 521 4523; x_wconf 70' lang='lat' dir='ltr'>Voupais</span> <span class='ocrx_word' id='word_1_357' title='bbox 534 4434 729 4500; x_wconf 88' lang='lat' dir='ltr'>Laudunen.</span> <span class='ocrx_word' id='word_1_358' title='bbox 745 4431 843 4515; x_wconf 74' lang='lat' dir='ltr'>dioc,</span> <span class='ocrx_word' id='word_1_359' title='bbox 858 4434 1009 4500; x_wconf 86' lang='lat' dir='ltr'>noscitur</span> <span class='ocrx_word' id='word_1_360' title='bbox 1024 4434 1186 4500; x_wconf 90' lang='lat' dir='ltr'>obtinere.</span> <span class='ocrx_word' id='word_1_361' title='bbox 1199 4474 1242 4485; x_wconf 89' lang='lat'>-—</span> <span class='ocrx_word' id='word_1_362' title='bbox 1259 4432 1337 4499; x_wconf 91' lang='lat' dir='ltr'>Fiat</span> <span class='ocrx_word' id='word_1_363' title='bbox 1353 4432 1394 4498; x_wconf 93' lang='lat' dir='ltr'>R.</span> 
     </span>
     <span class='ocr_line' id='line_1_38' title="bbox 347 4536 1078 4623; baseline -0.003 -17"><span class='ocrx_word' id='word_1_364' title='bbox 347 4540 426 4606; x_wconf 88' lang='lat' dir='ltr'>Dat.</span> <span class='ocrx_word' id='word_1_365' title='bbox 441 4540 542 4605; x_wconf 87' lang='lat' dir='ltr'>Avin.</span> <span class='ocrx_word' id='word_1_366' title='bbox 562 4542 600 4603; x_wconf 90' lang='lat'>16</span> <span class='ocrx_word' id='word_1_367' title='bbox 616 4536 682 4603; x_wconf 87' lang='lat' dir='ltr'>kal.</span> <span class='ocrx_word' id='word_1_368' title='bbox 698 4536 779 4603; x_wconf 85' lang='lat' dir='ltr'>febr.</span> <span class='ocrx_word' id='word_1_369' title='bbox 794 4544 828 4603; x_wconf 83' lang='grc' dir='ltr'>(ι0</span> <span class='ocrx_word' id='word_1_370' title='bbox 844 4545 886 4623; x_wconf 89' lang='lat'>5⁰.</span> <span class='ocrx_word' id='word_1_371' title='bbox 904 4539 976 4623; x_wconf 85' lang='lat'>(10,</span> <span class='ocrx_word' id='word_1_372' title='bbox 995 4539 1078 4623; x_wconf 85' lang='lat'>32&#39;).</span> 
     </span>
    </p>
   </div>
   <div class='ocr_carea' id='block_1_10' title="bbox 347 4669 1662 4874">
    <p class='ocr_par' dir='ltr' id='par_1_12' title="bbox 347 4669 1662 4874">
     <span class='ocr_line' id='line_1_39' title="bbox 355 4669 1622 4763; baseline -0.008 -12"><span class='ocrx_word' id='word_1_373' title='bbox 355 4669 488 4755; x_wconf 83' lang='grc'><strong>1135.</strong></span> <span class='ocrx_word' id='word_1_374' title='bbox 1313 4697 1408 4763; x_wconf 76' lang='lat'><em>1347,</em></span> <span class='ocrx_word' id='word_1_375' title='bbox 1425 4698 1467 4761; x_wconf 88' lang='lat'>19</span> <span class='ocrx_word' id='word_1_376' title='bbox 1477 4675 1622 4757; x_wconf 71' lang='lat' dir='ltr'>ybrrvier.</span> 
     </span>
     <span class='ocr_line' id='line_1_40' title="bbox 347 4776 1662 4874; baseline -0.006 -22"><span class='ocrx_word' id='word_1_377' title='bbox 347 4788 447 4874; x_wconf 93' lang='lat' dir='ltr'>Supp.</span> <span class='ocrx_word' id='word_1_378' title='bbox 465 4786 637 4853; x_wconf 88' lang='lat' dir='ltr'>Girbertus</span> <span class='ocrx_word' id='word_1_379' title='bbox 660 4785 702 4852; x_wconf 90' lang='lat' dir='ltr'>de</span> <span class='ocrx_word' id='word_1_380' title='bbox 720 4784 964 4871; x_wconf 87' lang='lat' dir='ltr'>Mandagachis</span> <span class='ocrx_word' id='word_1_381' title='bbox 978 4795 996 4869; x_wconf 89' lang='lat'>¹,</span> <span class='ocrx_word' id='word_1_382' title='bbox 1012 4793 1104 4871; x_wconf 90' lang='lat' dir='ltr'>quat.</span> <span class='ocrx_word' id='word_1_383' title='bbox 1124 4784 1249 4872; x_wconf 87' lang='lat' dir='ltr'>[presb.</span> <span class='ocrx_word' id='word_1_384' title='bbox 1265 4792 1301 4849; x_wconf 88' lang='lat' dir='ltr'>et</span> <span class='ocrx_word' id='word_1_385' title='bbox 1316 4781 1418 4850; x_wconf 85' lang='lat' dir='ltr'>famil.</span> <span class='ocrx_word' id='word_1_386' title='bbox 1435 4802 1495 4849; x_wconf 91' lang='lat' dir='ltr'>suo</span> <span class='ocrx_word' id='word_1_387' title='bbox 1515 4776 1662 4866; x_wconf 90' lang='lat' dir='ltr'>Poncio]</span> 
     </span>
    </p>
   </div>
   <div class='ocr_carea' id='block_1_11' title="bbox 302 4904 554 4917">
    <p class='ocr_par' dir='ltr' id='par_1_13' title="bbox 302 4904 554 4917">
     <span class='ocr_line' id='line_1_41' title="bbox 302 4904 554 4917; baseline -0.016 0"><span class='ocrx_word' id='word_1_388' title='bbox 302 4904 554 4917; x_wconf 82' lang='lat'>...-.-.-—-</span> 
     </span>
    </p>
   </div>
   <div class='ocr_carea' id='block_1_12' title="bbox 272 4950 1176 5013">
    <p class='ocr_par' dir='ltr' id='par_1_14' title="bbox 272 4950 1176 5013">
     <span class='ocr_line' id='line_1_42' title="bbox 272 4950 1176 5013; baseline -0.001 -11"><span class='ocrx_word' id='word_1_389' title='bbox 272 4958 277 4967; x_wconf 90' lang='lat'>&#39;</span> <span class='ocrx_word' id='word_1_390' title='bbox 335 4954 357 5003; x_wconf 90' lang='lat'>1.</span> <span class='ocrx_word' id='word_1_391' title='bbox 370 4953 501 5001; x_wconf 84' lang='lat' dir='ltr'>Chanoine</span> <span class='ocrx_word' id='word_1_392' title='bbox 512 4952 544 5001; x_wconf 90' lang='lat' dir='ltr'>de</span> <span class='ocrx_word' id='word_1_393' title='bbox 556 4951 649 5000; x_wconf 87' lang='lat' dir='ltr'>Mende</span> <span class='ocrx_word' id='word_1_394' title='bbox 661 4967 667 5009; x_wconf 88' lang='grc'>;</span> <span class='ocrx_word' id='word_1_395' title='bbox 679 4952 735 4999; x_wconf 86' lang='lat' dir='ltr'>voir</span> <span class='ocrx_word' id='word_1_396' title='bbox 747 4950 864 5010; x_wconf 74' lang='lat' dir='ltr'>Berliere,</span> <span class='ocrx_word' id='word_1_397' title='bbox 877 4952 975 5002; x_wconf 75' lang='lat' dir='ltr'>iurent.</span> <span class='ocrx_word' id='word_1_398' title='bbox 991 4952 1069 5013; x_wconf 75' lang='lat' dir='ltr'>naal,</span> <span class='ocrx_word' id='word_1_399' title='bbox 1082 4966 1108 5001; x_wconf 89' lang='lat' dir='ltr'>n.</span> <span class='ocrx_word' id='word_1_400' title='bbox 1121 4953 1176 5002; x_wconf 80' lang='lat'>12³.</span> 
     </span>
    </p>
   </div>
   <div class='ocr_carea' id='block_1_13' title="bbox 0 0 1833 5675">
    <p class='ocr_par' dir='ltr' id='par_1_15' title="bbox 0 0 1833 5675">
     <span class='ocr_line' id='line_1_43' title="bbox 0 0 1833 5675; baseline 0 0"><span class='ocrx_word' id='word_1_401' title='bbox 0 0 1833 5675; x_wconf 95' lang='lat' dir='ltr'> </span> 
     </span>
    </p>
   </div>
  </div>
 </body>
</html>
