3650 5675
736 537 823 614 1847,
847 538 867 602 l
888 536 1006 603 lernen
1496 542 1558 608 299

197 687 326 755 Zellaer
340 688 375 754 in
391 688 484 756 dicta
499 688 582 755 eccl.
597 687 777 773 vulgariter
791 689 980 774 appellatur
994 711 1002 768 ;
1029 688 1164 774 placeat
1188 687 1299 754 eidem
1314 688 1346 755 S.
1363 688 1402 756 V.
1419 688 1453 755 in
1469 691 1560 758 dicta

196 793 441 878 supplicatione
465 791 589 880 [quod]
617 792 799 858 obmissum
825 791 923 857 fuerit
947 793 1100 878 supplere
1124 794 1185 858 sub
1209 791 1288 858 data
1308 794 1560 880 supplicationis

197 897 398 982 supradicte.
413 937 458 948 -
474 896 549 962 Fiat
564 895 607 961 de
621 894 716 962 dicto
736 894 872 963 defectu
888 895 929 964 R.

243 999 323 1067 Dat.
338 1002 439 1067 Avin.
457 1005 475 1066 6
493 1000 537 1067 id.
553 1001 634 1068 febr.
649 1007 685 1066 a⁰
701 1007 744 1085 5⁰.
759 1000 833 1085 (10,
850 1001 920 1086 51).

252 1139 388 1220 1147.
1225 1170 1320 1240 1347,
1339 1174 1360 1239 9
1372 1154 1512 1241 fdvrr'er.

244 1257 346 1344 Supp.
362 1257 481 1323 Petrus
496 1256 636 1322 Cruilier
650 1257 693 1322 de
708 1255 899 1338 Nobiliaco,
911 1260 1020 1344 presb.
1037 1257 1265 1341 lemovicen,
1281 1259 1383 1324 famil.
1400 1257 1559 1323 Bemardi

200 1359 244 1444 de
260 1359 428 1442 Nexonio,
445 1360 674 1427 archidiaconi
699 1361 965 1446 Antwerpiensis
979 1373 1001 1442 ¹,
1026 1371 1116 1447 quat.
1133 1364 1194 1429 sibi
1223 1363 1342 1450 capell.
1369 1361 1411 1427 de
1440 1359 1559 1427 Mello

199 1472 327 1546 monte,
344 1463 522 1531 Belvacen.
539 1465 678 1545 dioc.,...
697 1463 847 1531 conferre
862 1465 1056 1550 dignemini.
1079 1465 1214 1533 -Fiat
1230 1467 1271 1533 R.

244 1568 323 1634 Dat.
338 1569 439 1635 Avin.
457 1587 473 1654 5
490 1569 534 1635 id.
551 1568 631 1660 febr.
647 1576 680 1635 a⁰
697 1575 738 1654 5⁶.
756 1569 827 1653 (10,
844 1568 914 1653 49).

254 1704 391 1789 1148.
1237 1719 1517 1806 1347,9farar.

245 1823 334 1909 Sign.
350 1821 541 1894 Ludovicus
555 1822 665 1888 dictus
680 1821 823 1888 Sanctus
832 1831 852 1904 ’,
868 1843 942 1908 cap.
952 1832 988 1888 et
1000 1825 1101 1892 famil.
1112 1825 1316 1892 domesticus
1327 1821 1562 1890 commensalis

201 1927 292 1994 dom.
306 1927 350 1994 de
365 1927 555 2014 Columpna
568 1926 755 2007 cardinalis,
772 1927 954 2014 quodipse,
963 1929 1078 2014 vigore
1090 1951 1180 2016 spec.
1190 1951 1236 2015 gr.
1253 1950 1313 2016 per
1327 1929 1381 1994 fel.
1392 1949 1457 1993 rec.
1470 1927 1560 1992 dom.

202 2030 222 2110 J
224 2032 394 2098 ohannem
408 2047 532 2118 papam
542 2029 645 2095 XXII
657 2030 718 2096 sibi
734 2031 833 2112 facte,
850 2032 932 2098 eccl.
949 2040 1100 2099 curatam
1115 2035 1157 2100 de
1170 2034 1387 2118 Gudegoven,
1401 2031 1561 2098 Leodien.

201 2135 299 2216 dioc,
315 2136 408 2221 cujus
423 2134 548 2200 fructus
561 2155 600 2219 32
613 2134 669 2200 lib.
685 2154 779 2220 parv.
795 2133 1077 2202 Tumuvalorem
1090 2158 1250 2218 annuum,
1261 2157 1326 2203 sec.
1342 2144 1410 2202 tax.
1420 2135 1560 2216 decime,

202 2260 271 2305 non
288 2240 465 2320 excedunt,
482 2239 638 2319 obtinuit,
655 2246 689 2304 et
705 2239 793 2304 circa
810 2247 889 2304 octo
905 2241 1001 2305 annis
1022 2243 1164 2327 pacifice
1179 2241 1337 2328 possedit,
1355 2261 1431 2306 cum
1447 2247 1561 2305 tamen

203 2343 287 2408 infra
304 2363 431 2408 annum
445 2363 515 2409 non
532 2363 568 2407 se
584 2342 700 2407 fecerit
716 2342 760 2407 ad
774 2362 886 2408 sacros
902 2342 1035 2409 ordines
1057 2343 1258 2430 promoveri.
1275 2340 1420 2408 Necnon
1437 2349 1472 2406 et
1487 2343 1562 2408 sub-

202 2455 381 2532 sequenter
399 2467 420 2512 a
439 2445 530 2512 dom.
546 2444 733 2512 Benedicto
752 2466 841 2532 papa
861 2444 942 2527 XII,
958 2447 1048 2512 dom.
1064 2469 1130 2513 suo
1146 2447 1304 2512 cardinali
1324 2444 1476 2532 predicto
1500 2445 1561 2510 sibi

201 2552 346 2634 favente,
358 2571 430 2616 can.
441 2550 587 2617 obtinuit
595 2552 656 2615 sub
666 2569 741 2634 exp.
751 2551 843 2636 preb.
856 2549 890 2613 in
903 2549 985 2615 eccl.
996 2549 1027 2614 S.
1039 2549 1224 2616 Donatiani
1237 2549 1424 2636 BrugensiS,
1434 2548 1563 2615 Toma-

202 2676 273 2721 cen.
289 2656 387 2738 dioc,
403 2655 495 2720 nulla
511 2653 600 2720 facta
626 2653 799 2719 mentione
814 2652 857 2718 de
880 2652 979 2719 dictis
1005 2655 1105 2719 sacris
1120 2653 1289 2720 ordinibus
1304 2674 1373 2718 non
1391 2653 1562 2738 susceptis,

201 2761 260 2826 sed
275 2780 432 2847 expresso
446 2759 481 2823 in
496 2757 742 2844 supplicatione
758 2757 954 2843 simpliciter
975 2756 1066 2841 quod
1081 2758 1208 2822 dictam
1224 2758 1305 2823 eccl.
1326 2757 1511 2836 obtinebat,
1528 2763 1563 2822 et

202 2885 278 2930 eam
293 2866 463 2931 dimittere
477 2864 697 2952 promittebat
713 2864 828 2930 habita
847 2865 1058 2951 possessione
1084 2864 1174 2930 dicte
1201 2866 1292 2950 preb.
1320 2884 1423 2948 quam
1442 2884 1563 2949 expec-

202 2970 297 3034 tabat
311 2992 320 3050 ;
336 2990 437 3053 quam
453 2970 557 3034 etiam
572 2967 844 3054 expectationem
860 2968 895 3033 in
919 2968 1039 3035 eadem
1056 2967 1216 3053 Brugensi
1233 2969 1315 3034 eccl.
1340 2967 1400 3033 sibi
1417 2966 1448 3032 S.
1472 2965 1511 3032 V.
1528 2967 1562 3030 in

203 3074 314 3139 rotulo
329 3072 478 3158 ejusdem
502 3073 593 3138 dom.
616 3071 665 3137 sui
682 3072 869 3154 renovavit,
885 3094 926 3139 ac
941 3074 1045 3137 etiam
1069 3072 1112 3137 de
1136 3074 1288 3139 cantoria
1304 3072 1452 3158 ejusdem
1469 3073 1562 3152 eccl,

202 3196 277 3241 vac.
292 3177 382 3262 apud
397 3184 504 3263 apost.
520 3176 645 3257 sedem,
661 3176 830 3261 providit;
847 3196 924 3242 cum
940 3184 1057 3243 tamen
1084 3176 1173 3242 idem
1194 3175 1387 3243 Ludovicus
1409 3176 1451 3241 de
1473 3176 1564 3242 dicta

202 3289 318 3346 curata
333 3282 415 3347 eccl.
431 3301 532 3365 quam
547 3282 689 3345 tenebat
703 3300 772 3345 non
788 3281 884 3345 aliter
899 3281 934 3345 in
950 3281 1194 3367 supplicatione
1210 3301 1269 3347 sua
1284 3280 1400 3347 fecerit
1422 3280 1565 3345 mentio-

203 3404 293 3464 nem,
302 3404 403 3467 quam
417 3391 572 3469 tempore
583 3381 674 3449 dom.
687 3381 872 3465 Benedicti,
885 3392 923 3449 ut
934 3385 1148 3471 premittitur,
1157 3385 1227 3471 jam
1244 3385 1386 3466 fecisset,
1399 3384 1462 3449 nisi
1476 3382 1567 3468 quod

204 3495 281 3573 post
297 3487 543 3553 assecutionem
567 3486 717 3552 cantorie
741 3507 818 3552 eam
838 3488 1059 3574 promittebat
1085 3486 1264 3570 dimittere,
1288 3510 1388 3573 quam
1413 3496 1565 3573 tempore

204 3589 295 3656 dom.
325 3588 500 3655 Benedicti
530 3596 608 3675 post
632 3589 879 3655 assecutionem
903 3610 977 3657 can.
1002 3600 1037 3656 et
1061 3594 1153 3677 preb.
1178 3592 1405 3677 predictorum
1431 3612 1466 3655 se
1488 3610 1565 3676 pro-

205 3693 340 3759 miserat
376 3693 599 3760 dimissurum.
631 3693 751 3777 Quare,
783 3715 859 3760 cum
886 3704 1120 3781 procuratores
1149 3696 1198 3761 sui
1224 3694 1268 3760 ad
1302 3697 1367 3761 hoc
1392 3694 1565 3760 constituti

205 3798 318 3863 debite
347 3798 623 3879 renuntiaverint,
640 3805 674 3863 et
690 3798 793 3863 etiam
809 3819 886 3864 cum
902 3799 1036 3879 effectu,
1060 3800 1247 3884 cuicunque
1270 3798 1333 3883 juri
1349 3798 1410 3863 sibi
1426 3797 1460 3861 in
1476 3795 1567 3863 dicta

205 3903 287 3967 eccl.
305 3902 513 3987 competenti
529 3910 608 3967 ante
634 3901 749 3968 datam
773 3902 864 3968 dicte
891 3902 1052 3983 cantorie,
1069 3902 1149 3968 licet
1174 3900 1380 3966 renuntiatio
1402 3900 1566 3985 prelibata

208 4005 252 4070 ad
267 4004 413 4071 eundem
428 4004 638 4072 Ludovicum
653 4013 807 4091 tempore
822 4006 1018 4090 signationis
1044 4006 1229 4071 rotulorum
1246 4005 1436 4070 nullatenus
1450 4024 1567 4089 perve-

206 4109 331 4191 nisset3
345 4119 380 4175 et
394 4110 497 4176 modo
519 4110 766 4191 nichilominus,
780 4110 965 4196 juvenilem
986 4130 1082 4175 suum
1106 4109 1295 4194 recogitans
1319 4128 1473 4189 errorem,
1490 4130 1568 4173 ean-

206 4214 282 4279 dem
299 4214 448 4280 indebite
463 4214 609 4279 tenuisse
624 4214 759 4295 doleat;
776 4235 871 4300 supp.
888 4222 981 4298 quat.
998 4213 1152 4295 eundem,
1178 4214 1241 4293 cui,
1254 4212 1297 4279 ad
1312 4210 1461 4297 ejusdem
1476 4211 1566 4277 dom.

206 4318 256 4383 sui
272 4338 378 4405 nuper
392 4318 598 4399 instantiam,
615 4317 657 4384 de
672 4338 746 4384 can.
763 4326 797 4384 et
820 4320 914 4404 preb.
941 4338 1013 4383 vac.
1037 4318 1072 4383 in
1099 4319 1182 4384 eccl.
1205 4317 1236 4383 S.
1253 4315 1345 4382 Petri
1371 4316 1567 4397 Duacensis,

207 4425 405 4489 Atrebatem
421 4422 519 4503 dioc..
535 4422 567 4489 S.
583 4421 623 4489 V.
639 4422 796 4511 providit,
821 4443 898 4488 cum
922 4429 1040 4488 tamen
1065 4421 1099 4487 in
1124 4421 1370 4508 supplicatione
1395 4440 1454 4485 sua
1477 4418 1568 4503 quod

208 4525 335 4591 dictam
351 4534 503 4591 curatam
519 4528 601 4593 eccl.
613 4534 767 4592 tenuerat
783 4525 943 4608 indebite,
959 4533 996 4591 ut
1019 4526 1192 4612 prefertur,
1203 4528 1331 4592 nullam
1347 4524 1463 4590 fecerit
1473 4543 1568 4588 men-

207 4629 346 4712 tionem,
363 4650 506 4715 quorum
521 4650 594 4696 can.
610 4638 645 4695 et
660 4632 752 4716 preb.
767 4630 1013 4716 possessionem
1039 4629 1190 4696 nondum
1217 4628 1329 4695 extitit
1351 4634 1532 4709 assecutus
1548 4647 1568 4691 a

208 4742 304 4799 reatu
313 4735 422 4820 culpe,
433 4754 535 4819 quam
544 4740 680 4821 propter
691 4735 804 4800 omnia
817 4742 852 4800 et
866 4734 996 4820 singula
1010 4734 1171 4821 premissa
1187 4734 1336 4800 noscitur
1352 4731 1567 4813 commisisse,

207 4890 461 4902 a———u—

243 4986 265 5034 1.
277 4984 339 5035 lloir
349 5000 375 5035 n.
395 4988 431 5044 12.
445 4986 476 5034 la
486 5002 492 5045 ;
504 4987 531 5035 cf
543 4983 660 5047 Berliere,
673 4987 771 5035 Iacent.
782 4985 889 5049 arrulyt,
901 5000 928 5035 n.
939 4986 995 5034 498.
1007 5012 1039 5021 -
1050 4988 1073 5035 2.
1085 4986 1148 5035 Voir
1158 5000 1183 5035 n.
1196 4986 1250 5035 759.
