3650 5675
651 509 1043 591 maturassemus.
1311 478 1321 497 ’
1472 512 1542 578 010

172 658 322 745 Werpra,
331 658 553 725 ¹Cameracen.
568 658 667 741 dioc,
683 658 776 746 cujus
798 658 921 747 capell.
934 660 1183 747 possessionem
1204 659 1356 729 nondum
1371 661 1433 729 fuit
1448 682 1538 730 asse-

173 760 609 845 cutus,0btineat.-Fiat
625 762 665 830 R.
987 834 990 838 ,

218 867 297 933 Dat.
313 867 414 933 Avin.
435 886 471 951 15
488 866 555 933 kal.
572 875 690 935 001.οο
710 881 775 934 11⁰.
792 868 868 954 (22,
889 870 993 955 116').

223 1023 372 1114 2469.
1125 1064 1225 1129 1352,
1242 1062 1286 1129 17
1299 1046 1491 1132 septembre.

216 1146 309 1233 Sign·
322 1146 354 1214 S.
370 1145 411 1214 V.
426 1144 601 1213 cardinalis
626 1146 807 1233 prelibatus
825 1144 1041 1233 [Galhardus,
1056 1148 1089 1215 S.
1103 1147 1212 1215 Lucie
1234 1147 1269 1213 in
1291 1146 1413 1235 silice],
1439 1146 1541 1233 quod,

173 1272 250 1318 cum
266 1270 372 1341 nuper
386 1251 419 1317 S.
432 1250 472 1315 V.
488 1250 640 1316 familiari
657 1258 691 1315 01
707 1251 870 1316 00011000
886 1252 1104 1319 commensali
1121 1273 1185 1318 000
1200 1251 1333 1321 Thorne
1355 1252 1397 1318 de
1419 1249 1541 1318 Mona·

173 1355 275 1421 sterio
288 1367 309 1437 ¹,
324 1354 520 1441 presbitero,
532 1353 653 1419 rectori
666 1353 883 1441 parrochialis
895 1354 1035 1420 ecclesie
1050 1355 1093 1421 de
1105 1354 1338 1444 Longoprato,
1354 1353 1541 1422 Tornacen.

172 1460 269 1539 dioc,
286 1458 320 1523 in
336 1480 377 1524 ea
394 1456 501 1525 forma
528 1458 713 1524 secundum
738 1478 840 1543 quarn
866 1466 948 1524 tunc
970 1478 1031 1545 pro
1053 1460 1259 1545 pauperibus
1274 1458 1402 1525 clericis
1415 1458 1541 1524 benefi-

175 1560 303 1628 ciandis
329 1561 472 1648 scripsit,
488 1561 629 1647 gratiam
655 1560 771 1627 iecerit
785 1561 828 1626 de
842 1562 920 1627 ben.
944 1561 1028 1627 eccl.
1044 1582 1073 1627 c.
1089 1581 1119 1627 c.
1134 1562 1191 1628 vel
1208 1583 1235 1628 s.
1251 1582 1291 1642 c.,
1307 1570 1482 1649 spectante
1498 1560 1541 1627 ad

176 1666 254 1731 coll.
269 1672 334 1731 etc.
350 1663 511 1751 prepositi
529 1672 563 1729 et
579 1664 716 1751 capituli
732 1665 764 1729 S.
782 1661 922 1729 Martini
945 1665 988 1731 de
1011 1664 1197 1750 Campellis
1212 1665 1246 1730 in
1270 1663 1357 1746 Bn'a,
1381 1664 1540 1733 Parisien.

175 1768 272 1848 dioc..
284 1768 421 1854 ipseque
433 1766 582 1834 Thomas
596 1788 690 1855 perp.
700 1768 866 1855 capellan.
876 1769 990 1834 altaris
1002 1768 1034 1833 S.
1047 1768 1192 1834 Dionisii
1205 1768 1239 1832 in
1252 1768 1335 1834 eccl.
1355 1768 1387 1833 S.
1401 1766 1538 1833 Martini

175 1872 336 1959 predicta,
352 1892 377 1937 s.
394 1892 435 1953 c.,
450 1878 532 1937 tunc
547 1862 632 1951 vac,
659 1881 822 1957 tanquam
838 1870 899 1937 sibi
915 1880 1170 1958 competentem
1186 1879 1223 1936 et
1237 1870 1400 1951 debitam,
1414 1891 1480 1955 que
1495 1870 1539 1939 ad

175 1974 343 2043 decimam
358 1996 427 2041 non
441 1983 586 2056 taxatur,
602 1976 715 2061 vigore
730 1976 820 2041 dicte
835 1975 951 2060 gratie,
963 1974 1095 2042 duxerit
1110 1976 1354 2061 acceptandam
1367 1997 1376 2055 3
1388 1982 1424 2049 et
1439 1994 1538 2061 prop·

175 2089 268 2145 terea
291 2079 421 2167 prefata
445 2079 581 2165 paroch.
608 2079 749 2145 ecclesia
779 2078 821 2143 de
853 2076 1082 2165 Longoprat0,
1105 2099 1207 2163 quam
1241 2087 1325 2145 tunc
1350 2078 1537 2159 obtinebat,

177 2191 278 2271 prout
292 2194 327 2249 01
343 2185 485 2265 obtinet,
501 2204 561 2269 per
579 2183 823 2249 assecutionem
841 2182 983 2268 pacifice
1005 2180 1224 2267 possessionis
1238 2182 1328 2248 dicte
1343 2182 1538 2267 capellanie,

178 2289 213 2355 10
228 2288 321 2354 brevi
345 2308 466 2354 vacare
493 2296 651 2374 speretur.
679 2287 792 2371 Quare
818 2306 913 2373 supp.
939 2285 1116 2351 cardinalis
1136 2285 1283 2370 prefatus
1305 2284 1338 2349 in
1362 2304 1538 2370 personam

180 2390 280 2478 ipsius
295 2391 439 2472 Thome,
455 2400 545 2475 quat.
562 2391 622 2456 sibi
639 2391 819 2476 specialem
835 2389 977 2474 gratiam
1001 2388 1171 2469 facientes,
1186 2388 1371 2474 predictam
1386 2388 1539 2474 parroch.

180 2495 357 2565 ecclesiam
381 2494 423 2562 de
458 2495 686 2581 Longoprato‚
719 2495 811 2579 cujus
843 2493 971 2559 fructus
1003 2500 1080 2573 etc,
1114 2492 1299 2558 secundum
1331 2490 1538 2557 taxationem

182 2598 320 2683 antique
335 2598 477 2679 decime,
494 2618 546 2683 25,
562 2596 744 2663 secundum
768 2617 849 2663 vero
871 2616 1087 2661 communem
1102 2594 1358 2660 extimationem
1375 2613 1416 2658 20
1431 2593 1539 2659 librar.

179 2703 348 2770 Turonen.
363 2722 457 2790 parv.
483 2704 632 2768 valorem
657 2722 805 2766 annuum
829 2721 898 2765 non
925 2699 1102 2779 excedunt,
1126 2718 1203 2763 cum
1226 2718 1302 2761 eam
1330 2697 1378 2762 sic
1404 2697 1458 2761 vel
1474 2696 1541 2761 alio

179 2804 297 2893 quovis
316 2806 420 2874 modo
445 2826 567 2872 vacare
591 2804 778 2890 contigerit,
806 2802 917 2869 eidem
942 2802 1074 2869 Thorne
1101 2800 1350 2882 conferendam,
1368 2800 1539 2868 collationi

179 2918 286 2997 apost.
301 2909 484 2995 dignemini
499 2929 699 2975 reservare...
721 2946 753 2956 -
774 2907 852 2972 Fiat
869 2905 909 2972 R.

223 3013 303 3080 Dat.
318 3013 419 3080 Avin.
440 3031 475 3097 15
493 3011 559 3078 kal.
575 3021 643 3080 oct.
658 3026 694 3078 0ο
713 3024 775 3079 11⁰.
792 3011 869 3094 (22,
889 3012 992 3096 121').

231 3174 378 3257 2470·
1136 3203 1231 3267 1352,
1249 3200 1291 3266 17
1305 3183 1495 3270 septembre.

224 3291 325 3379 Supp.
342 3292 505 3377 P(etrus),
521 3292 572 3358 111.
589 3291 621 3356 S.
637 3289 786 3355 Susanne
801 3287 964 3375 presbiter
990 3284 1180 3366 cardinalis,
1197 3295 1289 3372 quat.
1312 3287 1491 3372 capellano
1507 3294 1541 3352 et

180 3395 334 3460 familiari
358 3416 418 3462 000
441 3395 602 3461 00011000
626 3393 787 3459 Goswino
813 3393 855 3458 de
880 3391 982 3476 Reys,
1006 3391 1201 3476 presbitero,
1232 3391 1275 3456 de
1305 3411 1398 3476 perp.
1425 3391 1542 3475 capell.

179 3500 292 3565 altaris
309 3498 341 3565 S.
362 3498 380 3576 J
385 3497 527 3564 ohannis
543 3499 595 3563 siti
611 3499 644 3562 in
661 3499 743 3562 eccl.
759 3495 798 3562 B.
815 3493 865 3561 M.
880 3495 1143 3580 Antwerpiensis
1159 3501 1182 3574 ⁸,
1206 3493 1419 3558 Cameracen.
1442 3493 1541 3574 dioc,

178 3623 253 3670 vac.
270 3610 304 3668 et
319 3601 363 3668 ad
377 3601 632 3687 dispositionem
648 3609 794 3664 vestram
810 3598 993 3684 spectantis
1011 3618 1073 3682 pro
1091 3618 1132 3662 eo
1153 3595 1243 3680 quod
1258 3595 1420 3680 Rogerius
1433 3596 1542 3661 dictus

179 3705 276 3771 Daen
289 3719 310 3786 ²,
324 3705 404 3772 olim
421 3704 522 3791 ipsius
538 3703 650 3768 altaris
665 3723 758 3788 perp.
775 3704 978 3788 capellanus,
991 3721 1066 3767 can.
1082 3711 1117 3767 01
1133 3702 1227 3787 preb.
1240 3701 1386 3785 ejusdem
1401 3701 1541 3765 ecclesie

178 3817 268 3874 auct.
293 3808 478 3873 litterarum
502 3815 686 3872 vestrarum
710 3806 823 3872 extitit
846 3813 1027 3886 assecutus,
1053 3803 1238 3890 dignemini
1262 3802 1448 3888 providere,
1471 3822 1540 3868 non

179 3913 265 3976 obst.
277 3910 367 3995 quod
382 3909 535 3995 parroch.
551 3908 634 3974 eccl.
649 3908 683 3973 10
699 3907 849 3988 Briseim,
867 3906 1042 3974 Colonien.
1054 3907 1151 3987 dioc,
1169 3906 1310 3972 obtinet.
1325 3945 1369 3956 -
1384 3905 1461 3973 Fiat
1478 3905 1518 3972 R.

223 4013 302 4079 Dat.
317 4014 415 4077 Avin.
436 4033 472 4097 15
489 4011 557 4078 kal
573 4019 641 4078 oct.
657 4025 692 4077 0ο
711 4025 776 4078 11⁰.
793 4012 869 4096 (22,
886 4011 975 4095 176).

231 4177 370 4259 2471.
1137 4208 1232 4271 1352,
1250 4191 1293 4253 18
1306 4189 1495 4274 septembre.

224 4297 325 4381 Supp.
354 4292 480 4360 Poncia
506 4295 539 4358 le
565 4293 679 4360 Potier
705 4295 747 4359 de
774 4293 919 4380 Dignan,
946 4292 1107 4359 Leodien.
1132 4291 1231 4372 dioc,
1260 4299 1350 4375 quat.
1377 4291 1541 4376 aliquibus

181 4399 332 4466 discretis
356 4397 436 4464 vin's
460 4398 541 4464 dare
567 4398 749 4482 dignemini
773 4397 891 4462 vestris
917 4396 1035 4462 litteris
1061 4396 1094 4459 in
1118 4393 1286 4460 mandatis
1311 4379 1349 4458 ut
1375 4394 1480 4479 ipsam
1508 4395 1541 4459 in

181 4503 341 4590 hospitali
358 4503 391 4569 S.
407 4503 577 4568 Lamberti
593 4502 752 4569 Leodien.
765 4520 862 4588 supra
880 4499 1014 4567 Mosam
1025 4497 1126 4585 recipi
1143 4498 1269 4564 faciant
1284 4497 1317 4561 in
1334 4517 1512 4564 sororem...
1531 4519 1540 4577 3

214 4707 242 4768 0)
259 4703 315 4755 Ced.
325 4707 555 4770 Antweopinensis.

184 4847 431 4861 *ι-

218 4942 240 4990 1.
255 4941 315 4990 l'oir
332 4956 357 4990 0.
370 4913 443 4992 llll.
452 4968 485 4978 -
497 4943 520 4992 2.
532 4941 594 4990 l'oir
605 4956 631 4990 0.
644 4943 716 4994 ltus.
