3650 5675
720 534 818 610 1349,
831 534 867 600 15
885 533 1013 616 janvicr.
1486 537 1549 602 ant

187 693 222 751 et
237 685 365 770 majora
379 683 570 749 discrimina
586 684 743 768 subsequi
770 683 994 750 verisimiliter
1019 683 1268 751 formidantur:
1288 693 1324 751 et
1347 706 1550 770 quamquam

187 810 252 875 pax
262 797 298 854 et
314 787 494 854 concordia
508 787 576 852 sint
590 789 678 854 inter
693 788 823 854 dictum
838 788 1034 875 episcopum
1047 809 1087 854 ac
1099 789 1190 855 cives
1201 796 1237 853 et
1246 789 1330 856 alios
1342 789 1549 875 supradictos

187 893 376 974 reformate,
393 899 532 960 auctore
552 893 646 979 pacis
676 900 869 980 peragente,
897 893 988 960 idem
1003 901 1118 959 tamen
1134 893 1321 980 episcopus,
1341 900 1499 978 gravatus
1514 901 1550 958 et

186 998 368 1063 exhaustus
381 997 571 1082 hujusmodi
586 997 805 1083 gravissima·
831 996 1023 1062 debitorum
1045 999 1147 1078 mole,
1162 997 1280 1081 nequit
1295 996 1550 1082 quomodolibet

188 1121 294 1166 onera
308 1099 322 1137 ¹³
337 1100 440 1187 ipsius
454 1101 595 1166 ecclesie
611 1101 672 1166 sibi
688 1099 919 1166 incumbentia
941 1099 1065 1166 diutius
1087 1109 1292 1187 supportare,
1308 1121 1371 1166 nec
1386 1108 1550 1166 restaura-

188 1205 317 1272 tionem
331 1205 557 1290 dampnorum
582 1204 646 1269 illis
668 1204 778 1270 facere
793 1204 913 1288 quibus
939 1211 1073 1270 tenetur
1098 1205 1276 1271 occasione
1299 1203 1461 1292 predicta,
1488 1204 1550 1269 nisi

188 1319 301 1376 vestra
316 1308 555 1393 benignissima
570 1308 737 1375 Sanctitas
752 1307 863 1373 eidem
878 1307 1040 1393 episcopo
1060 1316 1096 1373 et
1111 1309 1253 1375 ecclesie
1269 1309 1415 1395 presidio
1433 1311 1551 1374 subve-

188 1413 261 1478 niat
277 1421 456 1499 oportuno.
472 1411 583 1495 Quare
599 1412 766 1498 supplicat
781 1411 967 1476 humillime
992 1409 1082 1476 idem
1108 1411 1286 1498 episcopus
1313 1421 1478 1497 quatenns
1493 1433 1551 1478 sue

190 1516 372 1600 indigentie
387 1524 556 1602 paterno⁰
571 1515 819 1602 compatientes
834 1513 969 1594 affectu,
986 1535 1027 1581 ao
1042 1515 1146 1580 tantis
1161 1515 1318 1601 periculis
1333 1523 1369 1581 et
1391 1515 1551 1582 discrimi-

190 1619 288 1684 nibus
314 1619 502 1700 obviantes,
528 1626 566 1684 ut
589 1618 777 1704 aliqualiter
803 1621 845 1684 ab
875 1618 1065 1704 hujusmodi
1081 1619 1204 1686 debitis
1229 1619 1335 1706 possit
1359 1619 1500 1700 liberari,
1516 1630 1551 1685 et

190 1743 290 1788 onera
308 1722 451 1808 quesibi
477 1723 679 1790 incumbunt
704 1722 824 1787 melius
840 1731 1047 1808 supportare,
1072 1730 1111 1788 ut
1136 1726 1178 1790 ab
1195 1725 1350 1790 omnibus
1365 1733 1400 1790 et
1416 1723 1552 1810 singulis

190 1826 424 1894 ecclesiasticis
439 1835 475 1892 et
490 1827 695 1894 secularibus
710 1833 745 1891 et
760 1826 975 1912 regularibus,
986 1827 1152 1914 exemptis
1164 1836 1199 1895 et
1210 1849 1279 1894 non
1295 1829 1551 1915 exemptisper·

191 1929 291 2012 sonis,
305 1930 470 1996 beneficia
496 1929 724 1998 ecclesiastica
747 1929 783 1994 in
807 1927 934 1994 eisdem
950 1928 1088 1994 civitate
1115 1938 1150 1993 et
1165 1928 1290 1996 diocesi
1312 1930 1551 2011 obtinentibus

188 2035 284 2119 juxta
299 2035 447 2120 ipsorum
462 2033 703 2101 beneficiorum
730 2031 946 2118 exigentiam,
973 2031 1170 2099 facultatem
1185 2033 1199 2070 ‘¹
1224 2042 1340 2120 petere
1356 2042 1391 2100 et
1406 2035 1553 2121 recipere

192 2138 394 2204 auctoritate
410 2145 519 2224 apost.
535 2141 639 2204 semel
659 2138 764 2204 libere
775 2137 888 2202 valeat
905 2135 1118 2202 caritativum
1133 2137 1316 2203 subsidium
1331 2138 1552 2220 moderatum,

190 2242 252 2308 sibi
269 2243 454 2309 concedere
477 2241 659 2328 dignemini
676 2242 719 2308 de
734 2240 841 2326 gratia
856 2240 1003 2326 speciali,
1028 2239 1269 2306 constitutione
1293 2240 1347 2307 fel.
1363 2261 1429 2308 rec.
1442 2239 1552 2306 Bene-

190 2345 271 2413 dicti
287 2365 376 2432 pape
390 2343 473 2426 XII,
490 2355 524 2411 et
540 2345 613 2410 aliis
628 2343 928 2411 constitutionibus
952 2364 1022 2408 non
1047 2343 1257 2409 obstantibus
1273 2345 1551 2429 quibuscumque,

190 2470 268 2516 cnm
282 2449 403 2516 ceteris
417 2449 490 2514 aliis
505 2469 575 2514 non
590 2449 802 2514 obstantibus
817 2455 853 2512 et
869 2446 1024 2513 clausulis
1041 2447 1226 2533 oportunis
1241 2455 1276 2512 et
1292 2447 1527 2513 executoribus
1542 2471 1550 2527 ;

190 2572 259 2617 non
275 2553 431 2618 obstante
447 2551 552 2617 etiam
568 2550 659 2636 quod
674 2551 760 2617 alias
781 2549 890 2615 simile
914 2549 1097 2615 subsidium
1124 2549 1235 2616 eidem
1259 2551 1418 2636 episcopo
1441 2551 1475 2616 in
1492 2571 1552 2617 suo

187 2655 336 2740 jocundo
351 2655 500 2722 adventu
525 2654 745 2736 concessistis,
762 2654 804 2720 de
828 2674 896 2738 quo
907 2653 965 2717 vix
982 2662 1136 2738 quartam
1162 2653 1260 2718 unius
1275 2653 1406 2719 decime
1421 2663 1551 2741 partem

190 2769 274 2826 ωηο
287 2759 426 2847 recepit.
442 2800 486 2810 -
498 2759 577 2826 Fiat
593 2759 635 2826 R.

234 2866 313 2932 Dat.
328 2865 429 2933 Avin.
449 2866 487 2931 18
503 2864 570 2932 kal.
585 2866 667 2932 febr.
683 2872 717 2932 a⁰
733 2872 776 2949 7⁰.
793 2866 864 2951 (16,
882 2864 966 2950 95').

244 3003 384 3085 1481.
1199 3014 1507 3102 1349,15jono1'er.

235 3122 290 3185 8¹³⁰
305 3129 410 3208 pater.
427 3120 514 3187 Cum
528 3120 642 3189 nuncii
659 3120 700 3187 R.
716 3122 754 3189 P.
769 3122 860 3189 dom.
876 3122 1083 3208 Engelberti,
1096 3123 1246 3211 episcopi
1258 3120 1428 3202 Leodien.,
1442 3121 1551 3186 inten-

190 3227 274 3293 dant
288 3247 309 3292 a
324 3226 444 3292 Vestra
457 3226 643 3292 Sanctitate
659 3226 811 3292 obtinere
833 3226 925 3312 qnod
947 3228 1091 3312 quedam
1113 3230 1287 3309 malatota,
1306 3248 1371 3312 que
1387 3225 1526 3291 firmitas
1543 3236 1550 3259 ¹

190 3330 370 3415 vulgariter
395 3338 616 3416 nuncupatur,
642 3329 840 3397 incivitate
867 3329 1029 3399 Leodien.
1056 3354 1160 3417 usque
1186 3332 1231 3399 ad
1256 3341 1383 3399 certam
1409 3330 1551 3418 peounie

189 3454 355 3499 summam
371 3434 511 3514 levetur,
528 3440 564 3499 et
578 3433 644 3499 hoc
659 3433 730 3499 fieri
746 3454 816 3499 non
845 3434 951 3520 possit
973 3444 1110 3522 propter
1131 3437 1324 3522 juramenta
1345 3434 1486 3521 prestita
1510 3433 1552 3499 de

189 3556 258 3601 non
272 3535 417 3601 levando
432 3535 627 3601 firmitatem
643 3536 677 3601 in
692 3537 764 3623 ipsa
778 3538 927 3620 civitate,
933 3538 1184 3626 dispensatione
1196 3548 1305 3627 apost.
1317 3560 1385 3605 non
1402 3541 1551 3617 obtenta,

189 3660 229 3705 ac
244 3638 370 3705 dudum
385 3646 522 3725 propter
544 3641 758 3726 quamplures
781 3642 952 3727 expositas
973 3644 1191 3711 necessitates
1215 3646 1335 3728 b0(ne)
1357 3641 1552 3725 me(morie)

191 3743 350 3830 Adulphi,
364 3751 446 3809 tunc
461 3743 610 3829 episcopi
633 3742 804 3826 Leodien.,
831 3745 886 3811 fel.
912 3766 978 3813 rec.
1005 3747 1095 3814 dom.
1121 3746 1296 3825 Johannes
1322 3766 1412 3832 papa
1437 3743 1552 3825 XXII,

191 3846 406 3933 predecessor
420 3838 542 3928 vester,
558 3847 669 3914 eidem
684 3848 844 3935 episcopo
859 3850 1079 3917 concedendo
1102 3852 1193 3935 qnod
1216 3851 1289 3937 ipsa
1305 3850 1446 3915 firmitas
1461 3850 1553 3913 leva-

190 3958 292 4031 retur,
306 3971 404 4037 super
420 3950 556 4038 prefatis
565 3951 766 4035 juramentis
779 3952 924 4038 gratiose
940 3953 1191 4041 dispensaverit,
1207 3955 1325 4021 volens
1340 3953 1427 4019 inter
1442 3960 1553 4019 cetera

192 4053 405 4138 quodquam
428 4054 497 4120 cito
522 4053 635 4119 levata
657 4062 745 4121 esset
771 4056 862 4122 dicta
888 4058 1030 4143 pecunie
1055 4078 1196 4139 summa,
1212 4057 1260 4121 nil
1276 4078 1318 4123 ex
1342 4065 1424 4122 tunc
1450 4056 1552 4121 levari

190 4156 329 4222 deberet
344 4158 432 4223 ultra
453 4156 556 4239 illam,
578 4157 735 4243 quodque
750 4160 776 4224 si
798 4158 872 4245 quis
887 4160 1092 4227 contrarium
1107 4168 1314 4247 presumeret
1339 4168 1551 4247 attemptare,

191 4259 394 4325 sententiam
423 4260 783 4328 excommunicationis
811 4264 995 4330 incurreret
1020 4264 1093 4350 ipso
1120 4264 1239 4346 facto;
1265 4285 1307 4329 ne
1338 4264 1437 4349 igitur
1462 4265 1553 4330 cives

191 4361 397 4429 Leodienses
412 4363 447 4429 in
463 4365 742 4431 consuetudinem
756 4365 926 4433 deducant
938 4367 1028 4452 quod
1039 4388 1100 4453 pro
1112 4368 1261 4453 qualibet
1276 4388 1361 4453 pace
1373 4368 1553 4434 reformata

191 4465 292 4531 simili
306 4466 410 4532 modo
424 4466 536 4534 levare
550 4468 659 4535 velint
674 4468 879 4552 firmitatem,
895 4477 955 4536 aut
971 4470 1078 4557 ipsam
1100 4472 1187 4538 ultra
1203 4470 1369 4557 prefatam
1385 4492 1552 4539 summam

224 4654 253 4714 a)
270 4653 326 4703 end.
338 4655 502 4705 vaissimo.
513 4682 546 4691 —
562 4656 593 4718 b)
608 4657 666 4707 Cnd.
674 4657 776 4719 Nequid
788 4672 901 4709 onmare.
911 4686 945 4696 —
961 4658 988 4721 c)
1005 4658 1062 4709 du.
1075 4660 1190 4711 Paterne.
1202 4686 1234 4697 --
1250 4660 1281 4722 d)
1294 4659 1351 4710 (bd.
1364 4661 1506 4711 Far-lentes.
1522 4662 1553 4711 Cu

194 4732 269 4775 aeota
281 4724 318 4775 ite'
328 4730 425 4777 mure
436 4728 496 4792 biffe'
507 4735 529 4779 et
543 4730 668 4794 renrplaee
674 4747 729 4795 par
740 4749 750 4779 .·
761 4732 920 4784 facultatem.

226 4896 248 4945 l.
260 4895 299 4944 La
308 4896 412 4953 sermete'
424 4895 490 4946 eteit
500 4912 537 4947 un
548 4898 631 4962 impbt
642 4914 687 4948 sur
697 4900 734 4949 les
745 4902 829 4949 vivres
840 4916 847 4959 ;
858 4902 915 4950 voir
926 4900 950 4949 le
961 4902 1054 4952 travail
1066 4902 1102 4951 du
1120 4902 1200 4952 beron
1212 4901 1244 4953 de
1256 4901 1374 4953 Obestret
1393 4902 1459 4953 dans
1476 4899 1551 4952 Ball.

191 4966 223 5016 de
234 4966 316 5018 ΠΜ.
327 4968 435 5019 archani.
450 4968 514 5033 lup,
526 4976 546 5022 t.
558 4970 663 5033 XXIII,
675 4988 719 5037 pp.
731 4976 845 5026 wll-239.
