3650 5675
676 537 764 612 1343,
788 537 875 602 21-22
895 536 1006 617 juillet.
1486 544 1525 608 99

157 691 246 754 obst.
270 687 361 772 quod
384 707 457 752 cau.
481 694 516 751 et
530 690 622 773 preb.
638 686 835 767 Tornacen.,
857 695 893 752 et
916 708 990 753 can.
1014 691 1073 753 sub
1095 709 1170 774 exp.
1194 692 1285 774 preb.
1309 689 1523 760 Cameracen.

156 793 294 872 eccl.‚et
305 811 399 877 perp.
411 791 529 877 capell.
542 791 624 856 eccl.
636 791 679 856 de
691 789 879 876 Blandeyo,
889 790 1079 856 Tornacen.
1091 790 1188 871 dioc,
1202 793 1349 859 noscitur
1361 797 1522 863 obtinere.

157 894 245 960 Cum
268 915 310 960 eo
332 895 467 980 insuper
489 894 721 980 dispensantes
736 902 773 959 ut
789 893 959 978 predictos
973 895 1137 979 prioratus
1152 896 1258 981 possit
1274 897 1307 961 in
1320 898 1416 964 simul
1433 901 1523 967 licite

89 1011 93 1017 ’
157 1000 303 1064 retinere
318 1007 353 1064 et
369 999 460 1082 quod
475 1019 578 1082 usque
590 998 635 1064 ad
645 998 870 1084 septemnium
882 997 1059 1062 residendo
1075 998 1108 1062 in
1125 999 1303 1081 studi0,ubi
1316 1002 1398 1067 illud
1411 1005 1522 1088 vigeat

157 1104 325 1187 generale,
348 1122 418 1168 non
441 1110 598 1167 teneatur
612 1101 656 1168 ad
671 1101 894 1167 sacerdotium
911 1122 946 1166 se
963 1101 1071 1166 facere
1087 1105 1287 1187 promoveri.
1312 1147 1356 1154 -
1379 1105 1454 1172 Fiat
1480 1108 1523 1174 de

78 1201 83 1206 ’
157 1208 310 1293 prioratu
327 1207 359 1270 S.
376 1207 504 1272 Donati
516 1207 613 1291 juxta
629 1205 767 1273 Lucam.
785 1205 825 1271 R.

203 1311 282 1376 Dat.
299 1331 353 1396 ap.
366 1309 614 1376 Villamnovam
632 1331 666 1374 12
684 1309 752 1376 lral.
769 1330 843 1394 aug.
859 1318 892 1374 a⁰
910 1317 951 1375 2⁰.
970 1313 1016 1390 (5,
1046 1315 1144 1394 root).

208 1467 326 1547 442.
854 1533 858 1542 .
1190 1499 1285 1563 1343,
1303 1502 1343 1545 ar
1354 1481 1477 1562 juillet.

201 1587 303 1672 Supp.
320 1585 450 1665 Gotius,
478 1585 532 1650 tit.
549 1585 581 1650 S.
598 1584 709 1650 Prisce
733 1587 841 1670 presb.
858 1583 948 1650 card.
966 1595 984 1665 ¹,
1005 1592 1098 1668 quat.
1129 1583 1332 1670 [Gerardino
1357 1585 1446 1652 Petri
1478 1587 1520 1652 de

157 1689 394 1756 Mediomonte
403 1704 425 1770 ²,
442 1689 653 1755 cler.Tullen.
668 1689 767 1769 dioc„
778 1689 812 1753 in
831 1688 1062 1754 subdiaconali
1078 1688 1193 1754 ordine
1210 1689 1519 1769 constitut0,came-
1542 1683 1544 1690 ’

155 1795 247 1860 rario
262 1793 351 1880 suo],
368 1794 424 1878 qui
449 1794 510 1859 sibi
537 1802 668 1880 septem
693 1793 789 1858 annis
812 1793 951 1858 servivit
976 1793 1009 1857 in
1027 1812 1161 1858 camera
1185 1793 1312 1877 fuitque
1335 1815 1412 1860 cum
1429 1815 1470 1860 eo
1486 1795 1518 1858 in

156 1919 263 1983 regno
278 1899 388 1964 Sicilie
403 1906 438 1962 et
455 1897 486 1961 in
514 1897 662 1981 ejusdem
689 1896 867 1963 cardinalis
888 1896 1302 1962 iufimritatibusmultum
1330 1903 1365 1961 et
1380 1897 1521 1962 fideliter

156 2003 333 2081 laboravit,
348 2001 482 2081 decan.
498 2010 533 2067 et
549 2004 640 2088 preb.
668 2000 821 2067 Briocen.
844 2001 1026 2086 dignemini
1043 2001 1227 2086 providere,
1244 2022 1312 2067 non
1329 2004 1414 2066 obst.
1431 2001 1522 2085 quod

156 2104 248 2170 idem
258 2104 580 2172 Gerardinuscan.et
590 2104 895 2191 preb.S.Gaugerici
907 2103 1179 2184 Cameracen.,de
1190 2125 1329 2189 quorum
1340 2104 1521 2170 redditibus

156 2218 296 2295 propter
317 2229 452 2294 guerras
466 2210 557 2276 dom.
584 2231 699 2294 regum
727 2208 868 2274 Francie
895 2218 931 2274 et
949 2209 1069 2293 Anglie
1096 2208 1195 2274 valde
1217 2209 1399 2288 modicum,
1415 2210 1521 2276 immo

156 2314 252 2397 quasi
267 2314 370 2378 nichil
385 2315 545 2402 percepit,
561 2315 709 2381 noscitur
725 2315 886 2379 obtinere.
909 2352 941 2362 -
963 2312 1040 2379 Fiat
1056 2312 1096 2379 R.

203 2415 283 2481 Dat.
300 2437 354 2503 ap.
371 2416 621 2484 Villamnovam
640 2438 677 2482 12
694 2417 760 2482 kal.
776 2437 850 2500 aug.
867 2426 899 2481 a⁰
917 2424 959 2482 2⁰.
975 2419 1023 2500 (5,
1045 2420 1128 2501 115).

208 2570 463 2656 443·445.
1188 2603 1250 2666 134
1251 2603 1284 2666 3,
1302 2605 1342 2646 22
1353 2581 1438 2662 juill
1448 2591 1475 2647 ’1.

201 2687 302 2776 Supp.
319 2690 415 2771 Otto,
431 2691 522 2757 dom.
534 2688 577 2753 de
593 2688 681 2755 Kuic
696 2695 731 2752 et
746 2686 789 2753 de
800 2686 1111 2767 Heverle‚summus
1123 2685 1214 2751 dom.
1226 2685 1320 2752 ducis
1337 2684 1519 2750 Brabantie

157 2794 375 2876 consiliarius
402 2803 493 2881 quat.
520 2793 630 2860 eidem
655 2801 690 2857 et
714 2793 807 2858 uxori
832 2813 891 2857 sue
917 2789 1063 2858 habendi
1090 2811 1204 2857 secum
1229 2790 1336 2856 altare
1362 2789 1520 2875 portatile

157 2895 340 2983 dignemini
356 2899 529 2965 licentiam
544 2897 684 2981 elargiri,
700 2904 737 2962 ut
753 2897 786 2960 in
803 2896 908 2961 forma
925 2904 989 2961 etc.
1012 2932 1043 2942 -
1066 2893 1143 2959 Fiat
1160 2895 1193 2958 in
1210 2894 1316 2960 forma
1334 2892 1383 2995 R.

201 3057 292 3116 444.
323 3051 411 3136 Sign.
442 3049 627 3130 Johannes,
657 3051 725 3116 dux
748 3048 941 3129 Brabantie,
972 3051 1063 3134 quod
1088 3052 1165 3115 nob.
1196 3050 1246 3115 vir
1278 3047 1453 3126 Johannes
1477 3047 1519 3113 de

159 3153 320 3236 Polanen,
358 3154 455 3219 miles
484 3154 674 3240 Trajecten.
705 3152 803 3233 dioc,
827 3159 862 3215 et
891 3152 1012 3217 nobilis
1046 3153 1164 3217 mulier
1193 3152 1342 3237 Aleydis
1381 3150 1520 3217 domina

157 3259 200 3324 de
238 3258 425 3339 Crandunc,
463 3267 546 3324 nata
583 3259 674 3324 dom.
712 3257 754 3323 de
786 3256 925 3321 Hoerne
948 3264 969 3337 ³,
1001 3255 1181 3340 quondam,
1221 3255 1264 3320 ad
1294 3253 1479 3319 sedandum
1506 3261 1518 3287 '¹
1638 3290 1640 3295 ν

157 3383 292 3447 guerras
318 3372 352 3429 et
379 3363 613 3444 dissensiones
641 3384 706 3447 que
731 3362 819 3426 inter
843 3361 990 3445 ipsorum
1014 3379 1211 3425 communes
1231 3358 1357 3424 amicos
1381 3366 1416 3423 et
1440 3378 1519 3423 con·

157 3466 368 3551 sanguineos
388 3473 591 3552 procurante
618 3466 711 3552 pacis
735 3465 857 3544 emulo,
885 3464 1049 3529 hactenus
1075 3464 1261 3547 viguerunt,
1284 3470 1383 3547 prout
1410 3461 1518 3526 adhuc

156 3570 281 3655 vigent,
320 3570 409 3637 unde
445 3572 573 3637 diverse
612 3578 647 3635 et
688 3570 798 3655 plures
835 3589 951 3652 guerre
988 3568 1074 3631 inter
1110 3566 1277 3653 principes
1314 3565 1517 3645 convicinos

157 3673 315 3740 videlicet
344 3675 452 3761 ipsum
479 3675 600 3741 ducem
627 3673 808 3739 Brabantie
831 3680 866 3737 et
888 3672 1049 3737 comitem
1073 3670 1243 3736 Holandie
1266 3679 1343 3735 sunt
1367 3670 1518 3752 frequen-

158 3787 210 3843 ter
235 3782 391 3859 suborte3
418 3778 517 3845 dictis
547 3778 662 3845 amicis
684 3777 917 3843 communibus
935 3776 1168 3854 mediantibus,
1195 3774 1329 3838 habitus
1351 3780 1403 3836 est
1432 3780 1517 3835 trac·

158 3891 257 3965 tatus
287 3885 379 3966 quod
414 3885 476 3971 ipsi
513 3883 688 3962 Johannes
721 3892 755 3947 et
792 3881 933 3967 Aleydis
962 3879 1253 3945 matrimonialiter
1296 3875 1515 3960 copulentur;

158 3988 218 4053 sed
232 3988 310 4072 quia
329 3989 391 4075 ipsi
418 3990 452 4053 in
477 3996 599 4073 quarto
624 3986 923 4072 consanguinitatis
949 3984 1054 4070 gradu
1077 3984 1222 4049 invicem
1249 4001 1284 4045 se
1300 3980 1516 4063 conjungunt,

158 4090 408 4159 matrimonium
435 4093 544 4179 ipsum
559 4112 627 4157 non
653 4098 794 4177 possunt
820 4090 1028 4169 contrahere,
1045 4084 1294 4172 dispensatione
1324 4103 1422 4167 super
1453 4082 1517 4146 hoc

158 4205 265 4281 apost.
291 4218 359 4263 non
388 4200 537 4262 obtenta.
564 4195 675 4280 Quare
699 4215 794 4280 supp.
821 4202 913 4278 quat.
941 4213 1018 4258 cum
1044 4191 1122 4276 ipsis
1146 4188 1302 4266 Johanne
1329 4194 1364 4250 et
1386 4184 1517 4269 Aleyde

159 4301 259 4383 quod,
275 4301 519 4387 impedimento
534 4298 835 4383 consanguinitatis
849 4295 1038 4382 hujusmodi
1059 4315 1128 4360 non
1150 4296 1245 4371 obst,
1262 4290 1391 4378 possint
1405 4287 1518 4353 matri-

157 4404 320 4469 monium·
334 4405 442 4491 ipsum
466 4403 665 4471 contrahere
691 4403 784 4467 etin
810 4407 985 4466 contracto
1011 4399 1102 4464 licite
1127 4416 1309 4477 remanere,
1337 4391 1517 4478 dignemini

159 4507 360 4594 dispensare.
376 4550 419 4558 -
436 4507 513 4575 Fiat
523 4511 587 4594 'per
603 4506 830 4585 diocesanum‚
846 4505 873 4569 si
889 4505 931 4570 sit
948 4504 1005 4568 ita.
1023 4501 1063 4566 R.

193 4704 223 4764 a)
239 4703 297 4752 (lul.
310 4704 463 4753 sedendum.

192 4925 216 4971 1.
237 4923 331 4970 Gotius
348 4921 487 4983 Battaglia,
512 4923 542 4969 ltl
561 4918 616 4969 dec.
637 4922 706 4979 1338,
720 4926 744 4978 ιι·
756 4921 786 4967 10
804 4916 861 4979 juin
881 4920 943 4966 1348
963 4916 1066 4979 (Eubcl,
1080 4916 1100 4975 l,
1114 4915 1166 4975 44).
1186 4940 1218 4947 -
1237 4916 1259 4962 2.
1272 4912 1354 4971 Vidah
1373 4913 1526 4961 105651.-

158 4998 181 5046 3.
195 4996 346 5045 Guillnume
355 4995 389 5044 de
399 4995 507 5055 Homos,
522 5010 547 5043 v.
562 4994 653 5053 Bmm..
667 5009 692 5045 n.
706 4996 775 5053 1088,
788 4993 821 5041 01,
834 5007 859 5055 p.
871 4993 918 5039 tou
934 5008 939 5049 ς
952 4990 1088 5047 Galealoot‚
1101 4991 1155 5048 265,
1168 4988 1283 5036 art-275.
