3650 5675
289 518 345 583 612
840 519 927 594 1352,
952 521 986 584 12
1008 536 1096 585 mars.

288 672 390 737 nobili
408 674 479 739 viro
494 674 688 742 Alexandro
704 674 745 740 de
763 674 794 739 S.
811 674 995 755 Desiderio,
1012 674 1054 739 de
1069 674 1238 740 decanatu
1260 676 1400 741 ecclesie
1416 676 1447 740 S.
1465 678 1647 744 Audoniari

287 776 328 841 de
345 777 376 841 S.
392 778 594 861 Andomaro,
607 779 775 845 Morinen.
793 779 890 861 dioc,
903 800 978 845 vac.
994 800 1054 866 per
1068 782 1122 845 ob.
1139 780 1309 863 quondam
1325 804 1412 868 mag.
1426 784 1588 870 Stephani
1597 785 1647 852 Le

287 878 418 947 Barrois
431 894 450 963 ¹,
478 881 558 948 dicti
584 883 762 949 cardinalis
789 884 965 970 capellani,
992 883 1048 968 qui
1073 894 1168 951 extra
1184 885 1283 951 Rom.
1307 888 1433 953 curiam
1448 888 1644 972 decessit,...

285 984 467 1069 dignemini
483 988 657 1073 providere
676 1012 684 1069 ;
702 1010 771 1055 non
784 993 870 1061 obst.
887 989 978 1073 quod
993 1010 1065 1055 can.
1081 992 1141 1055 sub
1157 1011 1233 1076 exp.
1251 993 1341 1075 preb.
1358 992 1499 1057 ecclesie
1515 991 1646 1060 Laudu·

286 1109 364 1155 nen.
380 1090 529 1157 noscitur
545 1094 706 1159 obtinere.
722 1134 766 1145 —-
782 1094 860 1160 Fiat
877 1094 917 1161 R.

329 1194 408 1262 Dat.
424 1197 522 1263 Ario.
540 1220 558 1282 4
574 1198 618 1265 id.
635 1207 733 1266 mart.
749 1207 782 1265 a⁰
802 1207 862 1265 10⁰.
880 1199 952 1281 (21,
970 1198 1006 1264 P.
1024 1196 1069 1278 ΙΙ,
1087 1199 1170 1283 57*).

337 1386 481 1473 2362.
521 1418 524 1428 ·
1324 1420 1418 1483 1352,
1441 1422 1481 1465 12
1499 1424 1601 1469 mars.

328 1506 429 1592 Supp.
455 1505 595 1573 Bosolus
619 1507 661 1573 de
689 1508 808 1573 Parma
824 1524 844 1587 ²,
873 1506 1066 1592 capellanus
1090 1513 1200 1569 vester
1215 1512 1250 1568 et
1277 1504 1409 1569 auditor
1431 1506 1513 1571 sacri
1530 1507 1645 1592 palatii

284 1611 469 1697 apostolici,
486 1621 520 1676 et
535 1612 671 1678 Albinus
687 1611 947 1678 Branclrasoche
962 1610 1004 1677 de
1021 1609 1124 1691 Luca,
1149 1610 1291 1695 scriptor
1313 1618 1433 1692 vester,
1446 1620 1552 1695 quat,
1567 1633 1644 1678 cum

285 1715 426 1782 Bosolus
441 1716 679 1785 canonicatum
695 1727 729 1783 et
745 1717 952 1803 prebendam
967 1714 1165 1796 Tomacen,
1182 1723 1217 1782 et
1232 1714 1368 1780 Albizus
1383 1714 1523 1801 predicti
1539 1715 1645 1782 archi-

283 1820 539 1907 presbiteratum
557 1818 740 1887 Ferrarien.
758 1822 984 1902 ecclesiarum,
1002 1821 1054 1886 cui
1071 1829 1161 1886 certe
1177 1820 1296 1885 domus
1312 1827 1346 1884 et
1358 1818 1528 1905 prebenda
1544 1840 1644 1887 cano-

283 1925 358 1991 nice
374 1934 451 1991 sunt
478 1947 620 2008 annexe,
647 1927 769 2011 quique
795 1926 901 2011 major
928 1934 1004 2011 post
1032 1924 1256 2010 episcopalem
1281 1932 1332 1989 est
1360 1923 1393 1987 in
1422 1944 1462 1989 ea
1490 1924 1643 2009 dignitaS,

284 2050 367 2115 quos
380 2030 578 2096 obtinebant
594 2030 627 2095 in
645 2031 743 2097 dictis
759 2031 917 2111 ecclesiis,
929 2051 970 2094 ex
983 2049 1082 2095 causa
1094 2028 1350 2115 permutationis
1362 2027 1404 2092 de
1417 2028 1480 2093 illis
1493 2029 1644 2096 faciende

284 2134 438 2216 invicem,
470 2144 504 2201 et
530 2157 598 2201 non
627 2137 719 2218 alias,
748 2136 837 2223 apud
863 2135 977 2201 sedem
1004 2142 1123 2220 apost,
1151 2133 1185 2197 in
1212 2133 1365 2198 manibus
1390 2132 1481 2197 dom.
1509 2131 1644 2217 P(etri),

283 2240 384 2325 episc.
412 2239 609 2322 Penestrini,
637 2241 725 2306 idem
763 2240 920 2306 videlicet
946 2237 1087 2304 Bosolus
1113 2258 1172 2323 per
1199 2247 1451 2324 procuratorem
1478 2257 1583 2317 suum,
1610 2247 1645 2301 et

283 2344 419 2409 Albizus
430 2365 490 2430 per
505 2366 539 2409 se
557 2346 675 2432 ipsum,
692 2345 794 2409 libere
810 2343 1018 2428 resignarint,
1036 2343 1172 2427 ipseque
1189 2341 1366 2428 episcopus
1380 2341 1487 2406 dictas
1502 2340 1645 2425 resigna-

282 2450 393 2513 tiones
408 2448 580 2514 admiserit
607 2447 697 2535 apud
724 2448 867 2514 eandem
892 2447 1006 2513 sedem
1022 2446 1064 2511 de
1080 2446 1215 2531 speciali
1239 2444 1402 2510 mandato
1428 2453 1542 2511 vestro
1566 2444 1644 2509 vire

281 2551 374 2617 vocis
401 2554 535 2618 oraculo
562 2552 622 2617 sibi
651 2552 767 2632 facto;
796 2551 921 2618 Bosolo
936 2550 979 2616 de
1001 2550 1313 2636 archipresbiteratu
1341 2548 1541 2614 Ferrariensi
1567 2568 1644 2614 cum

282 2656 380 2723 dictis
396 2658 543 2739 annexis,
560 2666 595 2723 et
610 2658 730 2722 Albizo
746 2656 903 2744 predictis
919 2656 961 2720 (le
977 2674 1050 2720 can.
1067 2662 1101 2720 et
1117 2656 1209 2740 preb.
1226 2653 1411 2719 Tornacen.
1428 2654 1644 2719 ecclesiarum

284 2760 518 2846 predictarum,
535 2761 582 2827 sic
597 2781 681 2844 vac,
698 2759 881 2846 dignemini
904 2759 1081 2846 providere
1101 2780 1109 2836 ;
1134 2778 1202 2824 non
1220 2761 1305 2823 obst.
1322 2758 1413 2843 quod
1427 2757 1645 2844 archipresbi-

190 2943 193 2951 Ι
281 2873 418 2946 teratus,
436 2867 652 2932 canonicatus
668 2874 702 2931 et
717 2867 886 2951 prebenda
912 2864 1063 2951 predicti,
1081 2866 1134 2929 rel
1158 2885 1272 2930 eorum
1298 2865 1426 2948 aliquis,
1443 2865 1509 2929 sint
1532 2864 1644 2951 dispo·

282 2970 393 3034 sitioni
421 2969 511 3036 dicte
537 2971 624 3036 sedis
649 2971 902 3055 quomodolibet
927 2971 1084 3034 reservati
1105 2991 1113 3048 ;
1131 2990 1188 3034 seu
1204 2972 1455 3055 quibuscunque
1482 2970 1643 3036 constitu·

281 3075 437 3155 tionibus,
476 3076 770 3142 consuetudinibus
808 3077 861 3140 vel
901 3077 1035 3140 statutis
1072 3074 1237 3141 dictarum
1274 3077 1499 3158 ecclesiarum,
1533 3077 1642 3143 forsan

279 3163 469 3265 juramento
485 3182 617 3247 vallatis
636 3205 644 3261 ;
668 3182 799 3247 etiamsi
825 3181 1037 3247 contineatur
1061 3181 1094 3245 in
1118 3181 1176 3260 εἰς,
1192 3181 1282 3266 quod
1297 3181 1478 3268 recipiendi
1495 3181 1537 3247 de
1553 3203 1645 3247 novo

282 3283 316 3348 in
333 3284 397 3350 illis
413 3307 454 3350 ex
470 3306 569 3352 causa
585 3285 846 3372 permutationis
873 3306 933 3371 pro
949 3284 1103 3352 domibus
1130 3285 1256 3369 aliquid
1284 3285 1424 3368 solvere,
1441 3287 1495 3350 vel
1520 3285 1645 3352 fructus

283 3389 420 3473 alicujus
440 3390 529 3470 anni,
546 3391 578 3455 in
606 3398 680 3456 toto
704 3393 758 3456 vel
785 3391 818 3454 in
844 3398 951 3476 parte,
976 3389 1123 3476 capitulo
1150 3411 1207 3455 seu
1234 3389 1411 3456 refectorio
1435 3391 1563 3456 solvere
1589 3392 1645 3455 vel

282 3491 451 3558 dimittere
468 3502 647 3560 teneantur
666 3518 674 3575 ;
692 3497 805 3579 quein
823 3494 980 3581 predictis
996 3495 1042 3560 sic
1058 3495 1258 3583 permutatis
1279 3495 1450 3561 beneficiis
1465 3495 1643 3561 decernere

283 3597 463 3683 dignemini
491 3608 526 3665 et
552 3600 662 3665 velitis
688 3602 800 3666 locum
826 3601 886 3667 sibi
922 3600 1059 3666 minime
1086 3601 1283 3682 vindicare;
1311 3621 1351 3666 ac
1386 3599 1476 3684 quod
1503 3598 1643 3666 Bosolus

282 3704 498 3788 plebanatum
529 3705 634 3789 plebis
664 3704 706 3769 de
737 3704 902 3786 Caldario,
933 3704 1119 3771 Tridentin.
1150 3705 1246 3787 dioc,
1277 3713 1311 3770 et
1337 3704 1473 3770 Albinus
1502 3705 1643 3790 predicti

284 3808 501 3873 canonicatus
517 3817 551 3873 et
566 3809 753 3894 prebendas
779 3809 813 3874 in
839 3808 977 3875 diversis
1001 3810 1158 3891 ecclesiis,
1186 3817 1220 3874 et
1250 3809 1394 3894 quedam
1418 3808 1643 3875 ecclesiastica

281 3912 444 3977 beneficia
461 3913 527 3978 alia
544 3913 709 3994 obtinent,
726 3935 783 3979 seu
800 3922 959 3999 expectat
974 3913 1083 3980 dictus
1097 3914 1242 3995 Albirus,
1259 3913 1293 3978 iu
1309 3921 1419 3978 vestra
1446 3913 1644 3980 cancellaria

283 4017 510 4102 exprimenda.
528 4016 613 4082 Cum
631 4018 750 4084 eodem
768 4018 902 4099 Bosolo,
928 4018 1017 4104 quod
1042 4018 1113 4103 ipse
1139 4017 1266 4085 dictum
1293 4018 1643 4105 archipresbiteratum

281 4142 348 4186 una
364 4142 440 4187 cum
457 4123 639 4207 plebanatu
655 4123 816 4209 predict0,
833 4123 875 4189 de
892 4144 959 4207 quo
975 4144 995 4187 a
1011 4122 1156 4206 quinque
1180 4123 1276 4188 annis
1291 4123 1385 4203 citra,
1402 4131 1567 4209 occupato
1583 4144 1643 4209 per

281 4233 399 4309 gentes
414 4225 472 4290 filii
484 4223 614 4308 Bavari,
628 4227 709 4292 nihil
726 4227 887 4314 percepit,
904 4227 1007 4291 libere
1023 4226 1171 4311 recipere
1187 4235 1222 4291 et
1237 4227 1329 4292 licite
1345 4227 1488 4292 retinere
1504 4227 1619 4291 valeat
1632 4250 1640 4306 ;

281 4329 445 4414 generalis
461 4331 592 4396 concilii
620 4339 654 4397 et
670 4331 817 4416 qualibet
841 4331 1081 4397 constitutione
1097 4330 1263 4395 contraria
1278 4351 1347 4396 non
1363 4330 1581 4405 obstantibus,
1598 4332 1642 4397 de

282 4434 441 4500 uberioris
457 4434 547 4500 dono
563 4437 667 4520 gratie
683 4435 914 4522 dispensantes
933 4459 941 4516 ;
955 4444 990 4500 et
1006 4456 1082 4500 cum
1097 4435 1169 4500 aliis
1184 4455 1252 4500 non
1276 4435 1485 4501 obstantibus
1500 4442 1534 4500 et
1550 4436 1642 4501 clau·

282 4539 361 4604 sulis
377 4540 559 4624 oportunis,
576 4549 610 4604 et
623 4542 864 4606 executoribus.
881 4581 922 4590 —
941 4538 1018 4604 Fiat
1034 4561 1094 4625 pro
1111 4548 1250 4623 utroque
1267 4540 1299 4603 in
1317 4539 1422 4605 forma
1439 4537 1479 4604 R.

326 4642 404 4708 Dat.
420 4644 521 4708 Avin.
537 4644 612 4727 4id.
629 4653 717 4709 mart
730 4651 763 4708 a⁰
783 4652 844 4710 10⁰.
869 4646 942 4727 (21,
959 4643 996 4708 P.
1014 4641 1058 4725 ll,
1077 4642 1187 4728 58b⁵⁵).

316 4970 336 5017 l.
349 4967 447 5017 loun.
461 4969 497 5026 38,
513 4969 565 5026 1:33,
583 4969 649 5016 ld‘lr'.
663 4996 693 5002 --
706 4971 727 5014 2.
741 4967 802 5015 Vo'ir·
814 4982 839 5016 u.
852 4969 888 5026 us,
912 4968 980 5014 las-2.
