3650 5675
721 534 828 605 1349,
850 533 909 598 4-7
932 533 999 598 mai.
1470 537 1550 600 ,123

187 685 359 752 mandavit
375 692 410 750 et
426 684 497 770 ejus
511 684 756 772 possessionem
772 682 949 769 pacificam
961 682 1033 766 jam
1060 690 1111 746 est
1126 690 1306 748 assecutus.
1324 681 1435 765 Quare
1450 703 1545 769 supp.

187 798 299 874 quat...
312 787 465 854 Gilberto
480 788 630 874 le'Pape,
647 789 769 855 clerico
783 785 949 852 Morinen.
959 785 1099 867 dioc.,...
1117 785 1159 851 de
1174 785 1305 871 prefata
1321 787 1403 852 eccl.
1420 787 1451 852 S.
1468 787 1547 853 Ber-

187 893 281 958 tini...
297 892 479 976 dignemini
495 891 681 978 providere.
691 929 741 942 ·-
765 889 842 955 Fiat
859 890 898 954 R.

231 996 310 1061 Dat.
325 996 425 1061 Avin.
442 1019 462 1081 4
478 1017 557 1062 non.
573 996 651 1062 maii
667 1003 701 1062 a⁰
718 1003 760 1081 7⁰.
778 996 848 1078 (17,
866 995 955 1076 281).

241 1133 376 1217 1572.
1274 1151 1499 1232 ornamur.

231 1251 333 1338 Supp.
350 1250 469 1317 Petrus
491 1250 533 1316 de
550 1250 581 1316 S.
598 1249 787 1316 Martiale...
811 1258 901 1335 quat.
926 1249 1074 1326 Johanni
1097 1249 1226 1315 Tarsini
1248 1250 1290 1316 de
1307 1250 1460 1332 Betunia,
1477 1253 1542 1318 cle-

186 1356 257 1422 rico
271 1357 469 1421 Atrebaten.
486 1355 583 1433 dioc,
600 1355 656 1440 qui
672 1355 859 1441 perdecem
875 1375 982 1420 annos
998 1363 1032 1420 et
1043 1356 1127 1420 ultra
1148 1354 1243 1419 stetit
1258 1376 1335 1420 cum
1351 1376 1438 1441 mag.
1464 1355 1543 1421 Ber-

186 1460 290 1525 nardo
320 1459 431 1539 Sistre,
448 1459 572 1524 nuncio
594 1467 702 1544 apost.
719 1459 813 1524 ¹sedis
834 1459 1039 1544 inpartibus
1065 1459 1186 1543 Anglie
1202 1469 1222 1538 ¹,
1245 1458 1287 1524 de
1310 1479 1384 1526 can.
1401 1469 1436 1525 et
1452 1463 1543 1546 preb.

187 1564 268 1629 eccl.
285 1563 317 1628 S.
334 1562 563 1629 Bartholomei
588 1561 759 1642 Leodien.,
782 1583 855 1629 vac.
879 1562 922 1628 ad
948 1583 1085 1649 presens
1111 1582 1169 1648 per
1196 1564 1249 1628 ob.
1265 1560 1431 1639 Jolrannis
1446 1564 1488 1629 de
1512 1564 1543 1628 S.

188 1665 348 1748 Martin0,
360 1659 416 1751 qui
432 1667 465 1731 in
483 1666 638 1732 Romana
653 1666 745 1731 curia
767 1666 857 1731 diem
880 1667 998 1733 clausit
1015 1674 1201 1731 extremum
1217 1681 1249 1745 ²;
1266 1686 1335 1731 non
1351 1668 1437 1733 obst.
1454 1667 1544 1752 quod

187 1789 287 1856 super
301 1772 385 1836 eccl.
401 1769 444 1834 de
459 1769 642 1852 Waltham,
659 1771 970 1851 Wintonienalioc,
987 1771 1135 1837 noscitur
1150 1769 1290 1855 litigare,
1307 1791 1366 1836 seu
1381 1771 1470 1855 quod
1483 1771 1543 1837 sibi

187 1873 229 1940 de
250 1877 328 1939 ben.
351 1875 433 1939 eccl.
457 1874 501 1939 ad
524 1876 600 1940 coll.
616 1875 764 1961 episcopi
781 1884 816 1940 et
843 1876 980 1961 capituli
997 1877 1194 1941 Atrebaten.
1211 1874 1454 1941 mandaveritis
1469 1896 1544 1962 pro-

187 1977 302 2061 videri,
319 1977 442 2043 virtute
458 1978 551 2063 cujus
567 1978 719 2044 mandati
736 1979 917 2064 quamdam
927 1981 1091 2066 capellan.
1102 1979 1135 2044 in
1151 1979 1243 2046 dicta
1256 1980 1337 2046 eccl.
1348 1982 1543 2046 Atrebatem

187 2082 441 2168 acceptavit.—
458 2081 535 2147 Fiat
557 2081 596 2148 R.

230 2185 309 2252 Dat.
325 2187 425 2251 Avin.
443 2209 462 2271 4
478 2207 558 2252 non.
574 2187 652 2252 maii
669 2194 702 2252 a⁰
719 2194 761 2269 7⁰.
779 2188 848 2272 (17,
866 2190 971 2270 281⁹).

242 2322 379 2408 1573.
626 2403 629 2408 ,
1274 2357 1369 2420 1349,
1388 2356 1406 2418 7
1424 2339 1500 2400 urai.

230 2439 353 2527 Supp...
385 2439 570 2522 BaldratuS,
602 2442 729 2506 electus
758 2441 920 2520 Astensis,
946 2449 956 2484 ³
979 2447 1069 2523 quat.
1098 2437 1262 2524 [Johanni
1294 2437 1504 2504 Mallobaille
1524 2450 1544 2518 ⁴,

186 2543 312 2610 dilecto
327 2545 578 2628 consanguineo
592 2563 664 2623 suo,
680 2543 860 2630 canonico]
877 2547 970 2629 preb.
987 2543 1068 2608 eccl.
1082 2542 1113 2607 S.
1132 2542 1313 2608 Donatiani
1331 2541 1508 2625 Brugensis
1523 2549 1545 2620 ¹¹,

186 2646 376 2714 Tornacen.
388 2647 486 2730 dioc,
499 2656 536 2713 ut
552 2669 669 2714 omnes
685 2647 841 2715 fructus..
858 2647 931 2732 ipso
958 2646 1125 2712 residente
1141 2645 1174 2710 in
1191 2645 1304 2730 aliquo
1320 2645 1431 2711 studio
1445 2665 1546 2729 gene-

185 2751 245 2816 rali
260 2772 320 2816 seu
335 2751 369 2816 in
386 2751 484 2817 Rom.
500 2752 592 2817 curia
607 2753 662 2816 vel
679 2751 712 2816 in
728 2752 843 2836 aliquo
857 2751 1097 2820 beneficiorum
1114 2769 1279 2815 suorum...
1296 2748 1339 2814 ad
1362 2748 1545 2833 quinquen-

187 2855 279 2921 nium
301 2855 393 2921 licite
404 2857 515 2922 valeat
530 2857 703 2942 percipere
718 2854 901 2941 dignemini
919 2854 1100 2938 indulgere.
1117 2892 1158 2903 -
1176 2852 1253 2919 Fiat
1276 2852 1316 2919 R.

230 2960 311 3025 Dat.
326 2959 427 3024 Avin.
443 2980 523 3026 non.
545 2960 624 3025 maii
641 2968 674 3025 a⁰
691 2967 732 3044 7⁰.
743 2962 819 3044 ’(17,
837 2962 928 3043 289).

240 3097 382 3177 1574.
1277 3130 1371 3193 1549,
1390 3128 1408 3191 7
1425 3114 1501 3175 irrui.

230 3214 331 3300 Supp.
347 3213 384 3278 fr.
402 3212 562 3293 Mathias,
578 3213 679 3299 episc.
706 3212 1002 3299 Trapesundinen,
1028 3212 1188 3296 magister
1214 3211 1247 3277 in
1273 3212 1454 3297 theologia,
1476 3215 1545 3280 ord.

187 3316 226 3382 B.
243 3314 293 3381 M.
316 3315 358 3381 de
375 3316 496 3382 Monte
520 3314 663 3380 Carmeli
680 3324 699 3397 ⁵,
724 3326 814 3400 quat.
832 3316 985 3381 Henrico
1000 3315 1042 3381 de
1060 3315 1265 3395 Volenbeke,
1283 3316 1404 3382 clerico
1428 3316 1545 3383 Carne-

186 3439 297 3485 racen.
313 3418 410 3500 dioc,
426 3418 469 3484 de
484 3439 577 3505 perp.
588 3421 751 3505 capellan.
768 3421 883 3487 altaris
895 3421 927 3487 S.
943 3420 962 3499 J
967 3422 1063 3488 acobi
1080 3422 1113 3487 in
1130 3424 1211 3489 eccl.
1229 3422 1260 3488 S.
1273 3420 1395 3487 Gudile
1411 3420 1546 3487 Bruxel-

186 3524 298 3604 lensis,
324 3523 414 3588 dicte
440 3523 538 3603 dioc,
564 3544 664 3607 quam
688 3525 870 3608 quondam,
885 3524 1059 3603 Jolrannes
1082 3526 1232 3592 Leemarr
1247 3524 1259 3560 ⁶
1274 3524 1354 3590 inibi
1372 3526 1547 3590 obtinebat

186 3648 260 3693 vac.
283 3647 343 3713 per
366 3626 595 3692 dimissionem
620 3627 729 3712 ipsine,
754 3627 884 3692 ratione
908 3627 1128 3693 assecutionis
1153 3646 1225 3691 can.
1241 3633 1276 3690 et
1291 3628 1382 3710 preb.
1407 3624 1546 3689 ecclesie

187 3731 220 3809 S.
235 3730 376 3797 Servatii
393 3729 625 3816 TrajectensiS,
642 3730 802 3796 Leodieu.
825 3730 923 3810 dioc,
939 3731 1052 3814 vigore
1067 3730 1173 3814 gratie
1188 3737 1223 3793 et
1238 3728 1423 3792 litterarum
1439 3735 1546 3812 apost.

171 3834 297 3901 ,eidem
319 3833 468 3912 Johanni
483 3854 543 3920 per
558 3834 590 3899 S.
607 3832 646 3899 V.
670 3834 795 3907 dudum
811 3853 1056 3913 concessarum,
1073 3832 1222 3917 quolibet
1237 3830 1413 3896 detentore
1430 3830 1547 3895 illicito

187 3947 324 4017 amoto,¹
336 3936 518 4023 dignemini
535 3936 721 4022 providere.
737 3976 780 3986 -
797 3936 880 4003 ‘Fiat
896 3936 937 4003 R.

231 4040 320 4107 Item
346 4062 442 4128 supp.
466 4049 559 4125 quat.
575 4039 722 4118 Johanni
749 4040 842 4106 dicto
866 4040 986 4119 Noele,
1014 4039 1198 4125 presbitero
1223 4038 1256 4103 in
1284 4039 1366 4104 eccl.
1392 4040 1546 4104 Antwer-

186 4146 304 4231 piensi,
320 4144 536 4220 Cameracen.
552 4145 650 4225 dioc,
675 4146 718 4210 de
742 4165 815 4211 can.
831 4147 892 4211 sub
919 4166 994 4230 exp.
1022 4148 1113 4229 preb.
1140 4142 1321 4227 dignemini
1343 4143 1544 4229 providere;

188 4269 257 4315 non
281 4251 366 4314 obst.
390 4247 536 4332 quadarn
552 4248 739 4334 capellania
755 4269 814 4322 sua
841 4268 876 4313 12
905 4248 1021 4313 floren.
1046 4247 1114 4312 auri
1142 4249 1300 4313 valorem·
1314 4267 1463 4312 annuum
1478 4267 1546 4311 non

188 4353 384 4419 excedente.
399 4392 442 4401 -—
467 4350 543 4417 Fiat
560 4352 622 4418 R...
648 4352 693 4417 Et
716 4354 848 4438 placeat
862 4351 1010 4428 Johanni
1036 4350 1145 4417 Noele
1168 4352 1352 4436 presbitero
1372 4350 1547 4416 remittere

187 4475 329 4522 examen
346 4456 390 4522 ad
404 4464 527 4542 partes.
545 4454 621 4521 Fiat
642 4455 683 4521 R.

220 4596 246 4658 a)
261 4594 318 4645 Cori.
335 4596 479 4657 Burgcnsis.

222 4746 242 4791 1.
255 4745 422 4794 Archidiacre
432 4746 465 4795 dc
477 4744 647 4809 cantorbery,
660 4760 741 4795 noncc
754 4746 893 4809 pontifical,
905 4745 940 4793 cl.
962 4744 1033 4805 unsa,
1048 4742 1135 4809 Pupul
1153 4743 1257 4803 bellom,
1273 4745 1321 4805 lll,
1335 4746 1382 4793 733
1395 4760 1401 4804 ;
1419 4744 1548 4797 Petiturus,

187 4816 209 4875 1,
229 4818 282 4867 734.
294 4846 326 4857 -
338 4821 361 4868 2.
378 4819 440 4867 Voir
451 4834 477 4867 n.
491 4822 562 4869 1546.
574 4848 605 4858 -
618 4822 640 4869 3.
653 4819 761 4868 Baldrnt
773 4820 928 4881 Malnbnyla,
942 4816 1079 4867 nomnen
1092 4820 1122 4867 15
1134 4818 1197 4866 nobb
1211 4820 1280 4879 1318,
1292 4819 1388 4880 auquel
1400 4818 1515 4877 succ-erla,
1529 4818 1551 4865 1·.·

167 4932 171 4941 .
187 4890 461 5015 ῗιῇῖιιὲΙΙ-εἷέὅδέὲὶΐῖη
476 4892 628 5015 2lgglrsbnyle
640 4892 741 4954 (nuber,
756 4894 775 4954 Ι,
791 4895 854 4952 115).
867 4922 897 4932 -
910 4895 933 4942 l.
945 4892 1007 4942 Voir
1019 4908 1043 4943 n.
1062 4895 1100 4954 13,
1120 4894 1192 4951 1007,
1212 4894 1282 4941 loru.
1297 4922 1327 4932 -
1338 4897 1361 4943 5.
1376 4893 1436 4941 Voir
1453 4908 1478 4941 n.
1496 4896 1522 4939 111
1534 4896 1550 4944 Ι,
