3650 5675
649 588 651 595 ·
671 543 758 616 1343,
783 543 866 607 15-18
884 543 996 625 juillet.
1463 549 1524 614 371.

200 691 355 777 1394.
545 727 547 730 ’
1189 710 1283 792 1348,
1302 727 1342 789 15
1352 707 1476 789 juillet.
1519 733 1522 746 ¹

203 808 288 874 Cum
303 809 462 892 magister
486 807 589 893 Hugo
614 808 657 875 de
682 808 867 875 Pomeriis¹
892 811 1129 878 canonicatum
1157 820 1192 878 et
1217 815 1310 898 preb.
1331 813 1471 878 ecclesie
1487 813 1519 879 S.

162 912 251 977 Petri
266 912 308 978 de
325 910 448 992 Insula,
464 911 653 978 Tomacen.
669 913 766 994 dioc,
783 921 818 978 et
841 912 861 991 J
864 913 1008 984 ordanus
1022 915 1064 981 de
1081 915 1112 981 S.
1129 915 1296 1000 Dyonisio
1311 927 1323 953 ²
1338 915 1518 982 canonica-

159 1025 231 1081 tum
247 1022 282 1080 et
297 1017 389 1101 preb.
405 1015 545 1081 ecclesie
561 1016 593 1082 S.
611 1015 779 1083 Honorati
796 1017 954 1084 Parisien.
971 1026 1005 1084 et
1021 1018 1075 1084 SS.
1088 1018 1266 1086 Michaelis
1281 1020 1323 1086 de
1339 1019 1518 1106 Crespen'is

158 1129 194 1186 et
208 1118 326 1197 Jacobi
342 1119 385 1185 de
402 1117 650 1186 Montanoville
665 1121 870 1207 capellanias
884 1143 989 1208 perp,
1006 1122 1187 1190 Carnoten.
1203 1123 1305 1205 dioc,
1325 1143 1384 1211 per
1399 1143 1518 1209 procu-

157 1231 283 1290 ratores
298 1245 376 1290 suos
390 1245 491 1290 causa
505 1225 1020 1311 pennutacionis...resignarunt,
1033 1233 1223 1318 suppquat.
1238 1226 1331 1294 dicto
1345 1224 1516 1312 H(ugoni)

158 1327 201 1392 de
216 1328 420 1393 canonicatu
431 1336 466 1392 et
480 1331 576 1413 preb.
595 1328 627 1395 S.
645 1328 815 1395 Honorati
831 1328 995 1398 Parisien.
1015 1337 1050 1394 et
1077 1329 1273 1414 capellaniis
1299 1349 1358 1395 seu
1382 1330 1518 1415 capellis

158 1430 316 1515 predictis
339 1438 374 1497 et
397 1430 490 1497 dicto
514 1430 533 1509 J
537 1431 698 1517 (ordano)
725 1433 769 1498 de
784 1433 986 1500 canonicatu
1001 1441 1036 1500 et
1051 1435 1144 1520 preb.
1160 1432 1193 1500 S.
1209 1433 1299 1500 Petri
1315 1434 1357 1500 dc
1374 1432 1516 1500 insula...

159 1535 341 1619 dignemini
357 1534 543 1620 providere.
558 1575 603 1585 -
619 1535 694 1602 Fiat
717 1535 758 1602 R.

204 1637 284 1703 Dat.
300 1638 400 1704 Avin.
415 1637 460 1704 id.
472 1639 544 1724 julii
560 1646 593 1704 a⁰
610 1645 652 1721 7⁰.
669 1641 859 1726 (15,-148¹).

214 1774 357 1860 1395.
438 1871 441 1875 ’
1185 1793 1281 1875 1348,
1300 1811 1342 1872 15
1352 1790 1476 1872 juillet.

205 1893 328 1981 Supp...
343 1893 525 1974 Johannes,
541 1893 643 1978 episc.
660 1890 830 1974 Portuen,
854 1899 947 1976 quat.
973 1891 1159 1976 [Conrardo
1186 1891 1321 1959 Nicolai
1344 1893 1387 1958 de
1410 1892 1519 1959 Bude-

161 2018 269 2084 woys,
293 1997 417 2063 clerico
437 2003 472 2062 et
497 1995 650 2062 familiari
666 1994 756 2080 su0],
773 2005 815 2061 ³...
831 1994 875 2061 de
902 2017 975 2061 can.
992 1998 1051 2062 sub
1079 2017 1155 2082 exp.
1182 2000 1297 2083 preb...
1323 1997 1357 2062 in
1383 1997 1521 2063 basilica

161 2101 320 2187 principis
335 2101 564 2187 apostolorum
590 2099 633 2167 de
660 2098 787 2165 Urbe...
811 2098 999 2185 dignemini¹
1023 2100 1219 2186 providere;
1243 2121 1313 2166 non
1329 2104 1414 2168 obst.
1431 2100 1521 2186 quod

161 2204 369 2270 scolastriam
396 2211 431 2269 et
456 2224 529 2270 can.
545 2205 605 2269 sub
632 2224 708 2290 exp.
723 2206 816 2289 preb.
842 2203 878 2268 in
902 2203 934 2268 S.
950 2202 1124 2282 ¹Johannis
1150 2225 1190 2270 ac
1216 2225 1289 2271 can.
1306 2214 1341 2270 et
1372 2207 1463 2292 preb.
1486 2204 1521 2269 in

162 2309 195 2373 S.
208 2308 363 2394 Dyonisii
375 2307 538 2374 Leodien.
551 2315 586 2373 et
600 2316 817 2392 personatum
826 2307 869 2372 de
882 2307 1084 2373 Guaverelle
1099 2329 1125 2374 s.
1142 2328 1181 2390 0.,
1197 2309 1394 2378 Atrebaten.
1409 2309 1520 2394 dyoc,

163 2413 312 2478 noscitur
327 2411 489 2477 obtinere.
504 2449 542 2462 -
563 2410 639 2476 Fiat
656 2410 700 2478 R.

208 2515 591 2600 1101.Α1111.111.]011100
608 2523 650 2599 7⁰.
668 2516 740 2601 (15,
761 2515 864 2598 148l).

218 2651 360 2738 1396·
1193 2665 1288 2745 1348,
1306 2663 1347 2726 16
1357 2661 1479 2743 juillet.

207 2771 309 2859 Supp.
326 2761 533 2834 Christianus
558 2767 601 2833 de
618 2767 692 2833 Elst
706 2779 728 2850 ⁴,
754 2766 913 2851 magister
939 2765 973 2830 in
997 2773 1095 2830 arta
1124 2785 1159 2840 12
1188 2766 1284 2831 annis
1300 2765 1440 2848 circiter,
1467 2766 1523 2851 qui

163 2876 267 2941 etiam
288 2894 348 2961 per
362 2873 492 2958 aliquos
508 2892 616 2937 annos
641 2871 774 2937 Parisiis
789 2878 823 2935 et
849 2870 883 2934 in
908 2869 1006 2935 Rom.
1032 2870 1122 2935 curia
1149 2870 1183 2935 in
1203 2869 1373 2955 theologie
1397 2870 1524 2937 studuit

164 2980 335 3060 facultate,
351 2985 442 3062 quat.
459 2976 520 3041 sibi
537 2976 669 3041 decan.
686 2983 721 3040 et
737 2977 828 3060 preb.
856 2974 938 3039 eccl.
956 2973 987 3038 S.
1003 2972 1022 3051 J
1026 2972 1169 3038 ohannis
1195 2972 1418 3058 Trajectensis
1433 2973 1523 3059 apud

162 3081 278 3147 sedern
294 3089 403 3168 apost.
418 3101 478 3166 per
492 3089 636 3145 mortem
663 3079 832 3163 quondam
859 3077 989 3143 Alberti
1013 3076 1095 3143 dicti
1114 3075 1238 3159 Hovel,
1254 3076 1357 3162 ipsius
1383 3077 1524 3143 ecclesie

163 3186 317 3251 canonici
328 3182 528 3273 prebendati
542 3183 623 3249 dum
646 3184 794 3264 vivebat,
810 3182 866 3267 qui
894 3181 928 3246 in
947 3180 1044 3247 Rom.
1073 3180 1162 3246 curia
1177 3180 1268 3245 diem
1284 3201 1378 3245 suurn
1405 3182 1524 3247 clausit

162 3299 360 3371 extremum,
370 3288 567 3355 vacantibus
583 3306 661 3352 cum
676 3286 832 3351 omnibus
844 3282 1017 3371 juribus'et
1032 3283 1244 3371 pertinentiis
1259 3284 1326 3349 suis
1340 3284 1522 3369 dignemini

162 3393 338 3479 prouidere
351 3416 358 3469 ;
373 3413 443 3458 non
460 3394 545 3457 obst.
561 3390 652 3475 quod
668 3390 704 3455 in
713 3390 744 3454 S.
757 3389 901 3454 Servacii
918 3386 1152 3475 Trajectensis
1166 3384 1326 3451 Leodien.
1336 3387 1434 3467 dioc,
1447 3408 1522 3453 can.

162 3505 197 3564 et
211 3501 304 3583 preb.
320 3496 401 3562 etin
417 3493 577 3563 Leodien.
592 3493 741 3559 ecclesiis
768 3513 843 3558 cau.
862 3495 923 3557 sub
947 3511 1023 3576 exp.
1039 3492 1131 3577 preb.
1147 3489 1299 3556 obtinere
1323 3499 1358 3556 et
1382 3491 1472 3576 quod
1488 3491 1521 3554 in

162 3610 275 3667 vestro
290 3620 386 3666 sacro
411 3598 544 3687 palacio
570 3597 758 3683 apostolico
784 3616 882 3681 super
908 3594 1062 3681 parroch.
1089 3595 1171 3659 eccl.
1193 3594 1235 3659 de
1263 3594 1416 3677 Dinther,
1432 3594 1521 3659 dicte

160 3705 321 3770 Leodien.
336 3704 432 3786 dioc,
455 3709 613 3769 noscatur
632 3701 773 3785 litigare,
795 3720 871 3765 cunr
899 3698 1019 3764 ceteris
1045 3718 1113 3763 non
1139 3700 1224 3764 obst.
1241 3706 1278 3763 ut
1294 3698 1325 3762 in
1346 3698 1462 3763 forma.
1478 3738 1522 3747 -

162 3808 238 3873 Fiat
255 3808 295 3873 R.

204 3909 265 3976 Vel
281 3910 324 3976 de
340 3931 413 3977 can.
429 3919 464 3975 et
477 3913 570 3996 preb.
586 3909 620 3973 in
636 3908 727 3974 dicta
743 3907 824 3971 eccl.
848 3906 880 3969 S.
906 3903 926 3982 J
930 3904 1071 3970 ohannis
1085 3924 1157 3969 vac.
1175 3903 1264 3990 apud
1280 3903 1395 3969 sedern
1411 3912 1518 3989 apost.

159 4035 220 4101 per
235 4012 413 4099 [mortem]
425 4013 597 4097 quondam
607 4010 778 4076 Wilhelmi
793 4009 836 4074 de
846 4007 1207 4087 Plendeven,canonici
1219 4008 1415 4094 prebendati
1428 4009 1519 4074 dicte

160 4120 243 4184 eccl.
259 4118 290 4183 S.
306 4116 326 4195 J
330 4118 473 4183 ohannis
487 4115 711 4202 Trajectensis
725 4114 805 4179 dnm
820 4113 967 4193 rn'vebat,
992 4113 1047 4195 qui
1064 4111 1097 4175 in
1122 4110 1230 4175 Ponte
1246 4110 1369 4194 Sorgie,
1380 4111 1518 4177 11νί1110-

160 4242 237 4287 nen.
267 4222 364 4303 dioc,
380 4222 470 4287 diem
500 4242 596 4286 suum
626 4219 745 4286 clausit
774 4224 972 4295 extremum,
989 4234 1065 4279 curn
1096 4214 1250 4281 clausulis
1280 4222 1317 4279 ut
1347 4234 1454 4300 supra.
1476 4255 1519 4263 -

160 4324 238 4391 Fiat
262 4325 301 4390 R.

205 4428 284 4495 Dat.
300 4430 401 4495 Avin.
421 4448 460 4512 17
480 4426 549 4494 kal.
565 4448 639 4512 aug.
656 4434 690 4491 a⁰
707 4433 746 4509 7⁰.
764 4424 835 4509 (15,
855 4422 943 4506 172).

216 4567 355 4652 1397.
1182 4570 1277 4653 1348,
1295 4571 1337 4634 18
1353 4566 1475 4650 juillet.

204 4685 328 4771 Supp...
344 4683 516 4762 Johannes
530 4682 572 4747 de
588 4681 705 4745 Venne
721 4679 763 4744 de
780 4677 987 4757 Brabancia⁵,
1004 4694 1131 4763 pauper
1147 4673 1285 4739 clericus
1301 4671 1520 4741 Cameracen.

160 4800 416 4813 ——--

196 4845 218 4890 1.
231 4843 292 4889 Voir
309 4856 333 4889 n.
345 4844 384 4901 32,
396 4842 451 4899 109,
463 4842 518 4897 955,
533 4841 603 4887 1291.
615 4866 647 4872 -
658 4840 680 4885 2.
695 4836 757 4884 l'oir
768 4850 793 4884 n.
805 4836 860 4882 635.
873 4861 905 4867 -
918 4832 939 4880 3.
952 4832 1014 4879 Voir
1026 4846 1051 4880 n.
1064 4834 1128 4889 458;
1147 4832 1214 4879 Mon.
1232 4830 1289 4881 Vnt.
1302 4830 1375 4891 aaa,
1389 4832 1410 4891 1,
1422 4834 1478 4881 5118.
1490 4858 1522 4866 -

164 4916 187 4962 4.
204 4914 266 4961 Voir
277 4929 302 4962 n.
314 4915 369 4974 831,
382 4914 436 4972 997,
449 4914 496 4961 987
511 4927 517 4969 ;
535 4912 619 4970 Brcm,
639 4910 713 4958 Ball.
737 4909 853 4972 Traject,
874 4922 899 4955 n.
919 4908 998 4965 12513
1020 4905 1119 4965 Kirscb,
1139 4905 1266 4964 Artrratca,
1280 4904 1304 4963 I,
1318 4906 1371 4955 129.
1383 4932 1415 4940 -
1426 4909 1449 4955 5.
1461 4905 1523 4955 Voir·

164 5004 190 5036 u.
204 4988 273 5036 1379.
