3650 5675
757 504 844 579 1847,
867 505 887 569 2
908 522 997 570 mars.
1498 515 1562 580 303

198 654 262 721 srbi
277 654 364 722 alias
384 656 547 724 canonice
570 659 770 740 conferatur,
794 666 829 723 et
852 678 930 724 cum
953 658 1050 724 simili
1074 659 1249 742 beneficio,
1265 663 1390 728 totiens
1406 666 1561 748 quotiens

198 758 261 825 sibi
269 760 379 826 visum
394 760 493 826 fuerit
503 762 694 848 expediens,
706 769 897 849 permutare
913 769 948 828 et
963 771 1153 848 permutata
1167 764 1311 830 retinere
1324 788 1332 846 ;
1350 768 1561 852 quibuscum-

199 882 263 946 que
279 862 606 931 constitutionibus...
621 886 835 951 nequaquam
849 868 936 932 obst.
951 906 995 917 —
1012 865 1088 932 Fiat
1104 866 1144 932 R.

245 998 342 1059 1159Ι
361 991 449 1058 Item
464 1012 560 1079 supp.
576 994 666 1060 idem
690 984 864 1080 Philippus
882 993 941 1080 [de
960 994 1119 1081 Arbosio]
1140 996 1239 1080 quod,
1256 1017 1332 1062 curn
1350 999 1420 1083 ipse
1436 999 1469 1064 in
1485 1022 1560 1087 par-

199 1095 291 1162 roch.
307 1097 390 1162 eccl.
402 1094 445 1162 de
456 1097 610 1178 Arbosio,
623 1096 832 1163 Bisuntinen.
843 1096 941 1178 dioc,
953 1097 1107 1183 adquam
1116 1099 1201 1183 gerit
1216 1099 1442 1184 affectionem,
1460 1124 1560 1170 unam

199 1202 318 1287 capell.
345 1221 438 1287 perp.
464 1222 527 1288 pro
547 1202 677 1268 duobus
692 1202 876 1288 capellanis
891 1202 1119 1268 sustentandis
1135 1203 1226 1286 inibi,
1243 1204 1298 1288 qui
1315 1205 1460 1271 vicissim
1477 1229 1561 1274 unus

200 1326 268 1370 una
281 1305 346 1386 die,
363 1313 398 1370 et
413 1305 498 1370 alter
512 1306 577 1371 alia
592 1304 656 1388 die,
672 1327 734 1392 pro
756 1306 906 1372 remedio
930 1307 1041 1371 anime
1065 1328 1123 1372 sue
1146 1316 1182 1373 et
1206 1309 1356 1373 omnium
1377 1311 1561 1377 amicorum

200 1430 335 1476 suorum
357 1410 493 1475 missam
516 1412 683 1476 celebrare
707 1412 921 1492 tenebuntur,
948 1411 1151 1477 constituere
1176 1417 1211 1476 et
1238 1411 1392 1478 ordinare
1412 1434 1451 1480 ac
1472 1414 1561 1479 suffi-

199 1514 326 1580 cienter
350 1513 469 1580 dotare
493 1514 536 1580 de
559 1515 657 1580 bonis
680 1537 701 1580 a
725 1515 800 1581 Deo
823 1516 884 1580 sibi
909 1515 1040 1581 collatis
1055 1523 1233 1601 proponat,
1250 1503 1342 1601 quat.
1358 1517 1419 1582 sibi
1435 1517 1560 1585 dictam

199 1619 316 1704 capell.
343 1618 568 1685 constituendi
594 1627 630 1684 et
656 1618 841 1701 ordinandi,
865 1626 904 1684 ut
930 1619 1127 1704 premissum
1151 1626 1211 1699 est,
1236 1627 1270 1684 et
1289 1621 1343 1705 jus
1366 1630 1562 1706 patronatus

198 1720 310 1806 ipsius,
336 1721 427 1807 prius
453 1730 569 1787 tamen
594 1721 784 1788 ordinatam
808 1730 844 1787 et
867 1721 1024 1789 dotatam
1051 1721 1265 1803 sufficienter,
1292 1723 1409 1790 sibiet
1432 1745 1561 1791 succes-

199 1825 326 1891 soribus
342 1825 470 1911 dejure
487 1826 630 1891 naturali
649 1825 710 1891 sibi
726 1825 992 1907 succedentibus
1016 1824 1059 1891 de
1074 1825 1284 1910 benignitate
1300 1827 1387 1893 sedis
1403 1838 1510 1914 apost.
1527 1837 1561 1894 et

199 1928 305 2013 gratia
332 1929 480 2015 speciali,
515 1928 697 2014 dignemini
725 1927 920 2014 indulgere;
956 1928 1250 1994 constitutionibus
1277 1931 1560 2016 quibuscunque...

199 2052 414 2117 nequaquam
443 2035 528 2098 obst.
558 2074 602 2082 —
621 2031 705 2097 -Fiat
731 2033 828 2117 juxta
857 2032 1066 2098 taxationem
1099 2033 1269 2100 diocesani
1295 2042 1330 2100 et
1355 2035 1436 2101 alias
1460 2045 1497 2101 ut
1528 2037 1560 2101 in

201 2135 316 2202 forma.
333 2136 374 2203 R.

246 2273 344 2334 1160.
369 2266 458 2352 Sign.
478 2265 498 2344 J
501 2269 627 2332 acobus
642 2257 746 2349 Belle,
761 2270 871 2354 presb.
889 2266 1058 2335 Morinen.
1074 2268 1171 2350 dioc,
1188 2270 1325 2334 studens
1339 2269 1460 2355 injure
1475 2290 1560 2352 can,

200 2369 290 2454 quod
306 2391 383 2436 cum
404 2370 504 2436 amici
525 2371 595 2456 ejus
616 2372 772 2437 meliores
787 2380 822 2437 et
838 2372 919 2458 ipse,
937 2380 1074 2458 propter
1090 2373 1299 2455 fidelitatem,
1315 2392 1415 2459 quam
1431 2394 1562 2460 semper

199 2482 379 2540 tenuerunt
395 2481 430 2538 et
440 2482 560 2540 tenent
575 2474 619 2540 ad
633 2475 788 2542 dominos
799 2497 876 2542 suos
887 2497 1001 2561 regem
1019 2475 1159 2542 Francie
1172 2483 1206 2540 et
1218 2477 1377 2542 comitem
1395 2475 1560 2558 Flandrie,
1681 2517 1684 2524 .

199 2599 221 2642 a
235 2576 302 2642 VII
326 2578 424 2644 annis
448 2587 483 2644 et
508 2579 651 2665 amplius
675 2579 774 2665 ejecti
789 2579 857 2646 sint
872 2579 914 2645 de
932 2578 1089 2645 Flandria
1106 2597 1126 2661 ¹,
1141 2582 1297 2662 bonaque
1313 2580 1415 2665 ipsius
1429 2579 1560 2662 Jacobi,

200 2682 328 2766 quibuS,
351 2691 516 2768 tanquam
540 2683 704 2749 beneficio
727 2683 821 2764 eccl,
845 2690 1034 2763 contentus,
1051 2683 1095 2747 ad
1110 2702 1220 2748 sacros
1236 2681 1370 2764 ordines
1385 2703 1421 2746 se
1436 2682 1561 2748 fecerat

200 2787 400 2873 promoveri,
426 2809 486 2876 per
502 2788 733 2875 Flammingos
757 2797 923 2874 occupata
946 2788 1012 2854 sint
1028 2810 1036 2869 ;
1053 2787 1141 2853 unde
1158 2805 1234 2851 cum
1249 2807 1318 2852 non
1335 2785 1459 2853 habeat
1474 2786 1562 2853 unde

201 2892 313 2957 valeat
342 2893 529 2975 sustentari,
561 2913 656 2981 supp.
688 2893 728 2959 E.
756 2893 788 2959 S.
811 2892 851 2958 V.
886 2900 977 2977 quat.
1003 2892 1064 2957 sibi
1089 2893 1218 2957 nullum
1243 2891 1353 2957 adhuc
1374 2892 1452 2957 ben.
1479 2892 1561 2957 eccl.

201 3005 356 3062 assecuto
370 3018 459 3085 spec.
472 3018 519 3083 gr.
531 2997 693 3063 facientes
705 2998 747 3064 de
759 2998 968 3085 prepositura
980 2997 1012 3063 S.
1025 2996 1140 3062 Crucis
1151 2995 1186 3060 in
1199 2994 1406 3077 Northusen,
1420 2992 1561 3081 Magun-

200 3100 305 3166 tinen.
331 3101 429 3182 dioc,
452 3103 496 3168 ad
520 3123 621 3188 quam
647 3102 846 3188 prepositus,
862 3111 900 3168 ut
916 3102 1082 3182 asseritur,
1095 3100 1270 3166 consuevit
1286 3120 1345 3185 per
1360 3100 1562 3166 electionem

201 3205 333 3287 assumi,
349 3226 423 3271 vac.
439 3207 484 3271 ad
499 3226 635 3292 presens
649 3227 709 3292 per
725 3209 779 3272 ob.
795 3204 966 3290 quondam
982 3204 1180 3271 Theoderici
1199 3203 1281 3269 dicti
1303 3202 1449 3285 Brecter,
1460 3203 1561 3289 ipsius

200 3305 341 3372 ecclesie
364 3309 535 3394 prepositi,
562 3317 597 3374 et
623 3330 689 3393 que
715 3317 813 3375 tanto
839 3318 992 3397 tempore
1015 3308 1153 3373 vacavit
1177 3307 1267 3391 quod
1291 3308 1361 3392 ejus
1384 3309 1471 3388 coll,
1495 3327 1561 3372 sec.

200 3408 439 3477 Lateranensis
453 3420 581 3478 statuta
597 3413 740 3495 concilii,
758 3420 809 3479 est
824 3413 867 3479 ad
882 3413 951 3479 sed.
969 3420 1076 3498 apost.
1092 3411 1242 3497 legitime
1264 3410 1435 3492 devoluta,
1452 3412 1561 3477 eidem

198 3512 332 3591 Jacobo
344 3514 528 3601 dignemini
551 3516 748 3602 providere;
765 3538 835 3583 non
851 3520 939 3583 obst.
955 3516 1046 3601 quod
1070 3515 1240 3600 quondam
1264 3513 1491 3582 Theodericus
1518 3515 1574 3579 de·

202 3615 396 3704 Honsteym
411 3620 656 3706 preposituram
671 3621 788 3707 ipsam,
805 3622 886 3688 dum
900 3622 1040 3703 viveret,
1057 3620 1238 3687 obtinuerit
1254 3626 1452 3705 occupatam
1465 3625 1488 3684 ¹.

244 3721 325 3787 Dat.
340 3722 441 3788 Avin.
459 3727 477 3787 6
494 3744 574 3789 non.
590 3732 687 3789 mart.
704 3731 738 3789 a⁰
756 3732 797 3809 5⁰.
815 3726 886 3810 (10,
905 3726 988 3810 96l).

253 3852 381 3943 1161,
1265 3883 1359 3947 1347,
1378 3885 1396 3927 a
1413 3885 1518 3929 mars,

245 3968 347 4056 Supp.
362 3991 421 4035 rex
441 3971 645 4056 Aragonum,
662 3969 752 4055 quod
779 3990 895 4055 nuper,
920 3989 995 4034 vac.
1019 3969 1171 4054 parroch.
1195 3967 1276 4032 eccl.
1301 3969 1343 4033 de
1368 3967 1561 4047 Linscoten,

201 4073 389 4160 Trajecten.
419 4075 517 4157 dioc,
542 4094 602 4160 per
626 4076 679 4141 ob.
707 4074 877 4158 quondam
913 4071 1043 4138 Mathei
1068 4073 1111 4137 de
1137 4070 1259 4152 Hedel,
1284 4070 1392 4135 ultimi
1424 4070 1562 4135 rectoris

201 4178 360 4263 ejusdem,
390 4178 562 4263 quondam
593 4178 792 4264 Rodolphus
821 4177 989 4255 Johannis
1018 4176 1061 4242 de
1092 4174 1266 4256 Hoesden,
1297 4176 1375 4241 cler.
1412 4174 1561 4260 ejusdem

200 4282 297 4364 dioc,
329 4284 438 4370 ipsam
467 4284 621 4370 parroch.
652 4282 745 4363 eccl,
761 4282 809 4347 sic
833 4301 893 4367 per
926 4283 979 4347 ob.
1007 4279 1088 4345 dicti
1113 4279 1283 4363 quondam
1315 4277 1447 4344 Mathei
1476 4298 1561 4359 vac,

200 4385 350 4470 legitime
364 4386 556 4472 acceptavit
571 4394 607 4451 et
621 4385 683 4452 sibi
699 4384 778 4451 fecit
801 4382 970 4469 provideri
992 4384 1035 4448 de
1051 4382 1180 4463 eadem,
1193 4381 1316 4447 virtute
1332 4382 1439 4466 gratie
1453 4389 1561 4468 apost.

201 4489 236 4553 in
252 4491 422 4556 communi
435 4491 539 4557 forma
553 4510 737 4577 pauperum
753 4488 814 4554 sibi
831 4487 921 4553 facte
937 4508 998 4573 per
1022 4486 1054 4553 S.
1071 4485 1110 4553 V.
1136 4486 1179 4552 de
1194 4489 1270 4551 ben.
1287 4488 1369 4553 eccl.
1386 4492 1562 4573 spectante

201 4592 244 4657 ad
267 4594 373 4659 coll...
391 4593 464 4661 dec.
488 4602 524 4659 et
539 4616 613 4681 cap.
630 4596 712 4661 eccl.
729 4593 760 4660 S.
777 4592 959 4659 Salvatoris
973 4591 1162 4677 Trajecten.
1178 4613 1187 4671 ;
1208 4590 1262 4656 cui
1278 4591 1413 4675 quidem
1437 4590 1562 4657 Rodol-

233 4765 262 4827 α)
275 4765 316 4813 En
327 4780 414 4829 merge
429 4782 436 4814 r
448 4750 522 4828 Nota,
534 4766 602 4832 quod
613 4770 663 4817 ista
674 4782 723 4817 awa
734 4770 789 4816 erat
800 4766 909 4829 siquam,
922 4769 945 4814 et
958 4766 1093 4830 repieta-uta
1105 4768 1139 4812 est
1152 4778 1182 4813 ee
1196 4764 1203 4810 i
1207 4762 1258 4811 aad
1261 4765 1389 4813 vertentia.

235 4952 258 5000 l.
269 4950 332 5000 Voir
342 4966 368 5001 n.
380 4954 495 5002 532-548.
518 4988 521 4993 -
