3650 5675
306 517 348 582 7⁶
869 513 957 588 1343,
981 512 1017 577 10
1039 512 1106 578 mai.

357 666 474 754 358·
1377 700 1472 764 1543,
1489 699 1531 744 ro
1549 683 1625 747 mai.

352 786 453 870 Supp.
480 782 543 848 Ivo
558 783 601 848 de
627 780 874 866 Montigniaco,
901 780 1007 862 mileS,
1035 781 1124 847 dom.
1148 802 1262 868 regum
1288 781 1431 849 Francie
1454 792 1490 848 et
1517 783 1669 850 Navarre

309 889 530 974 hospitiorum
544 885 711 971 magister,
729 893 820 970 quat.
836 885 977 970 Simoni
994 885 1036 951 de
1061 884 1192 966 Crechi,
1208 886 1250 951 de
1275 885 1386 970 aliquo
1401 889 1478 952 ben.
1495 890 1577 954 eccl.
1594 909 1622 954 c.
1639 910 1668 955 c.

308 995 363 1059 vel
378 1015 404 1059 S.
420 1014 460 1073 c.,
471 992 564 1077 cujus
576 991 742 1056 fructus...
756 1011 923 1056 summam
940 1010 999 1055 100
1011 989 1067 1054 lib.
1080 989 1158 1055 Tur.
1170 1011 1275 1076 parv„
1286 1012 1352 1057 sec.
1366 999 1435 1057 tax.
1447 992 1587 1073 decime,
1599 1014 1667 1060 non

308 1097 485 1178 excedant,
501 1103 678 1181 spectante
694 1095 737 1160 ad
752 1095 828 1160 coll.
845 1097 921 1159 abb.
937 1101 972 1158 et
988 1113 1086 1158 conv.
1103 1095 1297 1160 monasterii
1313 1095 1356 1161 de
1374 1095 1560 1178 Jumeticis,
1579 1096 1619 1162 0.
1636 1096 1668 1163 S.

309 1200 358 1282 Β,
376 1201 625 1284 Rothomagen.
637 1199 734 1278 dioc,
751 1197 842 1284 [vac.
858 1200 913 1262 vel
929 1196 1186 1284 vacat.],eidem
1196 1199 1380 1284 dignemini
1390 1201 1564 1286 prouidere
1577 1225 1585 1281 ;
1599 1221 1668 1266 non

307 1309 395 1370 obst.
420 1303 511 1388 quod
537 1303 626 1368 idem
653 1302 781 1386 Symon
807 1321 880 1366 can.
908 1309 944 1365 et
968 1303 1060 1386 preb.
1086 1302 1168 1367 eccl.
1192 1302 1224 1368 S.
1249 1302 1425 1387 Gaugerici
1450 1303 1669 1369 Cameracen.

309 1410 461 1474 obtinere
476 1416 634 1473 noscatur
649 1418 670 1472 ¹.
682 1447 730 1472 ,-
743 1404 820 1470 Fiat
836 1427 940 1490 usque
956 1406 1000 1471 ad
1015 1425 1180 1471 summam
1198 1411 1237 1471 60
1254 1407 1309 1472 lib.
1323 1428 1352 1474 c.
1369 1427 1408 1488 c.,
1421 1428 1462 1491 40
1478 1429 1503 1473 a.
1514 1429 1542 1474 c.
1559 1407 1600 1486 R.

353 1530 433 1594 Dat.
449 1529 547 1594 Avin.
566 1533 583 1592 6
600 1529 644 1594 id.
660 1528 740 1592 maii
756 1534 791 1592 a⁰
810 1535 849 1592 1⁰.
867 1528 918 1612 (2,
939 1527 1026 1611 183).

360 1666 475 1753 359.
1379 1703 1397 1746 r
1398 1701 1442 1766 54
1442 1701 1475 1766 3,
1493 1703 1534 1747 ro
1551 1704 1628 1748 mm.

353 1785 454 1871 Supp.
482 1783 669 1869 Gregorius,
694 1785 883 1871 prepositus
910 1784 1101 1865 Chasmen.,
1128 1784 1323 1870 Zagrabien.
1350 1786 1447 1867 dioc,
1472 1787 1614 1854 nuncius
1637 1797 1672 1852 et

308 1891 519 1955 ambaxiator
542 1890 628 1974 regis
645 1888 829 1975 Hongarie,
846 1897 937 1973 quat.
956 1889 1050 1976 [cler.
1076 1911 1137 1954 suo
1159 1898 1192 1954 et
1208 1889 1312 1955 famil.
1341 1889 1540 1977 Raymarol
1566 1913 1670 1976 quon-

309 1994 387 2059 dam
404 1993 563 2078 Rapum
580 1993 660 2059 dicti
677 1993 719 2059 de
745 1995 822 2074 Are,
839 1993 921 2058 ciris
936 1993 1113 2078 Aquensis,
1130 1993 1290 2060 Leodien.
1306 1993 1403 2074 dioc,
1418 1996 1546 2059 nullum
1562 1995 1670 2060 adhuc

311 2100 392 2163 eccl.
408 2100 484 2163 ben.
501 2106 664 2178 assecut0,
675 2098 717 2163 de
728 2118 801 2163 can.
817 2106 851 2161 et
867 2100 959 2182 preb.
976 2098 1057 2162 eccl.
1071 2097 1102 2161 S.
1119 2097 1258 2162 Servatii
1275 2097 1506 2182 Trajectensis,
1524 2099 1669 2182 ejusdem

311 2200 471 2266 Leodien.
488 2201 585 2281 dioc,
601 2222 676 2267 vac.
689 2203 744 2266 vel
754 2209 873 2280 vacat,
886 2201 1069 2285 dignemini
1080 2201 1256 2286 providere
1269 2223 1278 2280 ;
1291 2222 1359 2267 non
1376 2204 1462 2267 obst.
1479 2203 1567 2286 quod
1583 2202 1670 2267 idem

313 2305 512 2390 Raymarus‚
529 2314 617 2372 auct.
624 2307 809 2371 litterarum
825 2313 935 2370 vestre
952 2313 1060 2391 apost.
1077 2306 1108 2371 S.
1125 2306 1158 2370 in
1179 2307 1348 2371 communi
1366 2306 1472 2372 sonna
1488 2327 1671 2392 pauperum

312 2411 527 2474 obtentarum
543 2431 620 2475 cum
636 2409 814 2474 sufficienti
831 2409 941 2489 titulo,
962 2409 1120 2475 videlicet
1145 2413 1234 2475 bene
1258 2430 1317 2495 per
1344 2411 1468 2492 omnia,
1490 2414 1568 2476 ben.
1591 2411 1672 2475 eccl.

312 2532 340 2578 c.
357 2533 386 2578 c.
402 2513 457 2576 vel
473 2534 497 2577 s.
525 2533 565 2594 c.,
590 2521 748 2598 spectans
774 2516 998 2582 communiter
1024 2518 1078 2581 vel
1104 2516 1239 2582 divisim
1264 2517 1308 2582 ad
1333 2518 1408 2582 coll.
1425 2518 1501 2580 abb.
1517 2524 1552 2580 et
1576 2536 1672 2581 conr.

310 2620 505 2684 monasterii
531 2618 562 2683 S.
587 2618 733 2685 Cornelii
760 2620 923 2701 lndensiS,
952 2620 993 2686 Ο.
1019 2621 1051 2686 S.
1076 2619 1125 2700 Β,
1151 2620 1327 2686 Colonien.
1350 2620 1447 2700 dioc„
1475 2619 1519 2685 ad
1542 2640 1584 2684 ea
1610 2640 1673 2703 que

310 2724 439 2789 habent
462 2722 613 2788 conferre
629 2724 663 2788 in
675 2725 762 2791 dioc.
775 2725 936 2792 Leodien.
952 2733 1161 2804 vacaturum,
1174 2725 1357 2790 dinoscitur
1367 2731 1546 2808 expectare
1559 2747 1567 2802 ;
1584 2722 1673 2808 quod

310 2828 513 2894 beneficium
529 2828 638 2894 eidem
653 2850 824 2895 reservare
839 2828 1022 2915 dignemini
1039 2829 1073 2893 in
1089 2850 1150 2894 suo
1165 2831 1284 2895 robore
1295 2836 1331 2894 et
1342 2829 1456 2914 vigore
1468 2848 1672 2915 permanere.

312 2972 356 2980 —
372 2931 449 2995 Fiat
463 2931 503 2996 R.

358 3035 436 3100 Dat.
453 3035 552 3099 Avin.
571 3039 588 3098 6
606 3035 648 3101 id.
664 3036 744 3100 maii
761 3044 793 3101 a⁰
813 3044 852 3101 1⁰.
870 3038 921 3122 (2,
942 3038 1028 3120 190).

366 3172 619 3258 360-363.
1385 3208 1479 3271 1345,
1497 3207 1538 3251 ιο
1554 3188 1630 3251 mal.

360 3290 461 3376 Supp.
477 3290 668 3357 Walramus
682 3291 725 3357 de
740 3291 997 3371 Valkenborch²,
1014 3291 1119 3371 miles,
1137 3291 1321 3357 filiusdom.
1339 3290 1515 3372 Jolrannis,
1531 3292 1621 3357 dom.
1633 3291 1674 3356 de

317 3391 428 3457 Bome
442 3402 478 3458 et
493 3394 536 3459 de
553 3393 703 3480 Herpen,
719 3403 811 3479 quat.
824 3393 1026 3459 Helizabeth
1043 3395 1084 3460 de
1095 3394 1231 3479 Steyne,
1242 3395 1379 3460 moniali
1390 3395 1431 3460 de
1443 3394 1674 3473 Herkenrode,

315 3497 385 3562 ord.
402 3495 494 3577 cisa,
511 3497 671 3564 Leodien.
686 3499 784 3578 dioc,
800 3499 843 3564 de
858 3498 1064 3564 subdiacono
1084 3498 1198 3583 genita
1215 3507 1249 3563 et
1270 3498 1407 3563 moniali
1431 3497 1473 3563 Ο.
1490 3499 1521 3565 S.
1538 3497 1586 3579 Β,
1602 3518 1675 3582 gra-

314 3599 395 3663 tiam
421 3601 601 3685 specialem
624 3601 796 3682 facientes
824 3610 862 3667 ut
886 3601 976 3667 dicta
1003 3600 1207 3666 Helizabeth
1223 3602 1267 3667 ad
1281 3602 1472 3667 habendum
1497 3622 1615 3667 vocem
1641 3602 1674 3665 in

314 3697 462 3789 capitulo
485 3712 520 3768 et
546 3704 590 3769 ad
616 3704 729 3769 omnia
754 3705 820 3769 alia
847 3706 879 3769 in
903 3705 995 3771 dicto
1011 3726 1071 3770 suo
1086 3705 1291 3771 monasterio
1307 3726 1347 3771 ac
1374 3706 1452 3770 alibi
1479 3705 1676 3770 admittatur

314 3817 349 3872 et
372 3809 553 3893 recipiatur
579 3817 616 3873 ut
640 3808 788 3892 quelibet
813 3809 961 3893 legitime
988 3817 1077 3889 nata,
1104 3809 1293 3894 hujusmodi
1321 3810 1454 3876 defectu
1480 3829 1550 3874 non
1576 3811 1674 3889 obst,

314 3932 428 3977 secum
443 3912 627 3997 dignemini
643 3912 846 3998 dispensare.
861 3954 905 3961 -
922 3913 997 3978 Fiat
1014 3913 1054 3978 R.

358 4058 436 4119 361.
454 4050 541 4118 Item
557 4072 652 4137 supp.
669 4051 758 4118 idem
772 4052 878 4133 miles,
894 4060 986 4137 quat.
1006 4050 1175 4138 [Henrico
1201 4053 1243 4118 de
1270 4052 1364 4117 Baex
1375 4059 1396 4132 ³,
1413 4050 1574 4118 Leodien.
1589 4051 1674 4117 dioc.

314 4155 453 4243 presb.],
469 4164 515 4237 ut,
531 4177 600 4222 non
617 4159 703 4222 obst.
719 4156 809 4240 quod
825 4156 914 4222 idem
929 4159 1048 4241 presb„
1065 4155 1098 4219 in
1115 4155 1275 4222 vicesimo
1291 4177 1349 4223 sue
1364 4155 1463 4221 etatis
1481 4176 1572 4221 anno
1596 4176 1676 4221 con-

314 4259 460 4339 stitutus,
484 4260 566 4343 juris
591 4260 732 4343 ignarus
757 4260 900 4345 adeptus
916 4258 978 4324 fuit
993 4258 1036 4324 de
1064 4258 1163 4339 lact0,
1188 4259 1269 4324 alias
1292 4267 1407 4325 tamen
1433 4260 1506 4340 rite,
1523 4268 1675 4327 curatum

314 4362 403 4441 ben,
431 4364 523 4446 cujus
549 4363 751 4429 redditus...
775 4365 842 4429 val.
868 4383 909 4427 20
925 4362 981 4427 lib.
997 4362 1076 4427 Tur.
1091 4383 1186 4448 parv.
1207 4384 1276 4428 non
1304 4363 1481 4444 excedunt,
1498 4373 1533 4429 et
1557 4365 1591 4428 in
1615 4384 1676 4429 suo

314 4466 475 4530 vicesimo
496 4466 615 4550 quinto
640 4487 731 4531 anno
755 4466 799 4531 ad
822 4466 956 4532 ordines
970 4465 1208 4551 presbiteratus
1222 4474 1406 4551 promotus,
1424 4466 1614 4551 fructusque
1641 4475 1675 4531 et

242 4618 252 4627 .
312 4578 497 4655 proventus
512 4569 593 4635 dicti
609 4570 764 4634 beneficii
780 4590 801 4634 a
815 4577 968 4654 tempore
983 4570 1073 4635 dicte
1095 4570 1284 4635 collationis
1309 4570 1460 4657 percepit
1486 4579 1521 4635 et
1548 4571 1582 4634 in
1609 4570 1676 4637 suis

313 4673 567 4738 necessitatibus
594 4680 628 4737 et
653 4672 902 4738 infirmitatibus
928 4672 1037 4739 adhuc
1061 4672 1258 4739 durantibus
1285 4674 1556 4760 consumpserit;
1584 4680 1676 4758 quat.

348 4899 369 4945 1.
382 4897 406 4944 ll
416 4902 453 4945 est
467 4896 518 4945 cite
530 4897 553 4944 le
565 4899 595 4944 27
608 4895 664 4957 juin
677 4898 740 4944 1347
753 4896 798 4958 (ele
810 4897 1053 4957 Limburg-Stirum,
1071 4897 1139 4948 (aa.
1148 4898 1179 4948 de
1191 4898 1268 4947 Liuiis
1280 4897 1310 4947 de
1322 4899 1400 4960 alan,
1412 4900 1431 4960 l,
1445 4899 1504 4960 390)
1516 4913 1522 4956 ;
1533 4898 1567 4947 cf.
1576 4897 1675 4957 Mollat,

314 4986 340 5021 n.
351 4972 391 5020 ar.
403 4998 434 5007 -
446 4974 469 5019 2.
482 4970 522 5019 cr.
534 4984 559 5018 n.
571 4972 626 5018 aar.
638 4996 671 5009 -
683 4972 705 5018 a.
718 4970 818 5029 amca,
832 4969 907 5029 maa,
921 4973 976 5021 aaa.
