3650 5675
698 524 788 597 1344,
811 527 844 590 18
862 525 991 606 J‘anvier.
1086 613 1087 616 Ἴ
1469 529 1526 594 148

163 679 349 744 Donatiani
377 678 565 764 Brugensis,
595 679 784 745 Tomacen.
820 679 918 759 dioc,
943 678 1168 758 ecclesiarum,
1205 698 1288 762 quos
1315 681 1524 763 obtinebant,

161 783 380 848 intendentes
406 784 481 849 illos
495 783 537 849 ad
562 783 707 848 invicem
730 791 931 869 permutare,
957 783 989 847 in
1015 782 1170 848 manibus
1192 782 1232 847 R.
1258 782 1295 847 Ρ.
1312 783 1401 849 dom.
1429 783 1526 869 G(ui·

160 887 288 970 donis),
312 887 365 953 tit.
391 887 422 953 S.
450 887 574 953 Cecilie
599 888 708 972 presb.
733 886 834 966 card,
859 908 902 950 ex
925 907 1026 952 causa
1043 885 1300 972 permutationis
1326 887 1524 973 hujusmodi,

161 991 414 1075 resignaverint,
431 999 466 1056 et
481 991 571 1057 idem
589 988 628 1055 R.
645 989 682 1055 P.
698 990 939 1074 resignationes
954 989 1143 1075 hujusmodi
1170 989 1212 1054 de
1237 990 1398 1056 mandato
1414 1002 1525 1059 vestro

161 1095 348 1180 receperit;
375 1094 559 1179 dignemini
583 1095 736 1179 predicto
760 1094 900 1159 domino
926 1093 1108 1178 J(0nanni)
1126 1095 1215 1160 card.
1242 1094 1284 1160 de
1299 1095 1473 1177 decanatu,
1491 1105 1526 1163 et

163 1199 322 1286 Philippo
336 1200 380 1266 de
396 1221 471 1265 can.
487 1209 522 1265 et
538 1204 630 1286 preb.
646 1197 813 1285 predictis,
823 1197 1010 1282 providere,
1026 1198 1129 1262 etiam
1147 1198 1174 1263 si
1189 1197 1383 1281 decanatus
1396 1221 1435 1266 ac
1451 1222 1524 1267 can.

164 1312 199 1368 et
214 1306 307 1389 preb.
322 1304 474 1390 predicti,
491 1306 544 1370 vel
561 1325 677 1371 eorum
692 1303 787 1381 alter,
798 1301 864 1366 sint
880 1301 964 1366 alias
976 1301 1165 1386 specialiter
1173 1301 1227 1366 vel
1244 1304 1444 1386 generaliter
1455 1305 1523 1371 sedi

164 1417 274 1492 apost.
286 1408 447 1473 reservati
463 1431 472 1488 ;
488 1429 558 1474 non
578 1411 664 1473 obst.
678 1404 851 1472 beneficiis
866 1425 931 1488 que
946 1405 1116 1490 predictus
1142 1405 1232 1470 dom.
1248 1404 1279 1483 J.
1296 1407 1427 1473 obtinet
1442 1431 1450 1488 ;
1468 1429 1526 1474 seu

162 1511 255 1595 quod
279 1511 391 1577 dictus
405 1510 579 1598 Philippus
606 1531 681 1576 can.
697 1517 732 1575 et
755 1510 847 1595 preb.
863 1510 945 1574 eccl.
963 1509 1182 1575 Cameracen.
1198 1511 1347 1576 noscitur
1364 1513 1524 1596 obtinere,

161 1624 199 1679 et
222 1614 333 1680 eidem
357 1615 570 1701 provideritis
595 1614 638 1681 de
664 1634 740 1680 can.
757 1616 818 1678 sub
834 1632 908 1699 exp.
925 1615 1016 1698 preb.
1034 1613 1066 1677 in
1093 1614 1175 1679 eccl.
1192 1613 1350 1680 Parisien.
1366 1617 1525 1701 predicta,

161 1741 229 1804 que
254 1720 411 1805 provisio,
428 1720 675 1806 quamprimum
701 1739 775 1784 can.
791 1725 826 1783 et
841 1721 933 1803 preb.
959 1716 1117 1782 Parisien.
1145 1717 1370 1802 predictorum
1397 1740 1525 1805 posses-

161 1824 295 1889 sionem
311 1823 486 1908 pacificam
502 1823 601 1888 fuerit
617 1831 797 1904 assecutus,
814 1823 928 1888 existit
940 1821 1062 1887 nullius
1077 1821 1204 1886 roboris
1221 1823 1275 1886 vel
1290 1825 1463 1888 momenti.
1483 1865 1526 1876 -

164 1927 244 1993 Fiat
259 1947 321 2013 pro
335 1916 488 2011 utroque.
506 1927 546 1994 R.

210 2032 289 2097 Dat.
304 2032 405 2096 Asin.
422 2038 458 2097 16
475 2031 543 2098 kal.
558 2032 636 2098 febr.
652 2040 685 2097 a⁰
702 2039 744 2097 2⁰.
761 2033 809 2116 (3,
826 2031 862 2096 P.
880 2029 925 2111 11,
947 2032 1048 2114 130⁸).

218 2170 331 2253 622.
1175 2198 1271 2264 1344,
1288 2182 1330 2244 18
1340 2179 1482 2261 Januier.

210 2289 312 2375 Supp.
329 2289 430 2354 lamii.
446 2296 558 2354 vester
573 2288 699 2372 Symon
727 2285 892 2366 Mauricii,
910 2284 1106 2350 Parisiensis
1122 2301 1142 2363 ¹,
1159 2291 1250 2367 quat.
1266 2284 1327 2350 sibi
1344 2286 1385 2351 de
1402 2309 1475 2354 can.
1492 2299 1526 2355 et

166 2395 261 2480 preb.
277 2394 359 2458 eccl.
375 2393 407 2458 S.
424 2392 579 2477 Dyonisii
597 2391 768 2470 Leodien.‚
784 2411 857 2456 vac.
872 2410 933 2475 per
948 2391 1002 2454 ob.
1018 2407 1106 2472 mag.
1123 2385 1224 2452 Blasii
1241 2387 1283 2452 de
1299 2388 1415 2456 Cassia
1432 2405 1453 2472 ²,
1470 2396 1525 2477 qui

165 2517 273 2582 nuper
287 2496 321 2560 in
339 2495 437 2561 Rom.
460 2516 528 2562 cur.
555 2494 645 2561 diem
671 2495 791 2561 clausit
815 2501 1013 2572 extrennnn,
1040 2491 1149 2555 eidem
1176 2490 1315 2574 Syrnoni
1342 2492 1526 2576 dignemini

164 2599 342 2685 providere
358 2623 367 2679 ;
393 2619 462 2664 non
478 2601 564 2666 obst.
581 2619 779 2684 quacunque
803 2595 1029 2662 reservatione
1045 2594 1087 2659 de
1108 2592 1206 2658 dictis
1222 2614 1297 2658 can.
1310 2603 1344 2659 et
1360 2599 1451 2681 preb.
1467 2620 1528 2683 per

166 2725 229 2770 ros
243 2725 302 2770 seu
318 2703 569 2790 predecessores
583 2712 713 2769 vestros
729 2702 818 2768 fucta
834 2724 842 2780 3
860 2721 919 2766 seu
934 2698 1024 2783 quod
1040 2718 1115 2763 can.
1131 2704 1166 2760 et
1182 2698 1274 2782 preb.
1290 2700 1370 2764 eccl.
1387 2700 1418 2764 S.
1436 2700 1525 2767 Petri

166 2807 339 2891 Leodien.‚
356 2816 391 2875 et
406 2808 578 2894 quandam
594 2809 712 2895 capell.
727 2827 820 2893 perp.
837 2805 870 2870 in
883 2805 966 2871 eccl.
983 2804 1014 2869 S.
1032 2801 1121 2869 Petri
1138 2801 1180 2867 de
1197 2800 1320 2885 Insula,
1337 2803 1366 2869 T
1368 2825 1531 2879 ornacen.

166 2914 266 2994 dioc,
281 2913 431 2979 noscitur
445 2915 607 2979 obtinere.
622 2953 666 2962 —
682 2911 759 2977 Fiat
775 2910 815 2977 R.

212 3016 291 3082 Dat.
307 3016 408 3081 Arin.
429 3037 464 3101 15
481 3014 549 3082 kal.
566 3016 647 3082 febr.
662 3023 695 3081 a⁰
712 3024 754 3081 2⁰.
771 3017 819 3100 (3,
836 3013 873 3080 P.
890 3013 936 3094 II,
958 3014 1059 3097 129⁸).

219 3154 461 3239 623-631.
1175 3163 1482 3251 1344,18janv1·er.

211 3272 267 3336 8¹¹¹·
283 3271 392 3339 Pater.
408 3272 496 3338 Cum
510 3271 578 3337 dux
594 3269 773 3335 Brabantie
788 3268 877 3354 apud
886 3267 965 3334 VaS.
978 3269 1170 3351 obtinuerit,
1181 3268 1271 3355 quod
1286 3270 1526 3335 monasterium

167 3376 200 3441 S.
212 3375 386 3442 Gertrudis
401 3371 918 3475 Lovaniensis,Lcodien.dioc.,
938 3372 971 3435 in
993 3374 1163 3438 abbatiam
1184 3373 1363 3457 erigeretur
1372 3393 1393 3455 ³,
1413 3373 1532 3459 digne--

166 3480 250 3545 mini
281 3480 466 3547 concedere
493 3479 584 3563 quod
613 3477 716 3542 etiam
742 3477 931 3562 prepositus
956 3475 1037 3541 dicti
1061 3478 1253 3543 monasterii
1281 3478 1470 3564 preficiatur
1492 3479 1529 3543 in.

166 3586 324 3651 abbatem
351 3592 386 3650 et
406 3583 467 3650 sibi
494 3603 554 3668 per
580 3581 797 3649 diocesanum
823 3600 945 3645 munus
970 3580 1215 3648 benedictionis
1242 3583 1463 3669 impendatur.
1486 3624 1528 3632 —

170 3686 198 3751 1³
200 3689 248 3754 iat
264 3688 304 3754 R.

211 3830 298 3892 624.
315 3824 417 3910 Supp.
434 3844 508 3909 cap.
525 3830 646 3902 vester,
664 3819 832 3886 Henricus
840 3820 951 3885 dictus
963 3818 1087 3901 Coeke,
1097 3822 1139 3887 de
1154 3822 1310 3887 Bruxella
1321 3841 1341 3903 ⁴,
1358 3822 1430 3887 dec.
1447 3826 1529 3890 eccl.

168 3928 208 3993 B.
221 3926 271 3993 M.
286 3926 600 4006 Tenremondensis,
617 3925 833 3991 Cameracen.
849 3924 946 4005 dioc,
963 3934 1055 4010 quat.
1072 3933 1108 3991 ut
1123 3926 1245 3991 stando
1261 3926 1294 3989 in
1307 3924 1418 3991 studio
1429 3946 1534 4011 gene--

167 4032 228 4097 rali
245 4032 297 4097 vel
314 4032 349 4097 in
364 4052 433 4097 uno
447 4034 525 4097 ben.
541 4050 675 4095 suorum
702 4027 887 4109 residendo,
916 4028 1081 4095 fructus...
1109 4028 1260 4094 omnium
1285 4029 1425 4094 aliorum
1451 4032 1529 4096 ben.

168 4156 313 4217 suorum,
330 4156 359 4201 c.
375 4155 404 4200 c.
420 4135 474 4199 vel
491 4156 515 4200 s.
532 4155 572 4214 c.,
589 4154 653 4218 que
669 4131 711 4198 ad
726 4151 862 4217 presens
877 4132 1008 4198 obtinet
1024 4135 1078 4198 vel
1102 4134 1135 4195 in
1158 4140 1329 4217 posterum
1352 4133 1527 4213 obtinebit,

168 4239 270 4303 etiam
286 4239 312 4303 si
329 4259 433 4303 unum
449 4257 566 4302 eorum
581 4236 670 4319 dign.
686 4236 739 4300 vel
755 4256 842 4322 pers.
866 4257 895 4302 c.
911 4257 940 4302 c.
957 4237 1088 4315 existat,
1099 4256 1175 4301 cum
1192 4256 1232 4299 ea
1249 4235 1440 4320 integritate
1455 4258 1528 4322 per-

168 4343 279 4429 cipere
294 4343 418 4423 raleat,
434 4362 512 4407 cum
528 4361 593 4425 qua
616 4340 691 4406 illos
707 4341 895 4426 perciperet
916 4341 942 4405 si
959 4340 992 4403 in
1010 4340 1073 4404 illis
1098 4338 1318 4425 personaliter
1341 4338 1499 4406 resideret
1519 4364 1527 4422 ;

169 4446 346 4513 cotidianis
378 4444 666 4512 distributionibus
696 4444 855 4530 exceptis,
887 4443 1033 4528 quandiu
1064 4443 1134 4528 ipse
1176 4442 1306 4523 vixerit,
1346 4443 1528 4527 dignemini

171 4550 341 4637 indulgere
356 4574 365 4632 ;
383 4550 430 4616 ita
445 4549 536 4635 quod
552 4548 685 4613 interim
695 4549 738 4614 ad
752 4546 965 4613 residendum
978 4546 1010 4611 in
1026 4545 1126 4612 dictis
1141 4546 1343 4613 beneficiisa
1359 4568 1532 4633 quoquam

170 4656 326 4743 compelli
342 4674 412 4720 non
428 4654 534 4740 possit
549 4675 557 4732 ;
574 4672 641 4718 non
670 4653 755 4717 obst.
779 4652 805 4716 si
833 4652 866 4715 in
890 4650 989 4717 dictis
1014 4649 1186 4715 beneficiis
1210 4672 1279 4716 non
1295 4650 1411 4718 fecerit
1436 4672 1530 4717 suam

170 4760 314 4846 primam
329 4757 547 4825 residentiam
570 4757 793 4843 personalem.
809 4796 853 4807 -
868 4753 944 4820 Fiat
959 4755 1003 4820 ad
1017 4752 1198 4820 triennium
1214 4754 1253 4821 R.

204 4980 225 5026 l.
237 4978 299 5027 l'oir
311 4994 336 5027 n.
350 4980 373 5029 8.
385 5006 418 5013 -
429 4979 452 5027 2.
464 4976 565 5039 Kirsclr,
577 4975 716 5036 normas.
729 5004 761 5011 -
772 4977 795 5024 a.
805 4974 869 5023 Voir
878 4988 904 5022 n.
917 4974 971 5021 tul.
984 5002 988 5007 -
1002 5002 1009 5007 -
1027 4974 1049 5021 l.
1062 4973 1123 5020 Voir·
1135 4987 1158 5023 n.
1171 4975 1225 5023 205.
