3650 5675
717 532 804 609 1345,
826 534 923 599 27-28
942 534 1018 616 juin.
1491 536 1548 608 215

228 686 404 770 Amoldus',
429 688 514 753 filius
546 686 704 751 Willelnri
732 686 774 752 de
801 685 940 767 Goceni,
972 684 1049 755 clei.
1080 684 1240 751 Leodien.
1268 686 1365 767 diod,
1396 687 1440 753 ad
1470 688 1547 762 coli.

181 792 377 861 monasterii
394 791 425 858 S.
442 792 461 871 J
464 792 571 872 acobi‚
587 790 630 856 O.
647 791 678 859 S.
695 790 744 873 B.,
761 791 845 857 infra
860 812 973 858 muros
989 790 1149 863 Leodien.

228 952 309 1015 866.
326 947 345 1026 J
348 948 507 1027 ohannes,
524 947 633 1014 dictus
647 946 834 1027 Harnelart,
850 946 927 1013 cler.
940 946 1088 1019 Leodien
1099 947 1197 1029 diue,
1210 947 1253 1013 ad
1265 949 1341 1023 coll.
1352 949 1545 1031 monasterii

183 1052 216 1117 S.
232 1047 408 1134 Trudonis,
425 1053 467 1118 O.
484 1052 516 1118 S.
533 1051 582 1133 Β.,
597 1051 688 1118 dicte
704 1052 790 1118 dioc.
808 1054 856 1133 (9,
876 1056 960 1135 66‘).
995 1050 1000 1063 '

226 1154 398 1234 Johannes
422 1154 559 1237 Bucbe,¹
574 1157 651 1222 cler.
667 1156 851 1222 Tornacen.
878 1155 977 1237 dioc„
1002 1154 1046 1227 ad
1073 1155 1148 1221 coll.
1176 1150 1368 1225 monasterii
1393 1154 1426 1223 S.
1454 1156 1543 1227 Petri

183 1258 369 1327 Gandensis
384 1260 426 1326 O.
443 1260 474 1326 S.
491 1259 541 1342 Β.,
557 1260 647 1327 dicte
663 1259 751 1326 dioc.
767 1301 810 1310 —
827 1258 902 1325 Fiat
921 1259 960 1326 R.
977 1261 1026 1348 (9,
1042 1265 1109 1345 67).

226 1422 307 1483 867.
324 1415 519 1501 Supplicant
533 1435 594 1501 pro
609 1414 857 1501 dispensatione
873 1436 972 1501 super
985 1416 1120 1487 defectu
1134 1416 1296 1483 natalium
1318 1436 1325 1482 :

225 1516 245 1596 J
248 1520 397 1585 ohannes
412 1518 431 1597 J
434 1519 530 1585 acobi
546 1518 589 1584 de
605 1518 773 1601 Penestre,
791 1521 868 1586 cler.
887 1520 1055 1593 Morinen.
1071 1520 1159 1588 dioc.

225 1621 373 1701 Jacobus
398 1621 516 1701 Jacobi
543 1622 585 1689 de
612 1623 782 1709 ZagarolO,
810 1625 887 1690 cler.
916 1624 1082 1695 Morinen.
1106 1625 1193 1692 dioc.
1217 1665 1259 1677 -
1283 1625 1358 1691 Fiat
1374 1625 1407 1698 in
1423 1626 1541 1692 forma.

181 1730 230 1811 (s,
249 1731 313 1813 68).

227 1890 310 1953 868.
328 1884 524 1971 Supplicant
539 1904 601 1971 pro
616 1885 853 1951 tabellionatus
869 1884 983 1951 officio
1000 1905 1008 1951 ε

227 1989 378 2055 Andreas
395 1988 509 2070 Grani,
529 1991 606 2056 cler.
631 1988 799 2055 Morinen.
816 1990 902 2056 dioc.

228 2094 345 2161 Petrus
362 2094 494 2181 Freyne
509 2106 528 2175 ¹,
544 2097 621 2160 cler.
638 2093 824 2160 Tornacen.
840 2092 927 2159 dioc.
945 2096 994 2177 (9,
1013 2096 1095 2180 68').

229 2198 394 2266 Robertus
411 2200 566 2280 Alberici,
583 2200 660 2266 cler.
679 2197 846 2264 Morinen.
862 2198 950 2265 dioc.

229 2303 389 2370 Nicolaus
406 2303 600 2370 Leonardus
617 2301 637 2381 J
641 2304 748 2382 acobi,
764 2304 842 2368 cler.
861 2300 1027 2369 Morinen.
1044 2303 1130 2377 dioc.

228 2406 402 2486 Johannes
418 2407 462 2474 du
480 2406 552 2489 Val,
570 2409 647 2474 cler.
666 2405 833 2473 Morinen.
850 2406 937 2472 dioc.

229 2511 403 2591 Johannes
418 2511 460 2578 de
477 2511 607 2593 Brullis,
624 2514 702 2579 cler.
718 2511 904 2577 Tornacen.
921 2512 1008 2580 dioc.

229 2616 427 2683 Laurentius
443 2616 577 2698 Baudri,
594 2619 671 2682 cler.
690 2614 856 2681 Morinen.
873 2615 960 2681 dioc.
978 2618 1026 2700 (9,
1045 2620 1113 2699 69).

226 2779 310 2843 869.
327 2770 346 2852 J
350 2772 501 2841 ohannes
517 2772 696 2856 Walekeir,
712 2778 724 2807 ⁸

228 2877 427 2944 Laurentius
443 2877 622 2959 Walekeir,
640 2878 717 2944 cler.
735 2875 902 2942 Morinen.
918 2875 1006 2942 dioc.

227 2981 393 3046 Walterus
408 2982 575 3068 Spanque,
593 2982 671 3048 cler.
689 2980 855 3048 Morinen.
872 2979 959 3047 diue.

226 3088 245 3167 J
249 3089 399 3154 ohannes
415 3086 521 3169 Clerc,
538 3089 615 3154 cler.
634 3085 800 3154 Morinen.
817 3085 904 3154 dioc.

228 3191 413 3258 Willelmus
429 3191 593 3277 Arnulphi
606 3202 626 3272 ²,
643 3193 720 3258 cler.
737 3191 926 3257 Tornacen.
942 3190 1029 3257 dioc.
1051 3227 1084 3240 -
1106 3189 1184 3257 Fiat
1202 3189 1243 3262 R.

271 3297 349 3364 Dat.
366 3317 420 3385 ap.
438 3296 687 3363 Villamnovanr
706 3299 724 3363 8
741 3295 807 3362 kal.
820 3296 892 3382 julii
908 3303 942 3361 a⁰
957 3305 1000 3381 4⁰.
1018 3299 1067 3380 (9,
1086 3300 1169 3382 69*).

237 3451 351 3536 870·
1252 3485 1346 3552 1345,
1363 3483 1405 3550 27
1414 3464 1501 3548 jain.

227 3571 328 3657 Supp.
356 3571 522 3636 Firminus
548 3572 590 3637 de
619 3571 777 3654 Molanis,
802 3575 880 3638 bon.
909 3592 1009 3636 mern.
1028 3571 1150 3655 Pietn')
1176 3568 1219 3637 de
1244 3569 1477 3649 Mortuomari,
1493 3571 1545 3636 tit.

184 3676 215 3742 S.
229 3675 389 3762 Stephani
406 3676 439 3742 in
452 3675 665 3742 Celiornonte
684 3679 791 3762 presb.
809 3674 896 3742 card.
914 3696 988 3761 cap.
1005 3676 1208 3755 secretarius,
1225 3681 1318 3758 quat.
1334 3674 1394 3739 sibi
1409 3673 1452 3741 de
1468 3676 1544 3739 ben.
1597 3687 1601 3694 '

184 3781 266 3846 ecci.
293 3780 336 3846 ad
363 3781 438 3846 coll.
455 3783 531 3846 abb.
556 3789 591 3846 et
613 3780 806 3847 monasterii
833 3779 1077 3858 Fiscannensis‚
1101 3778 1144 3844 O.
1167 3777 1199 3842 S.
1223 3775 1271 3858 Β.,
1298 3777 1544 3862 Rothornagen.

184 3883 282 3966 dioc„
298 3885 480 3970 dignemini
504 3885 680 3972 providere
696 3907 704 3966 ;
722 3907 790 3952 non
806 3886 891 3951 obst.
908 3882 999 3968 quod
1015 3903 1089 3948 can.
1106 3890 1140 3947 et
1156 3884 1248 3968 preb.
1264 3881 1346 3948 eccl.
1362 3880 1493 3946 Tullen.
1509 3890 1544 3946 et

184 3989 337 4076 patrocli.
364 3990 446 4055 eccl.
470 3989 513 4055 de
538 3989 666 4074 Synies,
692 3988 831 4055 Reman.
852 3989 950 4069 dion,
966 3987 1115 4053 noscitur
1130 3985 1282 4052 obtinere
1298 3993 1332 4050 et
1347 4005 1394 4071 gr.
1410 3985 1452 4050 de
1468 4004 1544 4051 can.

184 4093 265 4159 eccl.
295 4092 488 4159 Laudunen.
516 4095 576 4158 sub
604 4115 679 4180 exp.
703 4097 795 4180 preb.
819 4133 860 4142 -
877 4093 931 4158 vel
947 4091 989 4157 ad
1006 4091 1081 4157 coll.
1097 4090 1199 4176 episc.
1216 4087 1253 4154 M
1257 4089 1382 4156 orinen.
1399 4129 1441 4143 -
1458 4089 1544 4168 Fiat,

185 4197 287 4264 etiam
302 4198 328 4262 si
344 4205 549 4284 patronatus,
564 4197 694 4262 etiamsi
712 4199 745 4262 in
761 4198 843 4263 eccl.
860 4192 1009 4261 cathedr.
1027 4193 1067 4259 R.

230 4301 309 4368 Dat.
333 4321 386 4388 ap.
405 4300 656 4367 Villarnuovam
674 4320 690 4386 5
708 4301 775 4366 kal.
788 4301 859 4386 julii
876 4307 909 4365 a‘'
925 4307 968 4383 4⁰.
986 4304 1035 4382 (9,
1054 4317 1069 4381 5
1098 4305 1121 4376 ).

237 4455 341 4538 871.
1249 4483 1344 4550 1345,
1361 4467 1404 4529 28
1412 4463 1499 4546 juin.

229 4571 329 4658 Supp.
348 4572 483 4658 Egidius
501 4569 704 4654 vavassoris,
721 4572 827 4658 presb.
847 4570 1016 4639 Morinen.
1032 4571 1129 4653 dioc..
1143 4577 1234 4654 quat.
1245 4569 1305 4635 sibi
1318 4569 1361 4635 de
1372 4572 1448 4635 ben.
1461 4569 1542 4636 eccl.

217 4765 245 4826 a)
258 4765 292 4812 Le
303 4761 404 4812 diocbsu
416 4763 478 4810 n'est
492 4778 537 4826 pas
550 4761 654 4824 indique
667 4779 672 4819 ;
685 4777 713 4812 ce
725 4763 780 4810 duit
793 4762 847 4812 btre
860 4762 1028 4811 Theruuanne
1042 4779 1047 4812 :
1065 4764 1118 4810 voir
1130 4777 1155 4811 n.
1168 4764 1222 4810 860.

221 4989 243 5036 1.
257 4987 372 5047 Berlibra
385 4989 483 5038 liri-eut.
494 4988 601 5052 utterlyi„
619 5003 642 5037 n.
655 4989 709 5048 503,
723 4991 776 5046 513,
790 4995 838 5039 ute.
874 5017 882 5024 -
896 4991 918 5037 2.
931 4988 978 5046 Ila,
991 5003 1016 5037 n.
1030 4991 1085 5036 545.
