3650 5675
285 437 348 503 404
794 435 883 509 1849,
905 432 993 498 15-16
1015 429 1132 496 tenter.

287 590 406 658 clausit
429 597 618 656 extremum
637 601 657 672 ¹,
684 598 773 656 auct.
800 589 987 654 litterarum
1014 592 1200 651 vestrarum
1224 583 1309 650 insra
1335 592 1470 672 tempus
1498 586 1649 653 debitum

287 691 488 781 acceptavit,
504 694 547 760 de
562 715 629 779 qua
643 701 781 781 propter
793 690 983 758 absentiam
999 697 1217 755 executorem
1233 708 1367 756 suorum
1379 709 1447 755 non
1462 691 1574 776 potuit
1589 690 1650 757 sibi

287 799 398 866 facere
414 798 592 886 provideri.
609 798 694 865 Cum
709 807 823 864 autem
838 796 929 863 idem
946 795 1105 860 Eracleus
1127 793 1246 860 timeat
1269 793 1360 879 quod
1375 795 1545 880 prebenda
1569 796 1650 881 ipsa,

287 910 441 988 tempore
457 902 702 988 acceptationis
728 899 918 987 hujusmodi
946 897 1104 963 existeret
1124 903 1305 977 reservata,
1321 903 1357 960 et
1372 897 1511 982 proinde
1537 906 1651 984 posset

288 1006 461 1072 molestari
478 1005 698 1093 imposterum
712 1026 812 1093 super
826 1005 894 1084 illa,
919 1001 1089 1068 humiliter
1111 1023 1206 1088 supp.
1222 1001 1314 1067 idem
1331 999 1543 1085 Bertrandus,
1560 1011 1650 1088 quat.

287 1110 480 1196 inpetitioni
496 1110 577 1176 dicti
594 1109 738 1192 Eraclei,
755 1130 820 1195 que
836 1128 935 1194 super
962 1107 1027 1172 hoc
1053 1114 1167 1193 posset
1193 1107 1275 1188 fieri,
1292 1114 1515 1188 occurrentes,
1536 1107 1651 1192 digne-

288 1213 369 1278 mini
383 1214 652 1299 acceptationem
664 1213 854 1301 hujusmodi
864 1220 971 1278 ratam
988 1219 1023 1277 et
1034 1219 1163 1296 gratam
1175 1211 1536 1292 habere,reservati0ne
1547 1213 1650 1297 quali·

288 1321 346 1384 bet
361 1339 430 1384 non
446 1321 543 1400 obst,
556 1339 598 1385 ac
612 1319 792 1386 decernere
806 1316 946 1405 perinde
972 1317 1084 1382 valere
1111 1336 1152 1382 ac
1176 1316 1203 1382 si
1229 1316 1271 1382 de
1287 1316 1344 1381 illa
1363 1315 1456 1380 nulla
1470 1317 1651 1382 reservatio

288 1421 377 1488 facta
392 1423 478 1488 foret
494 1422 623 1508 sibique
638 1423 813 1510 providere
829 1430 887 1489 aut
902 1421 1070 1508 provideri
1093 1421 1253 1487 mandare
1268 1421 1310 1487 de
1323 1421 1441 1487 eadem
1454 1443 1462 1501 ;
1479 1440 1547 1486 non
1564 1424 1650 1489 obst.

289 1526 380 1610 quod
395 1525 485 1591 idem
503 1527 663 1619 Eracleus
679 1527 900 1595 canonicatus
926 1535 961 1592 et
982 1525 1169 1612 prebendas
1192 1526 1344 1592 obtineat
1360 1527 1394 1590 in
1410 1526 1559 1592 ecclesiis
1580 1525 1650 1608 Bri7

289 1638 413 1711 vatem,
430 1630 462 1695 S.
479 1629 569 1698 Flori
585 1631 682 1715 dioc,
699 1631 961 1712 claromonten,
978 1629 1169 1712 Carnoten.,
1197 1629 1473 1713 Bisuntinen.,‘et
1488 1630 1650 1696 archidia-

289 1740 451 1799 conatum
462 1733 505 1799 de
521 1733 676 1821 Grayaco
692 1736 726 1801 in
742 1735 860 1802 eadem
876 1736 959 1801 eccl.
976 1733 1185 1802 Bisuntinen.
1200 1755 1241 1801 ac
1256 1735 1289 1799 in
1306 1734 1378 1800 ead.
1395 1735 1476 1799 eccl.
1489 1733 1650 1801 Leodien.

289 1836 505 1923 prebendam,
520 1838 722 1924 dignitatem
736 1861 796 1906 seu
811 1839 959 1906 officium
975 1839 1124 1906 noscitur
1139 1847 1329 1926 expectare.
1345 1878 1388 1886 -
1404 1835 1481 1904 Fiat
1497 1835 1537 1904 R.

334 1940 413 2005 Dat.
429 1941 529 2008 Avin.
542 1942 608 2011 kal.
624 1942 706 2011 febr.
723 1951 757 2009 a⁰
773 1950 815 2029 7⁰.
832 1945 882 2028 (6,
902 1944 990 2028 141).

344 2068 481 2152 1502·
901 2125 904 2130 -
1299 2105 1395 2169 1349,
1417 2103 1457 2165 15
1464 2083 1606 2172 fourrer.

334 2184 434 2251 Motu
449 2187 584 2272 proprio
600 2188 814 2273 providemus
828 2210 916 2274 mag.
928 2188 1066 2274 Hugoni
1082 2189 1125 2255 de
1137 2188 1265 2270 Rocba,
1275 2189 1360 2274 regis
1373 2187 1512 2254 Francie
1527 2189 1650 2255 clerico

290 2290 323 2355 in
340 2311 473 2356 camera
489 2300 735 2378 compotorum,
751 2291 794 2357 de
810 2313 884 2359 can.
913 2301 948 2358 et
972 2295 1065 2378 preb.
1081 2293 1163 2358 eccl.
1180 2291 1408 2373 Cameracen.,
1424 2312 1496 2358 vac.
1512 2313 1572 2378 per
1594 2296 1649 2358 ob.

288 2391 308 2471 J
311 2394 454 2459 ohannis
469 2394 511 2460 de
527 2392 683 2461 Tomaco
699 2410 720 2477 ²,
749 2396 804 2480 qui
828 2417 935 2483 nuper
950 2404 1045 2462 extra
1062 2396 1188 2462 curiam
1204 2396 1294 2462 diem
1310 2395 1428 2461 clausit
1451 2404 1648 2477 extremum,

288 2498 381 2582 cujus
406 2499 572 2565 beneficia
596 2508 677 2566 ante
693 2500 795 2587 ipsius
821 2503 876 2566 ob.
892 2499 1047 2566 duximus
1071 2501 1279 2567 reservanda.
1295 2539 1338 2550 -
1365 2498 1441 2565 Fiat
1463 2508 1559 2566 motu
1574 2520 1650 2586 pro·

287 2602 361 2688 prio
378 2601 419 2668 R.

331 2705 410 2772 Dat.
426 2705 527 2772 Avin.
547 2726 583 2791 15
600 2706 668 2774 kal.
684 2713 781 2773 mart.
797 2713 831 2772 a⁰
847 2714 895 2791 7⁰.
906 2707 957 2792 (6,
977 2709 1080 2793 141').

340 2834 481 2919 1503·
1301 2868 1396 2933 1349,
1415 2849 1456 2913 16
1462 2849 1603 2936 seurier.

331 2953 387 3018 8¹¹¹·
403 2953 513 3018 Pater.
530 2952 617 3017 Cum
632 2953 666 3017 in
692 2953 800 3037 gratia
826 2975 886 3041 per
901 2954 933 3020 S.
949 2954 989 3020 V.
1005 2974 1112 3040 nuper
1123 2954 1213 3019 facta
1229 2951 1433 3038 Raymundo
1448 2952 1490 3017 de
1502 2954 1646 3030 AmacO,

289 3056 410 3123 clerico
426 3056 642 3121 Lemovicen.
658 3055 757 3138 dioc,
770 3056 812 3122 de
828 3059 910 3123 eccl.
937 3056 980 3122 de
1005 3057 1134 3138 Palma,
1152 3055 1187 3122 N
1189 3058 1348 3121 arbonen.
1361 3054 1458 3135 dioc„
1475 3055 1573 3121 luerit
1588 3074 1648 3140 per

289 3180 434 3226 errorem
466 3160 625 3226 omissum
652 3160 746 3245 quod
776 3161 902 3227 dudum
934 3161 974 3229 E.
991 3161 1031 3228 V.
1062 3162 1122 3228 sibi
1153 3161 1195 3227 de
1225 3160 1478 3227 canonicatibus
1494 3167 1529 3224 et
1554 3160 1646 3245 preb.

287 3261 526 3344 Maeliniensis,
543 3262 757 3331 Cameracen.
773 3265 871 3348 dioc,
887 3274 923 3331 et
948 3264 1208 3331 Columbriensis
1232 3264 1459 3342 ecclesiarum,
1475 3262 1518 3327 de
1534 3260 1648 3328 officio

287 3368 437 3433 cantorie
453 3366 554 3453 ipsius
569 3367 711 3434 ecclesie
728 3367 958 3434 Maeliniensis
982 3368 1124 3434 duxerat
1144 3366 1398 3453 providendum,
1415 3385 1514 3451 super
1528 3364 1648 3449 quibus

284 3471 531 3557 provisionibus
556 3471 707 3537 nondum
733 3472 845 3537 littere
872 3480 950 3537 sunt
977 3470 1141 3552 confecte,
1173 3470 1327 3556 dignetur
1357 3469 1388 3536 S.
1416 3467 1455 3534 V.
1485 3468 1648 3534 mandare

244 3654 250 3665 ο
285 3595 429 3640 errorem
444 3574 633 3663 hujusmodi
655 3575 774 3660 corrigi
790 3583 825 3642 et
840 3576 969 3641 litteras
984 3594 1082 3660 super
1098 3574 1163 3640 hoc
1179 3572 1249 3638 fieri
1266 3594 1343 3639 cum
1358 3572 1648 3638 nonobstantibus

285 3677 494 3764 supradictis.
509 3717 552 3726 —
568 3674 645 3742 Fiat
661 3676 702 3743 R.

330 3780 410 3847 Dat.
425 3780 526 3847 Avin.
547 3801 585 3865 14
601 3779 668 3846 kal.
685 3788 781 3847 mart.
797 3788 831 3846 a⁰
848 3788 890 3866 7⁰.
907 3783 956 3867 (6,
977 3783 1080 3868 ιμ’).

340 3915 650 4000 1504-1505.
1298 3952 1394 4017 1349,
1411 3932 1454 3999 16
1459 3934 1600 4022 scurr'er.

330 4034 432 4121 Supp.
448 4033 637 4102 Bernardus
662 4034 705 4100 de
730 4033 899 4117 Nexonio,
927 4036 1066 4103 clericus
1090 4058 1222 4103 camere
1238 4038 1433 4105 Sanctitatis
1450 4036 1608 4123 Ejusdem
1624 4046 1646 4118 ³,

286 4145 378 4222 quat.
392 4136 524 4224 [nepoti
539 4159 600 4204 suo
614 4137 634 4217 J
637 4138 764 4205 ohanni
779 4139 822 4204 de
838 4138 986 4205 Banchis
995 4152 1015 4222 ⁴,
1031 4140 1231 4229 presbitero]
1245 4143 1343 4208 castri
1360 4142 1586 4222 Lemovicen.,
1601 4141 1647 4206 de

285 4261 359 4306 can.
375 4248 410 4305 et
439 4244 531 4327 preb.
548 4242 579 4310 S.
606 4242 783 4328 Gangerici
811 4241 1037 4326 Cameracen.,
1064 4266 1137 4312 vac.
1174 4266 1235 4333 per
1257 4254 1402 4311 mortem
1424 4244 1587 4324 Johannis
1602 4244 1647 4311 de

286 4342 444 4410 Neronio
458 4352 479 4426 ⁵,
506 4346 678 4429 quondam
701 4345 806 4411 etiam
826 4348 960 4432 nepotis
988 4347 1049 4430 sui,
1074 4348 1131 4433 qui
1158 4356 1252 4415 extra
1279 4348 1377 4415 Rom.
1403 4350 1530 4415 curiam
1553 4347 1647 4414 diem

285 4468 381 4512 suum
397 4448 516 4513 clausit
531 4458 728 4531 extremum,
745 4448 856 4515 eidem
870 4448 891 4527 J
894 4450 1032 4532 obanni,
1048 4451 1110 4516 nisi
1128 4452 1172 4517 sit
1188 4452 1284 4517 alteri
1305 4454 1358 4538 jus
1376 4454 1552 4539 quesitum,
1568 4472 1646 4539 pro·

284 4550 399 4616 videre
413 4551 618 4636 dignemini;
634 4574 704 4618 non
721 4556 807 4619 obst.
823 4553 914 4638 quod
930 4555 1083 4640 parroch.
1099 4556 1181 4621 ecel.
1198 4555 1240 4621 de
1265 4554 1422 4638 Matisco,
1439 4556 1473 4623 N
1475 4556 1646 4622 oviomen.

318 4722 439 4771 1.Henrl
458 4721 491 4769 de
510 4721 628 4783 Cologne,
649 4721 744 4772 decede
762 4724 787 4772 le
808 4726 837 4773 16
856 4724 944 4787 juillet
962 4728 1024 4776 134⁸
1042 4728 1087 4790 (de
1107 4728 1203 4789 Thetin,
1222 4728 1257 4788 ΙΙ,
1279 4729 1331 4790 80).
1346 4756 1378 4767 -
1395 4732 1417 4779 2.
1429 4729 1491 4777 Voir
1502 4742 1527 4776 n.
1539 4728 1595 4777 736.
1611 4754 1647 4766 -

280 4796 305 4914 ἓ.
315 4794 632 4927 γΔέίοτὴιὶὶᾱίῗξὲῗθὲὲΔηνεη
650 4796 716 4845 dans
735 4797 832 4859 l'eghse
850 4799 884 4848 de
895 4800 1016 4851 cambrai
1029 4803 1098 4864 (voir
1110 4815 1135 4850 n.
1148 4804 1185 4862 12,
1200 4806 1236 4863 19,
1251 4802 1335 4864 1147).
1347 4828 1379 4841 -
1399 4805 1421 4851 4.
1433 4801 1532 4850 Voirn.
1543 4802 1599 4850 906.
1612 4829 1646 4840 -
