3650 5675
750 496 837 571 rasa,
861 497 880 561 r
899 496 1011 578 juna.
1498 501 1561 567 aar

102 728 106 737 ι
198 660 375 739 perceptos
390 653 422 715 in
438 672 516 717 usus
532 661 567 717 et
582 659 780 716 structuram
796 671 857 735 pro
872 652 989 735 majori
1005 660 1102 736 parte
1124 654 1328 718 converterit
1355 654 1495 720 ecclesie
1518 657 1557 721 et

195 756 379 822 decanatus
395 756 629 841 predictorum,
646 776 741 841 supp.
757 754 846 819 idem
862 754 967 835 miles
978 762 1070 838 quat.
1086 755 1179 820 dicto
1195 756 1403 838 Hermanno,
1417 779 1561 824 omnem·

196 861 413 925 inhabilitatis
438 866 451 894 ⁸
475 861 653 939 maculam,
685 878 786 943 quam
809 865 987 944 propterea
1014 860 1191 939 contraxit,
1216 862 1350 925 abolere
1376 858 1551 948 ipsumque

196 964 380 1045 habilitare,
397 970 431 1027 et
446 963 572 1028 fruetus
586 961 775 1047 hujusmodi
791 969 969 1046 perceptos
984 961 1045 1026 sibi
1058 964 1237 1045 remittere,
1248 974 1283 1028 et
1294 962 1550 1031 dedictisdeca'-

195 1076 276 1131 natu
292 1075 326 1131 et
341 1066 559 1153 prepositura,
575 1066 676 1131 etiam
689 1066 715 1132 si
725 1066 791 1131 sint
806 1066 888 1130 alias
903 1066 1113 1151 dispositioni
1130 1069 1216 1134 sedis
1231 1078 1338 1154 apost.
1354 1072 1551 1156 generaliter

196 1171 249 1235 vel
265 1171 454 1257 specialiter
468 1170 638 1251 reservati,
654 1169 696 1235 de
713 1190 803 1235 novo
819 1169 992 1255 providere
1008 1171 1189 1255 dignemini
1214 1174 1357 1257 gratiose
1372 1197 1380 1254 ;
1408 1196 1485 1239 eum
1508 1196 1550 1239 eo

196 1275 337 1360 insuper,
354 1283 401 1355 ut,
417 1260 577 1360 premissa
599 1282 634 1339 et
661 1274 734 1339 aliis
761 1274 1013 1358 quibuscunque
1037 1276 1331 1342 constitutionibus
1357 1298 1425 1343 non
1453 1280 1549 1357 obst„

194 1380 302 1444 dictos
317 1379 520 1444 decanatum
536 1386 570 1444 et
586 1380 830 1465 preposituram
846 1378 949 1444 libere
975 1380 1123 1465 recipere
1149 1390 1184 1445 et
1210 1382 1306 1445 simul
1333 1382 1435 1447 etiam
1457 1383 1548 1448 licite

194 1483 335 1547 retinere
351 1484 472 1563 valeat,
488 1482 529 1547 de
556 1482 717 1547 uberioris
732 1482 823 1547 dono
841 1483 948 1567 gratie
973 1484 1228 1569 dispensantes;
1256 1505 1324 1550 non
1350 1489 1435 1551 obst.
1459 1486 1548 1570 quod

193 1588 310 1667 dictos,
327 1594 361 1651 et
377 1588 410 1651 in
427 1587 568 1652 eeclesia
584 1586 614 1652 S.
631 1587 772 1651 Servatii
789 1586 1023 1671 Trajectensis,
1040 1587 1130 1652 dicte
1146 1585 1414 1669 Leodien.dioc.,
1430 1599 1549 1654 canet

193 1693 284 1775 preb.
300 1691 447 1755 noscitur
463 1690 614 1755 obtinere
628 1712 636 1769 ς
653 1696 688 1753 et
704 1708 780 1754 eum
797 1688 917 1753 ceteris
930 1709 999 1753 non
1016 1692 1123 1754 obst...
1140 1730 1183 1739 -
1199 1688 1276 1754 Fiat
1292 1700 1329 1755 ut
1343 1692 1469 1776 petitur
1485 1690 1525 1756 R.

236 1793 315 1859 Dat.
331 1794 429 1858 Avin.
447 1814 464 1857 2
481 1814 559 1858 non.
573 1792 644 1878 julii
662 1800 695 1857 a⁰
716 1799 775 1855 11⁰.
794 1792 870 1875 (22,
889 1794 971 1875 53')·

243 1946 390 2029 2425.
1239 1983 1256 2026 1
1257 1983 1278 2045 3
1280 1983 1334 2043 52,
1351 1964 1370 2025 6
1381 1962 1505 2044 juillet.

237 2066 337 2152 Supp.
353 2066 525 2143 Johannes
540 2066 686 2131 Audacis
701 2065 744 2130 de
761 2064 877 2151 Hoy0,
901 2065 1041 2131 clericus
1065 2064 1225 2131 Leodien.
1252 2066 1349 2148 dioc,
1374 2073 1466 2151 quat.
1489 2058 1572 2133 sibi'

192 2170 235 2234 dc
250 2190 324 2235 can.
340 2178 375 2235 et
389 2173 480 2255 preb.
497 2170 637 2235 ecclesie
654 2168 692 2234 B.
710 2168 759 2235 M.
778 2168 960 2253 Hoyensis,
987 2168 1147 2235 Leodien.
1174 2170 1272 2251 dioc,
1299 2192 1372 2237 vac.
1398 2171 1433 2235 in
1458 2172 1548 2237 curia

193 2295 250 2359 per
266 2277 319 2340 ob.
337 2274 479 2340 Renaldi
495 2274 537 2341 de
553 2274 657 2339 Gorre
674 2285 694 2355 ¹,
711 2272 882 2357 quondam
898 2272 1052 2338 canonici
1075 2273 1165 2339 dicte
1192 2275 1341 2354 ecclesie,
1366 2275 1421 2359 qui
1439 2256 1550 2361 nuper

193 2384 286 2442 extra
302 2378 427 2443 curiam
446 2378 543 2443 Rom.
559 2378 648 2443 diem
676 2376 793 2442 clausit
818 2384 1016 2457 extremum,
1041 2384 1075 2441 et
1099 2386 1178 2442 ante
1205 2377 1306 2463 ipsius
1330 2378 1549 2463 ob.'disposi-

192 2481 275 2546 tioni
290 2490 398 2567 apost.
414 2483 600 2563 reservatis,
617 2478 798 2565 dignemini
814 2480 990 2565 providere
1006 2503 1014 2557 ;
1031 2501 1099 2545 non
1117 2483 1202 2545 obst.
1219 2481 1309 2564 quod
1322 2482 1410 2547 idem
1420 2481 1548 2559 Johan-

192 2606 250 2651 nes
266 2589 342 2652 ben.
359 2589 486 2653 ecclc.
502 2608 530 2653 c.
546 2588 601 2652 vel
617 2608 642 2651 s.
660 2607 698 2665 e,
724 2591 880 2670 spectans
906 2584 1131 2650 communiter
1157 2586 1211 2649 vel
1235 2585 1368 2650 divisim
1390 2584 1433 2650 ad
1449 2587 1548 2651 eolla-

190 2690 318 2754 tionem
344 2690 461 2755 decani
489 2698 524 2755 et
548 2691 685 2776 capituli
713 2688 852 2755 ecclesie
878 2687 1062 2769 Visitensis,
1090 2688 1173 2754 alias
1197 2689 1361 2769 Sellensis,
1388 2688 1547 2755 Leodien.

191 2793 288 2876 dioc,
304 2794 454 2860 informa
470 2814 654 2882 pauperum
670 2803 826 2860 noscatur
849 2799 1026 2878 expectare
1040 2815 1048 2872 ;
1066 2813 1168 2876 quam
1193 2793 1464 2879 expectationem
1487 2794 1547 2860 sibi

194 2919 270 2964 cum
285 2899 431 2984 presenti
447 2899 553 2982 gratia
568 2897 750 2981 dignemini
766 2915 965 2960 reservare...
981 2936 1024 2944 -
1040 2894 1117 2960 Fiat
1135 2895 1174 2962 R.

236 3004 314 3069 Dat.
329 3005 431 3069 Avin.
448 3025 465 3068 2
485 3024 563 3068 non.
577 3003 648 3089 julii
666 3009 699 3066 a⁰
719 3009 781 3066 11⁰.
800 3002 875 3084 (22,
896 3004 964 3084 54).

243 3157 391 3239 2426.
1240 3190 1279 3252 15
1281 3189 1334 3250 52,
1351 3170 1370 3231 6
1380 3168 1504 3250 juillet.

234 3275 322 3360 Sign.
348 3275 379 3340 S.
408 3273 448 3338 V.
475 3273 681 3354 Guillelmus,
709 3272 978 3357 archiepiscopus
1002 3273 1172 3354 Auxitan,
1204 3275 1294 3358 quod
1320 3273 1446 3339 dudum
1477 3275 1548 3360 ipsa

193 3378 360 3444 Sanctitas
386 3398 460 3443 can.
486 3384 520 3441 et
546 3377 637 3463 preb.
665 3376 804 3441 ecclesie
833 3375 1002 3456 Leodien.,
1029 3396 1112 3460 quos
1134 3376 1225 3442 dom.
1252 3377 1481 3461 G(uillelmus)
1505 3379 1547 3443 de

192 3481 345 3568 Genepte
361 3495 382 3562 ²,
409 3489 491 3546 tunc
515 3481 641 3546 electus
668 3481 701 3544 in
729 3479 1018 3565 archiepiscopum
1045 3477 1228 3561 colonien,
1253 3481 1287 3545 in
1314 3482 1387 3567 ipsa
1406 3482 1547 3546 ecclesia

191 3587 367 3653 obtinebat
382 3594 417 3651 et
433 3584 543 3650 adhuc
559 3592 664 3664 tenet,
681 3583 900 3649 conferendos
917 3584 1085 3650 carissimo
1110 3605 1170 3650 suo
1182 3584 1388 3649 thesaurario
1411 3584 1547 3648 Andree

192 3689 356 3775 Peregrini
374 3705 395 3770 ³,
412 3690 656 3775 quamprimum
672 3709 731 3775 per
747 3688 826 3754 dicti
844 3689 942 3753 electi
959 3689 1245 3754 consecrationem
1257 3698 1426 3768 vacarent,
1443 3688 1547 3753 dona-

191 3794 274 3859 tioni
291 3803 397 3880 apost.
424 3795 617 3874 reservavit,
643 3793 742 3858 certis
765 3793 826 3858 sibi
853 3814 952 3878 super
975 3794 1041 3858 hoc
1064 3791 1296 3857 eaecutoribus
1310 3791 1488 3876 deputatis,
1512 3800 1547 3855 et

191 3908 266 3984 post
290 3899 371 3964 dicti
396 3899 494 3963 electi
522 3897 821 3976 consecrationem,
850 3898 1050 3962 auctoritate
1081 3896 1267 3960 litterarum
1295 3895 1450 3980 ipsarum,
1485 3894 1547 3960 fuit

189 4003 281 4068 dicto
296 4002 431 4067 Andree
446 4003 489 4067 de
505 4002 603 4068 dictis
619 4022 694 4066 can.
711 4009 745 4065 et
761 4004 853 4086 preb.
869 4001 1051 4087 provisum,
1077 4020 1117 4065 ac
1133 3998 1336 4084 superdicta
1357 3999 1546 4084 provisione

191 4127 363 4190 processus
380 4107 457 4171 lacti
474 4114 508 4171 et
524 4106 690 4170 sententie
706 4105 916 4192 promulgate
933 4104 966 4168 in
983 4103 1186 4168 contrarium
1201 4101 1370 4181 facientes,
1383 4111 1483 4186 prout
1495 4113 1545 4166 est

190 4211 223 4274 in
239 4209 362 4275 talibus
378 4210 446 4274 fieri
464 4218 682 4289 consuetum;
707 4210 863 4294 quodque
889 4207 1106 4294 postmodum
1132 4207 1368 4273 accedentibus
1392 4227 1546 4292 procura-

191 4325 263 4377 tore
279 4321 313 4378 et
329 4313 402 4378 aliis
417 4333 478 4398 pro
492 4321 587 4398 parte
603 4312 683 4377 dieti
707 4313 840 4377 Andree
865 4333 905 4378 ac
932 4310 1132 4396 presentatis
1158 4310 1276 4376 litteris
1297 4311 1489 4396 apostolicis
1512 4321 1546 4375 et

191 4418 398 4502 processibus
422 4417 601 4482 antedictis
625 4415 769 4481 dominis
793 4415 965 4482 canonicis
985 4424 1021 4479 et
1047 4413 1194 4500 capitulo
1222 4414 1361 4479 ecclesie
1386 4413 1545 4479 Leodien.

191 4523 326 4608 prefate,
343 4523 424 4589 dicti
437 4522 589 4588 canonici
606 4543 664 4587 seu
680 4522 875 4606 capitulum,
891 4520 1130 4607 pretendentes
1154 4519 1244 4604 quod
1270 4517 1398 4584 Eadem
1415 4519 1544 4585 Sancti-

222 4710 250 4772 a)
266 4710 324 4760 Cori.
337 4711 535 4758 inhabilitatem.

223 4921 243 4968 1.
257 4919 318 4968 von
331 4935 355 4969 n.
367 4910 439 4970 arai.
454 4947 485 4955 -
497 4923 519 4969 a.
532 4919 594 4968 von
605 4935 629 4968 n.
642 4921 695 4978 rar,
711 4921 779 4978 mrr,
795 4921 865 4968 rasa.
879 4945 909 4957 -
921 4919 944 4967 a.
965 4919 1025 4966 vm
1037 4932 1062 4968 n.
1075 4919 1147 4967 arn.
