3650 5675
734 496 820 569 1348.
845 495 884 559 27
903 496 979 576 juin.
1476 504 1537 568 367

177 647 220 714 de
235 648 308 735 ipsa
323 647 358 714 in
373 649 527 716 manibus
554 649 585 715 S.
601 648 642 716 V.
667 648 849 735 dignemini
875 648 1074 735 providere;
1099 615 1168 716 non
1195 653 1280 717 obst.
1297 653 1386 736 quod
1412 674 1487 719 can.
1504 663 1539 720 et

178 754 270 837 preb.
296 752 331 817 in
359 754 440 818 eccl.
467 752 510 819 de
537 753 706 834 Varziaco,
736 753 974 819 Autisiodoren
1000 752 1098 833 dioc,
1129 754 1277 820 noscitur
1307 757 1467 823 obtinere.
1495 797 1538 808 -

182 854 261 920 Fiat
277 854 317 921 R.

222 959 302 1026 Dat.
317 961 415 1027 Avin.
431 981 448 1046 5
465 962 532 1029 kal.
541 963 615 1048 julii
631 970 663 1028 ειο
680 971 722 1046 7⁰.
740 964 809 1042 (15,
828 967 897 1045 96).

234 1106 368 1192 1381.
1242 1125 1336 1205 1348,
1353 1141 1395 1207 27
1404 1122 1493 1205 juin.

224 1222 324 1309 Supp.
339 1224 436 1289 miles
450 1223 739 1290 vesterHenricus
758 1223 938 1304 Lamberti,
955 1225 1095 1290 vicarius
1119 1223 1367 1307 Nemausensis,
1385 1237 1476 1312 quat.
1493 1227 1536 1294 de

180 1329 271 1413 preb.
287 1327 429 1394 ecclesie
444 1326 671 1410 Cameracen.,
693 1329 727 1393 in
751 1349 817 1414 qua
843 1327 1070 1414 infrascriptus
1094 1327 1114 1406 J
1117 1328 1268 1394 ohannes
1284 1327 1318 1392 in
1335 1327 1536 1394 canonicum

180 1439 268 1496 auct.
282 1441 394 1498 restra
410 1440 461 1497 est
475 1440 640 1517 receptus,
656 1440 802 1498 vacante
827 1432 872 1498 ad
897 1452 1034 1516 presens
1057 1452 1117 1518 per
1142 1435 1195 1498 ob.
1223 1431 1393 1518 quondam
1417 1430 1540 1509 Jacobi

180 1535 222 1600 de
240 1532 423 1616 Melbodio,
436 1535 538 1621 ipsius
553 1535 694 1602 ecclesie
709 1535 864 1602 canonici
873 1534 1190 1624 prebendati,nuper
1205 1544 1301 1601 extra
1313 1533 1540 1602 Rom.curiam

179 1638 396 1704 decedentis¹
422 1647 456 1704 et
483 1639 525 1706 ad
551 1648 697 1706 vestram
724 1638 982 1728 disposicionem
1010 1660 1069 1726 per
1095 1649 1241 1705 vestram
1272 1639 1538 1707 reservacionem

179 1749 354 1829 spectante
384 1741 530 1820 Johanni
560 1743 603 1808 de
631 1741 775 1823 Lissac0,
801 1744 967 1809 avunculo
995 1743 1105 1810 uxoris
1135 1743 1352 1830 supplicantis
1378 1743 1539 1828 ejusdem,

179 1846 362 1932 dignemini
378 1847 575 1933 providere;
592 1867 660 1914 non
676 1849 762 1914 obst.
779 1848 868 1934 quod
885 1847 974 1914 idern
990 1845 1010 1925 J
1013 1848 1163 1914 ohannes
1174 1848 1209 1913 in
1226 1848 1307 1915 eccl.
1321 1847 1450 1914 Eduen.
1464 1868 1537 1913 can.

181 1960 217 2016 et
231 1953 323 2038 preb.
340 1959 374 2016 et
389 1951 540 2038 parroch.
557 1952 638 2017 eccl.
655 1952 698 2017 de
713 1951 885 2034 Somanto‚
900 1952 1029 2019 Eduen.
1039 1954 1136 2034 dioc,
1153 1962 1188 2019 et
1203 1974 1276 2019 can.
1292 1953 1383 2018 dicte
1398 1953 1538 2019 ecclesie

183 2053 397 2120 Cameracen.
422 2057 482 2120 sub
509 2076 585 2141 exp.
612 2058 703 2141 preb.
729 2056 878 2121 noscitur
905 2056 1067 2137 obtinere,
1093 2077 1168 2122 cum
1196 2057 1269 2122 aliis
1292 2077 1361 2122 non
1386 2059 1471 2123 obst.
1495 2095 1538 2107 -

184 2156 260 2223 Fiat
276 2158 316 2224 R.

226 2261 304 2329 Dat.
326 2264 424 2328 Avin.
443 2281 460 2348 5
477 2261 544 2329 kal.
558 2263 630 2349 julii
654 2271 687 2330 a⁰
711 2271 753 2348 7⁰.
776 2265 846 2348 (15,
872 2266 940 2349 96).

239 2406 373 2493 1382.
728 2469 733 2476 -
1239 2426 1335 2508 1348,
1352 2443 1394 2507 27
1403 2423 1492 2505 jum.

225 2525 347 2613 Supp...
364 2524 484 2606 Guid0,
508 2525 560 2591 tit.
586 2525 618 2592 S.
640 2524 764 2592 Cecilie
779 2530 887 2612 presb.
916 2526 1049 2608 card.,...
1066 2534 1156 2611 quat.
1177 2526 1381 2593 decanatum
1408 2529 1490 2594 eccl.
1507 2527 1538 2592 S.

182 2628 337 2714 Dyonisii
353 2627 557 2710 Leodiensis,
572 2649 645 2695 vac.
674 2629 717 2695 ad
741 2649 876 2715 presens
903 2628 993 2715 apud
1019 2627 1133 2694 sedem
1160 2637 1268 2714 apost.
1295 2651 1354 2716 per
1381 2632 1435 2696 ob.
1450 2651 1537 2715 mag.

183 2732 351 2820 Balduyni
366 2732 409 2799 de
426 2732 613 2819 Bailbyaco
628 2744 680 2815 ²,...
697 2732 843 2799 Guidoni
855 2731 1012 2812 Guerodi,
1028 2732 1212 2818 presbitero
1227 2732 1345 2818 prelati
1361 2732 1538 2799 cardinalis

182 2835 345 2919 familiari,
362 2836 512 2903 conferre
524 2836 706 2924 dignemini
723 2860 731 2917 ;
747 2857 816 2902 non
841 2841 927 2903 obst.
953 2836 1043 2922 quod
1069 2857 1143 2903 can.
1160 2844 1195 2902 et
1220 2841 1312 2924 preb.
1339 2835 1430 2904 dicte
1454 2838 1537 2903 eccl.

182 2941 214 3007 S.
232 2940 385 3027 Dyonisii
403 2939 561 3007 Leodien.
578 2950 613 3007 et
629 2941 811 3027 parochial.
828 2942 910 3007 eccl.
926 2941 968 3006 de
985 2941 1132 3020 Praellis,
1149 2941 1358 3008 Suessionen.
1375 2950 1410 3007 et
1426 2942 1537 3028 capel-

181 3046 248 3110 lan.
264 3045 295 3112 S.
313 3046 467 3131 Dyonisii
483 3046 515 3109 in
532 3055 643 3112 castro
658 3046 700 3111 de
717 3043 871 3125 Remino,
888 3044 1067 3111 Belvacen.
1083 3044 1179 3127 dioc,
1204 3046 1352 3112 noscitur
1373 3046 1536 3112 obtinere.

181 3190 225 3199 -
238 3149 313 3215 Fiat
329 3148 370 3216 R.

226 3253 306 3320 Dat.
321 3255 419 3321 Avin.
437 3275 454 3339 5
472 3255 539 3321 kal.
552 3254 624 3340 julii
640 3263 674 3321 a⁰
690 3264 732 3340 7⁰.
750 3257 821 3339 (15,
839 3259 922 3338 96¹).
942 3262 943 3267 ’

236 3401 375 3488 1383.
1243 3415 1338 3499 1348,
1356 3430 1398 3497 ²7
1406 3412 1494 3495 juin

225 3516 325 3589 Motu
339 3519 475 3607 proprio
488 3520 703 3607 providemus
728 3517 747 3598 J
750 3518 876 3588 ohanni
899 3516 942 3584 de
961 3514 1188 3598 'Guazonibus
1212 3516 1323 3601 legum
1339 3516 1479 3599 doctori,
1495 3516 1538 3583 de

181 3642 256 3689 can.
272 3633 308 3689 et
322 3625 414 3709 preb.
437 3645 512 3691 vac.
539 3625 573 3691 in
597 3626 679 3691 eccl.
696 3622 866 3706 Leodien.,
893 3641 954 3709 per
977 3624 1031 3687 ob.
1047 3619 1218 3705 quondam
1242 3618 1471 3686 Bartholomei
1495 3618 1537 3685 de

182 3727 452 3795 Calamandrana
468 3738 489 3808 ³,
505 3730 561 3815 qui
576 3749 682 3815 nuper
697 3736 791 3794 extra
810 3729 907 3795 Rom.
924 3725 1048 3794 curiam
1060 3724 1150 3790 diem
1165 3723 1284 3789 clausit
1299 3732 1484 3789 extremum
1500 3730 1534 3787 et

182 3831 275 3917 cujus
289 3832 453 3899 beneficia
467 3833 593 3901 dudum
608 3840 687 3899 ante
703 3840 846 3899 mortem
863 3833 965 3918 ipsius
986 3830 1116 3895 fuerant
1139 3836 1319 3894 reservata.
1335 3866 1378 3876 —
1396 3824 1470 3891 Fiat
1496 3822 1535 3890 R.

182 3944 278 4002 motu
293 3936 460 4023 proprio...

227 4038 305 4105 Dat.
328 4040 426 4107 Avin.
445 4061 462 4127 5
478 4040 546 4108 kal.
559 4043 630 4128 julii
649 4051 682 4107 a⁰
699 4050 741 4125 7⁰·
759 4044 830 4123 (15,
848 4040 930 4122 980·

238 4174 381 4259 1384.
1244 4184 1338 4267 1348,
1357 4200 1397 4263 27
1406 4178 1493 4261 juin.

226 4291 350 4380 Supp...
366 4290 515 4359 Thomas
534 4293 577 4360 de
594 4293 778 4373 DusmellO,
796 4290 964 4357 Morinen.
991 4288 1089 4369 dioc,
1105 4286 1212 4353 fidelis
1228 4286 1259 4353 S.
1277 4286 1317 4352 R.
1334 4286 1373 4352 E.
1386 4294 1420 4351 et
1436 4286 1536 4351 devo-

183 4404 246 4476 tus,
277 4395 333 4479 qui
363 4396 511 4461 existens
540 4396 754 4463 conestabilis
795 4392 1042 4479 quamplurium
1072 4391 1222 4476 equitum
1259 4390 1294 4455 in
1325 4388 1537 4471 Lombardia,

183 4496 407 4565 Romandiola
423 4506 458 4564 et
469 4497 620 4566 Marchia
636 4498 848 4565 Anconitana
863 4505 898 4562 et
912 4495 985 4561 aliis
999 4494 1136 4561 diversis
1148 4494 1297 4580 partibus
1312 4514 1371 4581 per
1384 4498 1423 4558 26
1434 4513 1539 4559 annos

183 4600 274 4685 quasi
291 4601 450 4667 continue
465 4602 500 4668 in
515 4603 657 4669 servitiis
672 4602 703 4667 S.
722 4599 762 4667 R.
779 4600 819 4665 E.
835 4607 953 4666 contra
969 4598 1123 4664 inimicos
1138 4598 1286 4683 ejusdem
1302 4596 1453 4677 ecclesie,
1472 4618 1538 4661 non

184 4704 351 4789 parcendo
360 4704 529 4772 laboribus
538 4727 602 4773 nec
617 4706 771 4794 expensis
783 4704 815 4770 in
830 4724 997 4769 annorum
1011 4700 1171 4767 exercitio
1183 4700 1357 4780 laboravit,
1372 4701 1403 4765 in
1421 4700 1539 4784 quibus

186 4860 435 4872 m—-an

218 4946 238 4993 l.
253 4945 313 4993 l'oir·
324 4960 349 4994 ιι.
364 4948 434 4994 1331.
446 4973 478 4980 -
490 4951 512 4995 2.
527 4946 586 4993 l'oir
603 4960 629 4994 ιι.
644 4948 713 4995 1292.
769 4949 791 4993 3.
804 4944 865 4993 t‘oir
881 4959 906 4993 ιι.
920 4946 989 4991 1378.
