3650 5675
291 497 352 561 624
824 494 910 567 1352,
935 494 1020 557 15-18
1039 493 1117 573 juin.

290 648 468 729 dimittere,
479 655 514 714 et
525 649 601 715 loco
617 648 826 714 dimissorum
843 646 908 711 alia
924 646 1072 732 recipere
1084 654 1119 711 et
1131 646 1253 712 babere
1263 646 1401 727 valeret,
1414 646 1507 713 dieto
1518 647 1654 712 defectu

290 774 357 819 non
385 755 551 834 obstante,
579 751 892 839 apostauctoritate
920 749 982 816 fuit
1008 750 1266 837 dispensatum;
1290 757 1325 816 et
1348 748 1438 835 quod
1464 749 1653 835 hujusmodi

290 856 547 942 dispensationis
562 856 677 941 vigore
704 855 845 941 adeptus
872 852 935 919 luit
959 874 1063 921 unum
1085 854 1287 921 beneficium
1303 853 1568 919 ecclesiasticum
1584 873 1653 918 non

291 968 470 1041 curatum;
498 980 594 1046 supp.
623 967 713 1044 quat.
741 956 802 1024 sibi
827 956 1014 1023 uberiorem
1037 956 1183 1043 gratiam
1206 956 1375 1039 facientes,
1391 966 1428 1023 ut
1444 978 1549 1023 unum
1564 957 1654 1023 aliud

290 1064 492 1131 beneficium
520 1063 793 1143 ecclesiasticum,
822 1082 899 1129 cum
925 1061 1084 1147 predictis
1110 1062 1353 1148 compassibile‚
1380 1062 1511 1128 etiamsi
1537 1082 1653 1129 eorum

291 1170 434 1234 alterum
461 1168 617 1255 dignitas,
642 1175 840 1255 personatus
865 1165 920 1231 vel
945 1164 1094 1233 officium
1117 1166 1250 1247 existat,
1266 1166 1434 1251 adquam,
1462 1186 1572 1252 quem,
1599 1167 1654 1231 vel

289 1272 403 1357 quodn
419 1273 495 1351 eligi
512 1273 698 1353 consuevit,
723 1271 886 1352 obtinere,
903 1278 939 1337 et
955 1269 1045 1356 quod
1068 1270 1124 1337 illa
1147 1270 1249 1337 libere
1265 1278 1301 1337 et
1315 1291 1358 1337 ex
1373 1291 1472 1337 causa
1486 1279 1654 1357 permuta·

290 1377 391 1443 tionis
407 1386 441 1443 et
459 1378 542 1445 alias
566 1378 746 1457 dimittere,
771 1383 806 1441 et
833 1376 910 1441 loco
937 1374 1148 1441 dimissorum
1172 1375 1238 1443 alia
1253 1374 1401 1461 recipere
1417 1381 1451 1439 et
1466 1374 1598 1455 babere,
1617 1382 1656 1439 ut

290 1480 430 1563 quilibet
446 1481 595 1566 legitime
610 1482 751 1567 genitus,
762 1489 797 1548 et
807 1480 965 1566 quotiens
980 1480 1040 1546 sibi
1056 1480 1219 1567 placuerit
1234 1480 1339 1566 possit
1351 1479 1510 1547 dictasua
1520 1480 1655 1566 dispen-

291 1585 420 1651 satione
436 1585 469 1651 in
486 1606 546 1655 suo
561 1586 675 1671 vigore
691 1592 912 1673 permanente
928 1592 963 1650 et
979 1584 1113 1652 defectu
1128 1583 1281 1670 predicto
1296 1592 1331 1651 et
1345 1584 1418 1651 aliis
1441 1604 1654 1671 nequaquam

292 1693 388 1772 obst,
405 1710 518 1756 secum
534 1689 715 1777 dignemini
732 1690 936 1777 dispensare.
951 1730 994 1739 —
1011 1688 1087 1755 Fiat
1104 1688 1144 1753 R.

337 1792 415 1860 Dat.
431 1794 531 1861 Avin.
550 1816 567 1881 3
585 1794 628 1863 id.
641 1794 726 1880 junii
743 1801 776 1861 a⁰
796 1800 856 1859 11⁰.
874 1794 951 1879 (22,
969 1796 1050 1878 30¹).

347 1945 498 2033 2403.
1358 1981 1453 2046 1352,
1471 1981 1513 2044 15
1522 1959 1609 2043 juin.

338 2060 437 2128 Motu
452 2064 586 2150 proprio
602 2065 815 2151 providemus
840 2065 1029 2147 Pictavino‚
1042 2066 1178 2133 basilice
1194 2065 1262 2132 XII
1281 2068 1512 2153 apostolorum
1528 2065 1654 2152 presbi-

292 2174 366 2232 tero
390 2166 548 2233 cardinali
563 2178 583 2249 ¹,
619 2170 660 2235 de
685 2179 865 2255 personatu
890 2172 933 2237 de
959 2170 1077 2253 Gbele,
1106 2172 1265 2238 Leodien.
1290 2172 1388 2253 dioc,
1415 2192 1489 2237 vac.
1517 2191 1577 2257 per
1599 2173 1655 2235 ob.

292 2271 409 2336 ultime
433 2292 574 2357 persone
602 2274 761 2359 ejusdem,
789 2276 844 2359 qui
862 2274 895 2339 in
913 2275 1011 2341 Rom.
1039 2277 1129 2342 curia
1151 2277 1241 2343 diem
1265 2278 1383 2343 clausit
1398 2283 1595 2341 extremum.
1612 2314 1656 2325 —

294 2374 371 2440 Fiat
387 2384 482 2441 motu
505 2379 640 2463 proprio
657 2376 697 2445 R.

337 2479 416 2546 Dat.
432 2480 530 2547 Avin.
551 2500 588 2566 17
604 2480 672 2549 kal.
685 2483 756 2569 julii
774 2492 807 2549 a⁰
827 2492 887 2551 11⁰.
905 2486 981 2571 (22,
1000 2486 1068 2570 24).

344 2632 498 2719 2404.
1358 2674 1453 2739 1352,
1470 2658 1512 2721 18
1520 2653 1607 2736 juin.

336 2752 436 2841 Supp.
477 2754 643 2823 Robertus
674 2756 817 2825 Infantis
842 2776 863 2842 ²,
891 2758 994 2845 judex
1032 2760 1138 2846 major
1175 2760 1367 2827 senescallie
1402 2759 1577 2827 Bellicadri
1617 2768 1653 2825 et

294 2855 465 2940 Nemausi,
483 2869 574 2943 quat.
591 2863 817 2947 provisionem
833 2864 893 2931 sibi
910 2864 1036 2932 factam
1051 2865 1093 2931 de
1108 2868 1201 2951 preb.
1214 2866 1354 2932 ecclesie
1366 2865 1564 2945 Tomacen,
1577 2885 1653 2930 vac.

292 2983 350 3048 per
379 2973 523 3029 mortem
541 2964 674 3032 Nicolai
705 2967 746 3033 de
772 2967 914 3055 Nouroy
925 2981 947 3051 ³,
972 2970 1028 3054 qui
1045 2974 1140 3034 extra
1156 2970 1281 3036 curiam
1294 2969 1390 3036 Rom.
1417 2971 1507 3037 diem
1533 2970 1654 3036 clausit

215 3095 218 3100 ·
292 3069 674 3156 extremum,dignemini
703 3075 898 3140 confirmare
926 3096 984 3142 seu
1000 3076 1042 3141 de
1058 3095 1148 3141 novo
1175 3076 1335 3156 conferre,
1362 3096 1430 3141 non
1447 3078 1533 3141 obst.
1549 3077 1652 3140 bene-

291 3172 373 3237 ficiis
389 3194 453 3259 que
470 3175 601 3242 obtinet
616 3178 670 3242 vel
687 3186 853 3263 expectat,
881 3200 946 3265 que
972 3200 1033 3266 pro
1059 3179 1222 3265 expressis
1245 3180 1369 3244 habere
1391 3179 1583 3264 dignemini.
1609 3218 1654 3230 -

174 3325 178 3332 .
296 3273 373 3341 Fiat
390 3275 430 3340 R.
490 3297 493 3303 ·

336 3377 416 3446 Dat.
432 3381 531 3448 Avia.
554 3403 590 3469 14
606 3382 673 3451 kal.
691 3385 758 3468 iulii
776 3395 809 3454 a⁰
830 3395 889 3456 11⁰.
907 3389 981 3472 (22,
1000 3394 1062 3472 31).

342 3535 494 3619 2405.
1354 3577 1394 3640 15
1396 3576 1450 3638 52,
1467 3559 1512 3621 18
1519 3539 1605 3638 jacin.

334 3655 435 3744 Supp.
452 3653 685 3740 B(ernardus),
702 3657 733 3724 S.
752 3658 924 3726 Eustachii
951 3659 1114 3725 diaconus
1141 3659 1327 3742 cardinalis
1343 3669 1435 3745 quat.
1455 3660 1594 3747 [Pontio
1609 3660 1653 3726 de

293 3758 407 3841 Metri,
433 3760 599 3826 canonico
622 3759 799 3848 Metensi],
825 3763 868 3827 de
884 3783 958 3829 can.
982 3772 1018 3828 et
1041 3767 1133 3849 preb.
1162 3765 1302 3831 ecclesie
1328 3763 1468 3845 Meten,
1493 3786 1566 3830 vac.
1592 3785 1653 3850 per

289 3873 433 3931 mortem
451 3864 591 3932 Henrici
608 3865 650 3931 de
668 3865 889 3933 Hombourch
900 3881 922 3950 ⁴,
947 3869 1049 3954 ipsius
1075 3870 1215 3934 ecclesie
1240 3870 1318 3936 dum
1344 3869 1473 3935 viveret
1499 3869 1651 3935 canonici

288 3967 495 4056 prebendati,
525 3989 600 4036 cum
625 3969 691 4035 suis
712 3971 839 4056 juribus
865 3981 901 4038 et
926 3974 1138 4059 pertinentiis
1162 3973 1332 4054 universis,
1357 3974 1487 4040 etiamsi
1511 3974 1554 4039 sit
1569 3973 1653 4038 alias

289 4073 462 4140 collationi
479 4081 537 4140 aut
553 4073 762 4160 dispositioni
791 4085 900 4144 vestre
917 4099 975 4144 seu
1003 4078 1089 4145 sedis
1111 4087 1219 4164 apost.
1241 4079 1439 4163 generaliter
1454 4079 1509 4142 vel
1524 4078 1652 4164 specia-

289 4179 364 4244 liter
390 4187 570 4260 reservata,
586 4178 629 4244 de
645 4179 851 4264 benignitate
877 4189 988 4248 vestra
1014 4182 1112 4249 solita
1139 4183 1289 4248 conferre
1304 4191 1339 4248 et
1354 4182 1396 4247 de
1419 4203 1460 4248 ea
1475 4182 1651 4268 providere

288 4281 471 4368 dignemini
498 4291 533 4348 et
559 4283 669 4348 velitis
700 4307 708 4364 ;
740 4305 808 4350 non
835 4287 924 4352 obst.
953 4286 1044 4371 quod
1071 4285 1159 4352 idem
1188 4285 1337 4366 Pontius,
1364 4294 1519 4371 pretextu
1545 4286 1652 4370 gratie

289 4386 441 4474 specialis
456 4407 515 4473 per
530 4387 562 4452 S.
579 4387 617 4452 V.
635 4387 696 4452 sibi
724 4387 812 4454 facte
840 4387 883 4452 de
910 4409 984 4456 can.
1009 4389 1099 4455 dicte
1115 4390 1256 4456 ecclesie
1272 4392 1333 4456 sub
1348 4410 1423 4476 exp.
1439 4391 1542 4475 preb,
1558 4399 1650 4475 post·

289 4491 426 4558 modum
442 4490 647 4578 prebendam
664 4492 754 4558 dicte
770 4492 921 4572 ecclesie,
949 4514 1013 4578 que
1040 4492 1102 4560 fuit
1117 4491 1136 4571 J
1140 4494 1283 4559 ohannis
1297 4494 1340 4560 de
1358 4492 1535 4578 Ragecort,
1548 4493 1651 4579 ipsius

320 4681 510 4744 mssdwm

325 4865 345 4909 l.
359 4862 476 4910 Pictavin
488 4861 520 4910 dc
532 4862 718 4924 Montesauieu.
731 4865 768 4913 dv.
782 4865 874 4923 d'ntbi,
888 4867 990 4914 nomme
1003 4867 1026 4916 le
1039 4871 1068 4916 17
1080 4866 1214 4917 ‹lc'uenrbre
1225 4871 1287 4917 1350
1299 4868 1403 4931 (Eubel.
1417 4869 1436 4929 l,
1451 4873 1501 4931 ts).
1510 4897 1542 4906 —
1554 4874 1576 4919 2.
1590 4871 1652 4919 l'oir

291 4937 1084 5000 amm-awnnmm—tffimmmmnnwt
