3650 5675
284 494 340 557 178
790 491 876 563 1344,
899 490 988 554 16-17
1010 490 1138 555 octobre.

283 645 456 711 affinitatis
471 645 658 730 hujusmodi
674 665 744 710 non
760 646 856 724 obst,
872 643 964 707 licite
978 642 1108 728 possint
1123 643 1158 707 in
1174 642 1221 709 sic
1238 651 1412 709 contracto
1428 647 1644 714 matrimonio

283 770 465 831 remanere,
476 751 677 836 dispensare,
688 750 817 835 prolem
826 754 1017 832 susceptam
1027 768 1069 811 ex
1078 745 1171 813 dicto
1181 748 1395 813 matrimonio
1407 750 1644 833 legitimantes.

283 895 327 905 -
354 854 431 919 Fiat
454 874 513 940 per
538 853 764 933 diocesanum,
791 852 870 938 ipsis
896 850 941 916 ad
965 858 1099 936 tempus
1125 851 1297 937 separatis,
1328 859 1363 918 et
1385 852 1535 936 injuncta
1556 856 1645 921 bona

282 958 478 1044 penitentia,
505 965 540 1022 et
564 957 655 1042 quod
680 964 860 1022 teneantur
879 975 982 1020 unam
998 954 1117 1041 capell.
1134 954 1252 1020 dotare
1267 963 1302 1019 et
1318 954 1456 1021 fundare
1471 956 1514 1021 de
1532 979 1571 1023 20
1587 959 1643 1025 lib.

284 1062 386 1127 annui
402 1060 550 1126 redditus
566 1060 650 1127 infra
665 1062 847 1126 biennium.
864 1058 905 1125 R.

327 1165 406 1231 Dat.
422 1164 522 1230 Avin.
541 1182 558 1248 7
576 1164 619 1230 id.
636 1173 702 1230 001.
719 1172 751 1229 a⁰
768 1172 810 1248 3⁰.
827 1164 875 1247 (7,
897 1163 963 1248 14).

333 1329 440 1410 741.
1292 1361 1387 1425 1344,
1405 1342 1446 1406 ro
1462 1344 1599 1408 octobre.

324 1448 489 1532 Dignetur
515 1447 547 1512 S.
564 1445 603 1511 V.
621 1444 807 1511 concedere
832 1444 1083 1529 Thyllemanno
1109 1444 1152 1509 de
1174 1444 1336 1510 Rosseme
1352 1454 1372 1525 ¹,
1389 1444 1465 1509 cler.
1483 1443 1643 1511 Leodien.

280 1549 377 1631 dioc,
390 1550 554 1635 receptori
568 1550 653 1634 regis
669 1548 808 1615 Boemie
824 1548 857 1612 in
873 1548 1037 1613 comitatu
1054 1547 1336 1632 Lucemburgensi
1349 1554 1385 1612 61
1398 1546 1644 1634 Mathildi,ejus

279 1655 383 1736 uxori,
403 1653 487 1741 [ind.
506 1654 550 1718 in.
567 1663 627 1718 art.
643 1651 759 1737 mort]
781 1692 819 1701 —
838 1651 914 1717 Fiat
932 1652 972 1717 R.

325 1759 402 1823 Dat.
420 1758 519 1823 Acin.
541 1776 577 1841 17
594 1757 662 1822 kal.
679 1777 756 1822 nov.
773 1764 805 1821 a⁰
823 1764 864 1841 3⁰.
882 1762 927 1836 (7,
954 1763 1033 1839 22').

332 1919 446 2001 742.
1291 1954 1385 2018 1344,
1404 1935 1444 1998 16
1459 1938 1596 2003 octobre.

324 2038 426 2123 Supp.
439 2035 482 2099 W
483 2036 649 2100 illenneta
671 2035 713 2100 (16
738 2033 947 2116 Molendino,
963 2056 1091 2121 pauper
1113 2037 1225 2122 puella
1253 2035 1420 2104 Morinen.
1436 2040 1533 2121 dioc,
1549 2051 1640 2125 quat.

280 2142 387 2227 ipsam
408 2141 441 2205 in
465 2140 623 2226 hospitali
640 2162 825 2226 pauperum
841 2138 879 2204 B.
897 2138 947 2205 M.
964 2139 1006 2204 de
1022 2140 1188 2221 Tomaco,
1204 2140 1297 2207 dicto
1314 2142 1509 2209 Hostelaria
1525 2143 1563 2209 B.
1582 2144 1639 2225 M,

280 2252 369 2310 auct.
399 2252 507 2331 apost.
532 2244 633 2329 recipi
651 2244 780 2309 faciatis
796 2245 829 2307 in
846 2264 1004 2323 sororem,
1021 2245 1148 2327 sibique
1171 2245 1322 2310 habitum
1338 2248 1533 2331 regularem,
1547 2249 1640 2332 juxta

280 2348 383 2433 ipsius
412 2347 589 2434 hospitalis
620 2347 909 2429 consuetudinem,
955 2348 1102 2412 exhiberi
1134 2355 1168 2412 et
1198 2348 1241 2412 (16
1271 2350 1504 2415 communibus
1540 2351 1641 2436 ipsius

280 2452 454 2538 hospitalis
471 2452 698 2538 proventibus,
714 2451 800 2516 sicut
816 2452 871 2515 uni
889 2472 931 2514 ex
947 2451 1019 2515 aliis
1033 2451 1115 2516 dicti
1130 2451 1306 2536 hospitalis
1322 2455 1496 2535 sororibus,
1514 2454 1641 2539 integre

278 2556 457 2640 provideri,
473 2576 616 2640 eamque
638 2555 763 2621 ibidem
779 2556 907 2621 sincera
925 2556 958 2620 in
974 2556 1122 2621 Domino
1137 2556 1277 2621 caritate
1291 2559 1428 2623 tractari
1445 2581 1453 2639 ;
1469 2580 1538 2625 11011
1555 2562 1640 2625 obst.

278 2660 541 2745 quibuscumque
551 2660 727 2740 statutis...
738 2680 873 2725 omnem
886 2659 1056 2725 desectum
1070 2660 1234 2744 presentis
1249 2662 1512 2746 supplicationis
1525 2662 1551 2727 si
1568 2664 1640 2747 quis

278 2764 410 2844 existat,
427 2784 486 2850 per
508 2763 745 2829 cancellariam
761 2763 792 2829 S.
809 2762 849 2828 V.
864 2762 1066 2828 mandantes
1080 2783 1140 2850 per
1155 2764 1270 2829 omnia
1285 2765 1402 2851 corrigi
1426 2774 1459 2830 et
1472 2767 1615 2852 suppleri
1628 2789 1638 2848 ;

279 2888 355 2932 cum
366 2868 533 2952 appositio
543 2876 576 2932 et
586 2867 795 2953 depositio,si
806 2867 876 2932 fore
886 2867 1044 2948 facerent,
1055 2888 1204 2933 sororum
1214 2867 1296 2934 dicti
1306 2870 1480 2955 hospitalis
1489 2871 1639 2935 totaliter

277 2971 445 3056 pertineat
458 2972 501 3036 ad
513 2971 586 3036 dec.
598 2980 633 3036 et
643 2971 828 3057 capitulum
851 2971 933 3036 eccl.
956 2970 1155 3053 Tomacen,
1168 2973 1241 3057 jure
1257 2971 1343 3036 sedis
1358 2981 1466 3056 apost.
1482 2972 1516 3035 in
1532 2973 1637 3037 omni-

276 3076 339 3138 bus
354 3075 457 3153 661110,
471 3073 514 3138 ad
524 3075 694 3139 servitium
707 3095 891 3160 pauperum
907 3073 1056 3159 ejusdem
1071 3076 1246 3161 hospitalis
1260 3074 1494 3160 deputatamm
1509 3097 1518 3154 ;
1540 3082 1575 3139 et
1594 3076 1637 3140 sit

277 3177 401 3243 ibidem
417 3177 519 3242 etiam
535 3179 693 3262 magister
708 3177 904 3242 hostelarius
920 3178 1009 3244 dicte
1024 3178 1203 3244 hostelarie
1219 3186 1254 3243 et
1268 3177 1431 3263 priorissa.
1452 3214 1483 3226 -
1510 3176 1588 3243 Fiat
1602 3178 1637 3242 in

278 3281 394 3347 forma.
412 3281 452 3347 R.
469 3281 582 3346 Gratis
597 3303 657 3368 pro
674 3282 758 3346 De0.
780 3320 812 3329 -
831 3281 908 3347 Fiat
925 3280 965 3348 R.

321 3385 401 3451 Dat.
417 3385 517 3451 Avin.
538 3404 575 3469 17
591 3385 658 3450 kal.
674 3407 752 3450 11011.
770 3393 803 3450 a⁰
820 3393 861 3470 3⁰.
879 3386 927 3470 (7,
946 3387 1013 3470 26).

330 3539 445 3624 743.
1287 3574 1381 3638 1344,
1398 3571 1439 3636 17
1455 3555 1594 3619 octobre.

323 3655 413 3742 Sign.
441 3655 602 3721 Beraldus
629 3655 800 3742 Dalphini,
835 3656 927 3722 dom.
959 3655 1126 3738 Mereorii,
1157 3656 1248 3740 quod
1277 3677 1365 3741 mag.
1396 3656 1570 3741 Philippus
1594 3655 1637 3720 (16

278 3759 459 3841 Volandre,
475 3759 556 3824 olim
572 3779 645 3845 cap.
662 3760 782 3844 capell.
797 3761 839 3826 de
857 3759 1001 3842 Hames,
1017 3760 1103 3826 dioc.
1119 3762 1342 3840 Attrebaten,
1358 3758 1503 3825 eandem
1520 3760 1637 3845 capell.

279 3883 356 3928 cum
372 3883 438 3928 una
453 3863 607 3947 portione
630 3863 782 3948 parroch.
795 3865 877 3930 eccl.
899 3864 1077 3949 Eynensis,
1099 3864 1288 3930 Tomacen.
1310 3865 1408 3945 dioc,
1433 3884 1534 3948 quam
1556 3872 1637 3929 tunc

278 3969 416 4032 tenebat
442 3965 616 4044 Johannes
631 3966 673 4031 de
689 3966 882 4053 Vironvayo
898 3978 918 4049 ²,
935 3969 1220 4034 consentientibus
1245 3969 1397 4053 patronis
1422 3988 1462 4033 ac
1487 3968 1636 4033 1000111111

278 4069 460 4150 ordinariis,
477 4069 589 4150 libere,
602 4069 715 4135 debite
727 4078 762 4134 et
774 4071 936 4136 canonice
947 4071 1161 4158 permutavit,
1173 4079 1208 4135 et
1217 4070 1434 4157 postmodum
1446 4071 1635 4156 portionem

278 4173 380 4259 ipsius
396 4173 478 4239 eccl.
494 4173 556 4238 fuit
572 4181 744 4239 assecutus
753 4183 789 4238 et
799 4194 875 4242 can.
885 4195 905 4240 a
916 4185 1045 4260 septem
1055 4175 1152 4240 annis
1161 4175 1307 4240 obtinuit
1319 4173 1459 4259 pacifice
1475 4181 1510 4237 et
1526 4172 1636 4239 adhuc

277 4277 426 4344 noscitur
450 4277 612 4342 obtinere.
639 4276 726 4359 Quia
754 4286 868 4342 tamen
898 4276 1042 4360 dubitat,
1071 4278 1151 4344 licet
1179 4298 1249 4342 non
1280 4275 1406 4358 credat,
1432 4274 1524 4360 quod
1545 4274 1636 4342 dicta

276 4381 474 4448 beneficia...
493 4379 631 4466 [fuerint
647 4379 879 4466 reservata]...,
897 4401 992 4467 supp.
1008 4389 1100 4466 quat.
1115 4381 1400 4468 permutationem
1417 4377 1638 4465 predictam...

276 4483 458 4569 dignemini
475 4487 670 4570 approbare.
691 4520 723 4531 ·—
746 4482 823 4549 Fiat
838 4484 863 4548 si
881 4484 964 4550 alias
979 4486 1042 4550 rite
1058 4485 1146 4551 facta
1163 4485 1206 4551 sit
1223 4483 1264 4550 R.

320 4588 399 4654 Dat.
415 4589 514 4654 Avin.
531 4587 746 4654 1611611101.
763 4595 796 4652 6ο
813 4595 856 4672 3⁰.
873 4589 921 4673 (7,
939 4591 1006 4674 24).

308 4826 330 4873 l.
344 4825 378 4873 Oe
389 4821 446 4872 doit
456 4823 510 4874 btre
521 4839 550 4873 ce
562 4823 681 4873 Thilman
701 4824 733 4874 de
753 4825 854 4874 Rosmel
874 4827 1037 4890 (Rormaer),
1055 4830 1099 4891 qui
1117 4829 1198 4890 figure
1209 4829 1230 4875 si
1242 4832 1351 4876 souvent
1362 4839 1461 4875 comme
1472 4839 1593 4873 receveur
1603 4822 1636 4873 de

274 4903 429 4954 1111611116
442 4903 518 4967 Liege
531 4905 671 4968 (Poncelet,
686 4905 764 4967 blesa,
777 4910 883 4971 passim)
894 4925 900 4968 ς
912 4909 949 4958 ci.
962 4910 1027 4959 Mon.
1042 4910 1096 4960 Vol.
1109 4910 1181 4970 Bell,
1194 4911 1213 4968 I,
1227 4924 1253 4960 n.
1264 4911 1320 4959 256.
1330 4937 1363 4946 -
1374 4912 1398 4959 2.
1408 4907 1472 4956 Volr
1482 4921 1508 4956 n.
1520 4907 1575 4954 122.
