3650 5675
647 828 996 928 Tnorsnamn
1031 834 1243 929 nuuen

521 1093 578 1175 19
615 1095 716 1175 mai
756 1094 886 1179 1344
923 1142 973 1151 -
1011 1094 1069 1176 18
1107 1096 1208 1176 mal
1247 1097 1376 1227 1345

317 1463 427 1545 729.
1220 1496 1315 1560 1344,
1332 1494 1374 1558 27
1393 1478 1581 1561 septembre.

309 1582 410 1667 Supp.
428 1601 520 1647 soror
535 1581 649 1665 Agnes
665 1578 713 1645 Le
738 1579 923 1662 emouere,
939 1580 1028 1645 tertii
1054 1579 1124 1645 ord.
1141 1578 1180 1645 B.
1205 1578 1386 1660 Francisci,
1411 1579 1625 1646 Cameracen.

263 1686 363 1765 dioc„
380 1705 506 1770 pauper
520 1684 648 1765 mulier,
674 1705 739 1769 que
766 1691 902 1770 propter
925 1704 1059 1769 guerras
1083 1704 1199 1769 regum
1224 1682 1365 1748 Francie
1389 1690 1424 1747 et
1438 1684 1568 1767 Anglie,
1586 1705 1626 1749 ac

266 1788 392 1873 ignium
409 1788 565 1855 incendia
590 1787 768 1854 occasione
793 1808 985 1872 guerrarum
1012 1787 1169 1873 ipsarum,
1186 1785 1345 1872 quicquid
1368 1786 1403 1850 in
1419 1787 1626 1853 boemundo

266 1894 412 1959 habebat
428 1893 579 1958 totaliter
604 1891 737 1971 amisit3
763 1900 856 1976 quat.
872 1892 1037 1976 aliquibus
1062 1891 1214 1957 discretis
1238 1890 1317 1955 viris
1339 1890 1420 1955 dare
1443 1890 1626 1975 dignemini

267 1997 385 2063 vestris
400 1998 520 2063 litteris
536 1998 570 2062 in
585 1996 763 2077 mandatis,
791 1996 882 2080 quod
908 1996 981 2082 ipsi,
996 1997 1052 2060 vel
1077 1996 1144 2061 duo
1160 2003 1219 2061 aut
1244 2016 1329 2060 unus
1355 2015 1481 2077 eorum,
1508 2017 1568 2081 per
1590 2017 1626 2063 se

267 2101 322 2165 vel
348 2101 451 2166 alium
466 2121 525 2165 seu
546 2100 640 2179 alios,
656 2099 782 2165 faciant
798 2099 940 2165 eandem
961 2100 1131 2184 Agnetem
1149 2099 1184 2164 in
1211 2099 1371 2185 hospitali
1386 2119 1571 2186 pauperum
1587 2099 1625 2165 B.

269 2203 318 2269 M.
336 2202 487 2285 Remen.,
504 2224 571 2268 una
596 2223 673 2269 cum
699 2204 865 2268 sororibus
891 2202 1042 2288 ejusdem
1066 2204 1168 2289 recipi
1195 2204 1229 2267 in
1254 2203 1382 2269 sociam
1408 2211 1443 2267 et
1468 2223 1624 2283 sororem,

267 2306 405 2391 sibique,
409 2307 505 2390 juxta
518 2306 619 2391 ipsius
628 2306 803 2391 hospitalis
814 2306 1103 2388 consuetudinem,
1110 2307 1295 2391 regularem
1305 2307 1457 2372 habitum
1469 2308 1626 2386 exhiberi,

267 2418 303 2475 et
317 2410 447 2475 sincera
463 2410 497 2474 in
514 2410 663 2475 Domino
687 2410 825 2475 caritate
841 2411 987 2492 tractari,
1008 2431 1050 2475 ac
1065 2410 1096 2474 ei
1111 2409 1154 2475 de
1181 2411 1416 2476 communibus
1436 2410 1627 2476 fructibus...

268 2514 368 2600 ipsius
398 2513 582 2600 hospitalis,
614 2514 700 2580 sicut
730 2514 787 2591 uni
815 2535 857 2578 ex
881 2514 955 2579 aliis
979 2514 1128 2599 ejusdem
1154 2514 1329 2599 hospitalis
1355 2515 1531 2595 sororibus,
1557 2515 1628 2580 sine

264 2616 535 2682 contradictione
559 2616 670 2701 aliqua
697 2638 845 2683 exnunc
872 2618 1000 2702 integre
1027 2617 1205 2703 provideri,
1221 2625 1257 2682 et
1271 2617 1463 2702 portionem
1478 2618 1627 2684 debitam

263 2726 302 2783 et
322 2729 529 2802 consuetam,
556 2728 656 2806 prout
671 2721 744 2786 aliis
764 2722 931 2787 sororibus
946 2720 1096 2804 eiusdem
1111 2720 1288 2806 hospitalis
1303 2729 1355 2786 est
1369 2721 1450 2786 inibi
1461 2722 1530 2786 fieri
1548 2741 1627 2786 con-

268 2830 409 2904 suetum,
427 2824 555 2910 integre
570 2845 630 2910 per
646 2825 761 2890 omnia
777 2824 978 2905 ministrari;
995 2846 1066 2891 non
1083 2827 1169 2891 obst.
1185 2824 1436 2910 quibuscunque
1462 2825 1625 2890 statutis...

269 2927 371 3012 ipsius
386 2927 563 3014 hospitalis
579 2929 764 2994 contrariis.
782 2965 814 2976 -
836 2927 913 2993 Fiat
936 2928 970 2992 in
987 2927 1095 2993 tonna
1111 2927 1151 2993 R.

313 3029 393 3096 Dat.
409 3051 464 3117 ap.
481 3031 730 3098 Villamnovam
749 3051 765 3116 5
782 3031 850 3097 kal.
867 3040 934 3098 oct.
947 3039 981 3097 a⁰
998 3039 1039 3116 3⁰.
1058 3032 1105 3116 (7,
1122 3033 1169 3116 4).

322 3167 433 3252 730·
1221 3203 1315 3266 1344,
1332 3183 1374 3246 28
1393 3183 1583 3268 septembre.

314 3284 404 3370 Sign.
420 3284 439 3363 J
443 3286 593 3351 ohannes
618 3286 660 3352 de
687 3285 810 3352 Nussia
826 3296 845 3367 ¹,
870 3286 981 3353 dictus
1008 3287 1050 3353 de
1075 3287 1182 3368 Billia‚
1208 3290 1317 3374 presb.
1340 3285 1515 3352 Colonien.
1530 3285 1629 3366 dioc„

264 3386 360 3473 quod
369 3389 449 3453 olim
462 3408 576 3453 secum
591 3409 690 3474 super
704 3388 769 3454 dei.
779 3390 954 3471 natalium,
968 3411 1069 3474 quem
1083 3391 1209 3477 patitur
1223 3390 1265 3456 de
1280 3391 1485 3456 subdiacono
1499 3390 1632 3475 genitus

269 3498 303 3554 et
319 3492 437 3572 soluta,
455 3489 555 3575 quod,
572 3511 697 3556 eonon
714 3494 800 3557 obst.
815 3492 892 3572 det,
908 3501 1023 3578 posset
1045 3494 1088 3559 ad
1104 3514 1221 3559 omnes
1238 3493 1371 3559 ordines
1385 3492 1574 3579 promoveri
1597 3501 1631 3557 et

270 3595 351 3659 eccl.
361 3596 438 3659 ben.
453 3593 614 3674 obtinere,
626 3594 729 3660 etiam
745 3595 771 3660 si
787 3616 902 3661 curam
918 3596 1057 3662 haberet
1072 3597 1268 3677 animarum,
1291 3604 1380 3661 auct.
1396 3604 1504 3681 apost.
1520 3595 1632 3660 extitit

265 3697 501 3783 dispensatum
514 3720 522 3777 ;
539 3704 617 3782 post
632 3719 734 3783 quam
749 3697 1034 3784 dispensationem
1061 3701 1104 3766 ad
1127 3721 1245 3766 omnes
1272 3699 1406 3766 ordines
1419 3699 1483 3764 rite
1497 3719 1631 3785 promo

268 3808 332 3880 tm,
356 3799 524 3884 quandam
550 3802 704 3886 parrooh.
731 3802 813 3868 eccl.
829 3803 943 3868 extitit
968 3804 1132 3870 canonice
1147 3812 1327 3884 assecutus,
1344 3823 1385 3868 ac
1399 3801 1532 3884 deinde,
1548 3803 1630 3867 eccl.

270 3902 420 3989 predicta
450 3903 595 3984 dimissa,
613 3905 719 3970 altare
751 3904 789 3971 B.
804 3904 927 3983 Judoci
954 3907 989 3971 in
1020 3907 1103 3973 eccl.
1134 3906 1173 3972 B.
1191 3905 1240 3973 M.
1264 3906 1441 3990 Aquensis,
1468 3904 1629 3970 Leodien.

269 4005 367 4086 dioc,
391 4007 457 4071 val.
474 4027 551 4072 ann.
571 4011 608 4071 16
624 4007 658 4073 fl.
674 4009 729 4072 vel
745 4009 842 4092 circa,
859 4010 941 4076 alias
966 4011 1138 4091 canonice,
1154 4010 1217 4075 fuit
1241 4010 1391 4098 adeptus¹
1409 4006 1556 4092 illudque
1571 4027 1630 4093 per

269 4108 524 4192 quadriennium
540 4115 575 4173 et
590 4112 732 4197 amplius
756 4113 905 4198 possedit
929 4123 964 4179 et
990 4112 1137 4200 possidet
1160 4113 1301 4200 pacifice
1317 4121 1351 4177 et
1367 4112 1489 4196 quiete,
1505 4111 1630 4177 fluctus

269 4213 457 4298 percipiens
484 4214 526 4279 de
542 4214 673 4280 eodem.
701 4215 786 4283 Cum
811 4225 936 4300 autem,
952 4219 1038 4283 sicut
1062 4239 1083 4283 a
1106 4217 1222 4305 peritis
1248 4216 1414 4297 asseritur,
1440 4214 1630 4299 hujusmodi

269 4315 476 4401 dispensatio
492 4316 535 4382 ad
551 4317 679 4384 dictum
696 4322 802 4386 altare
829 4322 967 4386 minime
991 4343 1027 4387 se
1054 4321 1224 4402 extendat,
1241 4321 1348 4406 suppl.
1375 4327 1467 4404 quat.
1493 4339 1629 4383 omnem

270 4418 500 4500 inhabilitatis,
517 4419 769 4505 irregularitatis
790 4432 825 4488 et
840 4423 978 4488 iniamie
1002 4426 1171 4490 maculam
1198 4424 1268 4489 sive
1290 4429 1407 4488 notam
1421 4441 1481 4506 per
1496 4440 1572 4484 eum
1588 4440 1631 4483 ex

269 4523 464 4607 receptione
488 4523 603 4589 altaris
619 4546 659 4590 ac
675 4525 842 4592 fructuum
866 4526 1103 4612 predictorum,
1130 4536 1188 4593 aut
1211 4527 1293 4593 alias
1319 4546 1433 4591 eorum
1452 4524 1630 4590 occasione

271 4633 494 4706 contractam,
512 4625 694 4712 dignemini
719 4637 808 4696 auct.
835 4638 944 4716 apost.
969 4630 1122 4696 totaliter
1147 4632 1281 4696 abolere
1305 4629 1480 4712 dictosque
1506 4627 1630 4692 fructus

305 4833 327 4880 1.
341 4831 488 4892 stenetland,
503 4832 594 4880 luera.
612 4831 679 4892 trra,
694 4834 764 4882 2017.
