3650 5675
318 554 379 619 278
736 555 824 630 1346,
847 555 1107 634 271011001102
1131 558 1257 623 octobre.

372 707 516 790 1068·
1276 724 1372 810 1346,
1388 743 1430 810 27
1446 726 1635 813 septembre.

364 825 465 912 Supp.
481 823 501 902 J
504 824 654 889 ohannes
671 823 827 890 Cristiani
843 825 886 891 de
902 824 1080 908 Worbiset,
1097 835 1189 911 quat.
1213 849 1302 914 spec.
1319 849 1365 913 gr.
1381 829 1544 895 facientes
1559 827 1679 910 eidem,

320 932 396 994 ben.
412 928 495 994 eccl.
510 948 540 994 0.
556 948 585 994 0.
600 929 656 993 vel
671 950 696 994 s.
712 949 752 1009 0.,
766 931 869 995 etiam
882 931 909 996 si
919 930 1008 1015 dign.
1021 933 1075 996 vel
1088 951 1173 1017 pers.
1186 941 1246 998 aut
1257 933 1313 999 off.
1326 935 1459 1014 existat,
1472 942 1627 1020 spectans
1637 933 1681 999 ad

320 1030 428 1098 coll...
446 1029 547 1116 episc.
564 1029 735 1113 Leodien.,
752 1034 844 1118 cujus
860 1033 1025 1100 fluctus...
1045 1034 1072 1099 si
1088 1055 1115 1100 0.
1133 1056 1161 1100 0.
1180 1055 1230 1120 50,
1255 1037 1280 1101 si
1305 1057 1386 1102 vero
1409 1057 1434 1104 s.
1460 1059 1488 1104 0.
1513 1037 1612 1103 1110111
1640 1059 1680 1122 30

320 1135 446 1201 march.
462 1153 540 1219 arg,
556 1154 622 1200 sec.
638 1143 708 1201 tax.
724 1136 864 1217 decime,
881 1138 1032 1203 valorem
1049 1159 1198 1204 annuum
1221 1160 1291 1204 non
1307 1140 1481 1222 excedant,
1510 1141 1599 1227 [vac.
1625 1143 1680 1206 vel

320 1236 461 1325 vacat.,]
491 1236 731 1304 conferendum
755 1240 827 1321 sibi,
855 1241 1039 1326 dignemini
1064 1263 1232 1310 reservare
1253 1267 1261 1324 ;
1289 1264 1357 1310 non
1382 1247 1468 1310 obst.
1494 1245 1584 1329 quod
1611 1246 1681 1331 ipse

322 1343 354 1407 S.
371 1339 422 1421 Μ.
437 1342 605 1426 Aquensis
629 1351 665 1407 et
681 1341 915 1428 Hugardensis
940 1346 1157 1412 ecclesiarum
1184 1369 1259 1414 can.
1286 1355 1321 1414 et
1347 1351 1449 1435 preb,
1469 1349 1559 1416 dicte
1583 1349 1680 1430 dioc,

322 1453 485 1512 noscatur
502 1446 665 1511 obtinere.
680 1487 724 1497 —
741 1447 819 1514 Fiat
834 1469 939 1533 usque
954 1450 1178 1517 adsummam
1195 1473 1237 1536 40
1253 1472 1282 1517 0.
1298 1473 1338 1533 0.,
1356 1473 1395 1537 25
1413 1473 1438 1518 s.
1455 1473 1483 1519 c.
1501 1453 1541 1518 R.

366 1551 445 1616 Dat.
460 1551 561 1616 Avin.
578 1570 595 1634 5
613 1548 679 1617 kal.
695 1558 762 1617 oct.
778 1560 811 1619 a⁰
828 1560 870 1637 5⁰.
888 1554 959 1637 (12,
978 1555 1057 1638 39V).

375 1703 522 1788 1069.
1277 1721 1372 1807 1346,
1387 1742 1432 1806 30
1447 1726 1636 1812 septembre.

366 1823 480 1909 Suppl.
506 1822 623 1888 relicta
649 1823 775 1889 domini
803 1825 845 1890 de
872 1824 988 1910 Ligne,
1016 1826 1151 1892 baronis
1179 1837 1197 1908 ¹,
1225 1827 1316 1892 socia
1346 1826 1483 1892 domine
1513 1827 1680 1894 comitisse

325 1926 493 2006 Hanonie,
513 1925 591 2012 [pro
605 1926 673 1992 ind.
690 1929 724 1992 in
740 1937 801 1994 art.
818 1927 933 2014 mort]
952 1970 995 1978 -
1012 1928 1089 1994 Fiat
1106 1929 1146 1996 R.

367 2030 445 2096 Dat.
460 2030 561 2095 Avin.
579 2050 596 2094 2
613 2029 682 2096 kal.
699 2040 765 2099 oct.
782 2040 816 2098 a⁰
834 2039 875 2117 5⁰.
893 2032 964 2117 (12,
983 2033 1050 2116 39).

377 2184 679 2268 1070-1071.
1350 2198 1445 2285 1346,
1466 2221 1485 2264 2
1502 2202 1639 2266 octobre.

367 2301 468 2388 Supp.
485 2301 668 2382 Johannes,
686 2302 897 2368 ambaxiator
913 2301 1083 2382 Leodien.,
1100 2311 1192 2386 quat.
1217 2302 1378 2386 Johanni,
1401 2312 1486 2370 nato
1510 2303 1619 2390 Egidii
1641 2304 1684 2369 de

324 2404 465 2491 Lapide,
481 2406 559 2472 cler.
576 2405 746 2487 Leodien.,
762 2405 805 2470 de
821 2407 897 2472 ben.
913 2407 996 2472 0001.
1013 2426 1037 2470 e.
1054 2425 1093 2487 0.,
1110 2407 1273 2490 usquead
1300 2427 1465 2472 summam
1494 2429 1534 2492 30
1558 2408 1683 2474 march.

325 2531 403 2595 arg,
420 2530 484 2576 sec.
499 2518 570 2576 tax.
586 2510 726 2591 decime,
750 2508 793 2574 ad
809 2510 884 2576 coll.
900 2509 1003 2595 episc.
1019 2508 1179 2576 Leodien.
1195 2509 1377 2596 dignemini
1392 2511 1567 2598 providere
1583 2535 1591 2592 ;
1616 2532 1684 2577 non

325 2617 411 2679 obst.
427 2614 517 2700 quod
532 2622 621 2680 auct.
637 2621 748 2679 vestra
763 2614 807 2679 ad
823 2616 898 2679 coll.
916 2614 1018 2700 episc.
1034 2613 1248 2680 Cameracen.
1258 2615 1292 2679 in
1306 2615 1410 2680 forma
1426 2616 1560 2701 speciali
1576 2616 1684 2681 nosci-

325 2726 379 2783 tur
395 2725 585 2804 expectare.
601 2759 645 2780 -.
661 2716 737 2783 Fiat
752 2737 856 2801 usque
873 2717 917 2783 ad
933 2739 1100 2784 summam
1118 2738 1158 2783 20
1175 2720 1300 2784 march.
1317 2718 1357 2784 R.

368 2878 464 2937 1071.
484 2872 571 2938 Item
587 2895 693 2961 supp,
710 2881 801 2959 quat.
826 2875 970 2939 similem
996 2895 1042 2959 gr.
1070 2873 1233 2941 facientes
1259 2875 1289 2941 T
1291 2876 1472 2943 heodorico
1489 2876 1588 2956 sollo,
1605 2879 1682 2943 cler.

325 2973 485 3072 Leodien.
512 2976 610 3057 dioc„
635 2978 679 3044 ad
703 2977 779 3044 coll.
803 2980 963 3065 prepositi
988 2979 1043 3043 vel
1071 2980 1201 3045 abbatis
1227 2981 1407 3065 vulgariter
1428 2982 1583 3066 appellati
1600 2982 1682 3046 eccl.

325 3077 539 3163 Tungrensis,
556 3079 718 3147 Leodien.
733 3082 821 3148 dioc.
842 3121 874 3130 -
897 3082 972 3148 Fiat
988 3092 1024 3148 ut
1041 3104 1139 3169 supra
1158 3082 1198 3147 R.

369 3182 447 3248 Dat.
463 3184 563 3249 Avin.
582 3190 600 3250 6
616 3206 695 3250 non.
712 3194 779 3252 oct.
796 3194 830 3252 a⁰
848 3195 889 3270 5⁰.
907 3188 921 3270 (
927 3190 979 3267 12,
996 3188 1079 3271 411).

378 3338 519 3422 1072.
1357 3353 1451 3435 1546,
1469 3374 1487 3415 2
1504 3354 1641 3417 octobre.

370 3457 471 3544 Supp.
489 3456 627 3543 Egidius
642 3455 661 3534 J
664 3455 806 3521 ohannis
820 3454 978 3541 Waspers
993 3465 1012 3536 ²,
1029 3458 1136 3540 presb.
1154 3454 1324 3535 Leodien.,
1338 3454 1464 3520 domini
1480 3455 1685 3521 vicecancel-

324 3562 397 3627 larii
410 3583 495 3647 cap,
506 3562 561 3645 qui
577 3560 702 3625 dudum
718 3560 751 3623 in
768 3557 1445 3644 00111110110111110111011100.1111111011011.3
1461 3557 1578 3624 decem
1591 3558 1686 3623 annis

326 3674 360 3731 et
376 3667 462 3730 ultra
477 3666 549 3745 fuit,
566 3674 601 3729 et
627 3665 670 3730 ad
693 3686 764 3745 vos,
789 3672 871 3729 tunc
899 3663 1211 3748 Rothomagensem
1236 3663 1524 3748 archiepiscopum
1539 3674 1560 3744 ⁴,
1586 3663 1687 3748 ipsius

325 3770 518 3835 testamenti
535 3778 760 3848 executorem,
777 3768 968 3851 frequenter
984 3767 1045 3832 fuit
1060 3787 1122 3852 pro
1144 3767 1256 3851 legato
1273 3766 1334 3831 sibi
1351 3786 1410 3851 per
1426 3766 1570 3831 eundem
1586 3766 1687 3853 episc.

326 3875 427 3953 facto,
444 3872 535 3957 quod
550 3874 701 3938 nondum
717 3873 839 3937 habere
855 3872 977 3957 potuit,
994 3871 1113 3955 cuique
1141 3890 1239 3956 super
1254 3870 1329 3951 hoc,
1345 3871 1447 3935 vestri
1464 3872 1578 3955 gratia,
1595 3892 1688 3936 com-

325 3997 442 4063 passus
457 3976 564 4041 fuistis
579 4000 587 4055 ;
605 3983 695 4060 quat.
712 3975 821 4041 eidem
839 3974 960 4059 Egidio
976 3973 1151 4060 providere
1178 3973 1360 4058 dignemini
1385 3973 1427 4039 de
1453 3995 1526 4039 can.
1544 3983 1578 4039 01
1593 3977 1689 4060 preb.

326 4085 408 4148 0001.
425 4082 456 4146 S.
473 4080 646 4146 Gertrudis
663 4079 876 4160 Nivellensis,
893 4077 1053 4145 Leodien.
1071 4078 1168 4159 dioc,
1184 4098 1258 4143 vac.
1275 4098 1334 4163 per
1350 4087 1563 4142 contractum
1573 4078 1688 4156 matri-

325 4186 429 4251 monii
445 4184 465 4263 J
468 4185 611 4250 ohannis
626 4183 669 4248 de
684 4183 840 4267 Stanghis
856 4196 877 4263 ⁵,
893 4182 1020 4247 dudum
1043 4203 1116 4247 can.
1132 4182 1222 4247 dicte
1238 4184 1330 4261 eccl,
1347 4180 1413 4264 qui,
1430 4188 1548 4266 expost
1575 4180 1687 4265 hujus-

326 4290 417 4354 modi
445 4287 707 4367 matrimonium,
732 4296 829 4352 tanto
857 4294 1011 4371 ternpore
1036 4294 1240 4351 vacaverunt
1267 4284 1356 4369 quod
1381 4306 1496 4350 eorum
1523 4284 1599 4349 coll.
1624 4293 1685 4365 est,

322 4395 420 4480 juxta
436 4400 562 4458 statuta
579 4391 815 4457 Lateranensis
843 4390 986 4472 concilii,
1004 4391 1047 4456 ad
1063 4389 1176 4455 sedem
1192 4398 1299 4475 apost.
1316 4388 1475 4453 devoluta
1491 4412 1496 4465 ;
1513 4409 1582 4453 non
1599 4392 1685 4454 obst.
1763 4422 1768 4433 ·

359 4636 381 4682 l.
394 4636 457 4683 Sans
469 4634 547 4683 doute
557 4634 582 4682 la
592 4649 672 4681 seuve
684 4633 716 4681 dc
727 4632 843 4681 Wautrer
851 4633 886 4680 dc
898 4633 986 4694 Ligne,
1000 4630 1044 4681 tud
1056 4634 1071 4679 a
1083 4632 1108 4680 la
1121 4627 1688 4690 001011Ῑο1103101010010260001011111101315

322 4708 471 4769 (Devlllers,
484 4710 553 4757 Cart.
566 4707 608 4755 des
623 4707 716 4754 (1111101
728 4706 758 4753 rie
769 4705 897 4766 Heluam,
910 4707 930 4765 I,
944 4710 998 4765 255,
1009 4706 1090 4767 noto.)
1100 4734 1132 4741 —
1148 4708 1170 4753 2.
1189 4704 1289 4764 Kirsch,
1302 4704 1377 4764 nott,
1392 4704 1445 4759 312,
1459 4704 1513 4750 350.
1526 4730 1558 4736 -
1571 4703 1593 4749 3.
1607 4700 1690 4749 Picrre

321 4783 356 4831 de
369 4782 512 4839 Oastclnau,
525 4781 621 4840 drirlrrc
632 4780 664 4827 dc
676 4780 767 4836 anlea,
781 4785 847 4827 mort
860 4780 883 4828 lc
897 4782 926 4827 19
939 4794 1007 4829 ulans
1021 4781 1081 4827 1331
1094 4796 1099 4833 ς
1112 4781 1167 4827 coir
1179 4778 1244 4826 Albe
1255 4778 1320 4826 <lans
1331 4776 1446 4825 Annales
1462 4774 1493 4823 rie
1504 4773 1689 4824 Sidonia-des-

323 4857 458 4915 Fonneals,
471 4859 489 4901 t.
502 4855 552 4901 Vll
566 4854 662 4915 (1903),
676 4868 719 4916 pp.
732 4855 846 4902 lto-449.
858 4882 890 4888 —
903 4856 925 4903 1.
939 4854 1023 4902 Plerro
1036 4854 1118 4912 Roget·
1130 4854 1171 4901 tut
1183 4852 1284 4901 nomme
1295 4851 1457 4911 archcrbque
1468 4850 1501 4899 de
1512 4850 1601 4897 Rouen
1620 4848 1645 4896 10
1658 4849 1688 4895 14

322 4930 458 4977 1100οι111110
471 4930 533 4976 13311
545 4935 571 4976 01
583 4943 675 4990 promu
686 4942 720 4975 au
732 4927 876 4976 cardinalat
889 4928 912 4976 lo
927 4930 955 4976 18
968 4929 1101 4977 decembre
1115 4930 1184 4977 1333.
1196 4954 1229 4962 —-
1241 4931 1263 4975 ι’».
1276 4926 1385 4975 1101111116
1398 4924 1421 4974 10
1432 4928 1463 4973 26
1476 4925 1612 4973 novembre
1626 4923 1689 4970 1329

323 5002 438 5067 (Klrsch,
452 5002 576 5060 dauntre,
590 5002 609 5054 Ι.
624 5002 659 5063 1).
