3650 5675
715 536 804 609 1352,
828 536 910 600 10-11
931 535 1007 618 juin.
1478 538 1539 605 628

233 688 547 771 2399-2401.
1244 722 1340 785 1352,
1357 722 1399 765 10
1409 700 1498 783 juin.

226 808 327 892 Supp.
356 804 518 871 Blanclria
534 806 576 871 de
593 806 755 885 Couzant,
783 813 873 889 quat.
904 804 981 891 [suo
1006 806 1256 890 consanguineo
1281 805 1474 872 Guiclrarde
1498 807 1539 873 de

183 910 373 997 Espinacia,
399 910 537 997 clerico]
567 909 764 995 Lugdunen.
791 907 889 990 dioc,
914 909 957 974 de
981 910 1147 975 decanatu
1162 911 1303 975 ecclesie
1320 909 1541 991 Cominensis,

181 1014 210 1080 T
212 1035 368 1081 ornacen.
400 1014 497 1095 dioc,
525 1036 597 1080 vac.
624 1033 685 1100 pro
712 1034 752 1078 eo
779 1013 870 1097 quod
903 1013 992 1079 idem
1019 1013 1202 1080 decanatus
1229 1035 1288 1099 per
1314 1019 1368 1080 ob.
1396 1014 1540 1101 Philippi

184 1118 321 1184 Roberti
334 1136 353 1199 ¹,
378 1126 475 1184 tante
499 1126 651 1205 tempore
675 1117 809 1183 vacavit
836 1117 926 1204 quod
949 1119 1020 1202 ejus
1043 1118 1189 1197 collatie,
1206 1120 1389 1185 secundum
1405 1117 1542 1184 Latera-

183 1222 294 1287 nensis
317 1230 443 1287 statuta
475 1222 617 1303 concilii,
643 1229 693 1286 est
732 1220 774 1286 ad
804 1220 919 1287 sedem
951 1228 1059 1306 apost.
1086 1221 1235 1305 legitime
1268 1221 1436 1303 devoluta,
1467 1244 1543 1289 cum

185 1326 338 1391 omnibus
354 1326 419 1391 suis
431 1325 567 1410 juribus,
584 1326 723 1392 annexis
738 1334 772 1390 et
788 1324 1007 1411 pertinentiis,
1031 1326 1129 1391 aede
1145 1345 1217 1390 can.
1233 1328 1293 1390 sub
1310 1346 1385 1412 exp.
1402 1330 1493 1413 preb.
1509 1327 1541 1390 in

184 1429 302 1495 eadem
318 1431 468 1511 ecclesia,
496 1432 550 1495 vel
566 1430 632 1495 alio
647 1427 765 1514 quovis
787 1427 890 1493 modo
906 1434 1040 1507 vacent,
1055 1426 1238 1511 dignemini
1254 1428 1429 1513 previdere
1449 1452 1457 1507 ;
1474 1450 1542 1495 non

183 1536 268 1599 obst.
292 1533 381 1618 qued
395 1554 503 1620 nuper
516 1534 579 1599 fuit
594 1532 655 1597 sibi
671 1531 840 1617 provisum
852 1551 912 1617 per
927 1531 958 1597 S.
975 1530 1015 1596 V.
1031 1530 1074 1597 de
1090 1551 1162 1596 can.
1179 1531 1319 1597 ecclesie
1336 1530 1543 1616 Lugdunen,

182 1636 352 1723 dequibus
367 1638 517 1703 nondum
533 1645 583 1703 est
600 1635 843 1722 possessionem
867 1636 1009 1721 adeptus
1027 1657 1035 1714 ;
1061 1656 1137 1700 cum
1154 1635 1307 1701 omnibus
1322 1656 1391 1701 non
1408 1640 1543 1702 obstan-

182 1742 279 1807 tibus,
295 1778 338 1787 —
355 1740 431 1807 Fiat
448 1741 487 1807 R.

225 1887 338 1949 2400.
355 1880 442 1947 ltem
458 1880 556 1946 simili
569 1881 671 1947 medo
687 1880 788 1947 Petro
803 1880 845 1947 de
862 1881 999 1947 Vissaeo
1011 1896 1032 1962 ²,
1045 1880 1245 1967 jurisperite,
1269 1876 1483 1958 subdiacone,
1499 1878 1540 1944 de

182 1984 349 2050 decanatu
366 1984 505 2051 ecclesie
521 1985 552 2049 S.
569 1984 736 2051 Vincentii
762 1984 983 2070 Senogiensis,
1011 1984 1229 2050 Cameracen.
1254 1980 1352 2061 dioc,
1379 2002 1453 2047 vac.
1479 2002 1541 2067 pre

183 2108 224 2153 eo
249 2088 339 2171 quod
355 2088 542 2173 Stephanus
569 2086 610 2152 de
638 2086 822 2169 Manlions,
847 2110 954 2175 nuper
976 2088 1123 2154 decanus
1147 2086 1296 2173 ejusdem
1323 2086 1473 2166 ecclesie,
1499 2107 1539 2151 ex

183 2192 364 2258 collatione
389 2191 525 2257 demine
550 2191 718 2257 comitisse
744 2192 912 2273 Hanonie,
937 2193 1167 2280 prepositure²¹
1184 2191 1323 2257 ecclesie
1341 2188 1539 2271 Montensis,

183 2296 272 2362 dicte
287 2296 384 2377 dioc,
401 2304 451 2362 est
467 2296 606 2382 pacifice
623 2297 865 2382 possessionem
881 2306 1051 2363 assecutus
1064 2320 1072 2376 ;
1086 2318 1126 2363 ac
1142 2296 1185 2362 de
1201 2318 1274 2362 can.
1285 2297 1344 2359 sub
1361 2315 1437 2380 exp.
1448 2297 1540 2379 preb.

183 2398 217 2463 in
233 2400 350 2465 eadem
377 2400 517 2465 ecclesia
543 2400 725 2485 dignemini
751 2399 937 2486 providere,
964 2402 1018 2465 vel
1043 2401 1111 2466 alio
1131 2399 1249 2485 quevis
1272 2400 1374 2465 medo
1390 2407 1539 2477 vacent;

182 2523 250 2569 non
266 2506 352 2594 obst.
377 2524 450 2569 can.
468 2510 502 2569 et
525 2506 615 2589 preb.
641 2504 781 2570 ecclesie
809 2494 970 2585 Melden,
997 2525 1080 2587 quas
1113 2503 1283 2570 nosciturb
1299 2504 1477 2582 obtine1·e;
1506 2511 1541 2567 et

181 2625 249 2671 non
266 2608 351 2671 obst.
368 2606 509 2671 ecclesia
525 2608 677 2692 parroclr.
693 2607 735 2673 de
752 2607 888 2673 Haltret
912 2609 1008 2693 juxta
1036 2607 1096 2688 Le,
1113 2628 1153 2673 ac
1168 2616 1348 2693 personatu
1364 2608 1405 2673 de
1421 2607 1540 2671 Aleste

182 2728 240 2773 seu
268 2707 381 2790 Melle,
408 2708 596 2776 Tenracen.
623 2718 658 2775 et
685 2710 898 2776 Cameracen.
926 2710 1059 2790 dioces,
1086 2710 1129 2775 de
1155 2711 1273 2796 quibus
1299 2710 1449 2775 nondum
1479 2709 1541 2773 luit

182 2812 424 2900 possessionem
441 2814 599 2903 adeptus3
614 2836 736 2896 secum,
750 2814 840 2900 qued
855 2814 983 2882 dictum
999 2814 1200 2882 decanatum
1216 2836 1283 2881 una
1299 2835 1374 2881 cum
1388 2814 1540 2902 parroch.

183 2917 324 2983 ecclesia
350 2917 392 2983 de
421 2918 556 2984 Haltret
581 2920 771 3006 supradicta
797 2920 903 3006 possit
938 2919 1070 2984 insimul
1097 2920 1251 3000 retinere,
1280 2919 1539 3005 dispensantes;

183 3040 259 3085 cum
277 3020 430 3086 omnibus
447 3042 513 3087 non
531 3025 751 3090 obstantibus.
768 3065 811 3074 -
828 3023 902 3089 Fiat
919 3032 954 3088 et
968 3023 1200 3108 dispensamus
1216 3024 1256 3089 R.

227 3168 335 3229 2401.
353 3161 439 3228 Item
456 3164 553 3229 simili
570 3165 671 3231 mede
687 3164 706 3242 J
710 3165 834 3231 ohanni
848 3163 972 3245 Vilarii,
984 3164 1065 3229 alias
1080 3163 1122 3228 de
1136 3161 1338 3249 Bautignies,
1347 3163 1540 3248 presbitero,

183 3264 224 3331 de
241 3266 391 3350 parroch.
417 3267 558 3333 ecclesia
574 3268 615 3334 de
632 3267 715 3334 Bost
726 3284 748 3350 ⁴,
765 3267 980 3334 Cameracen.
996 3267 1094 3349 dioc,
1113 3287 1172 3353 per
1188 3269 1242 3332 ob.
1258 3267 1367 3346 ultimi
1391 3267 1540 3345 rectoris,

183 3368 237 3452 qui
255 3369 288 3433 in
304 3368 422 3434 itinere
440 3369 606 3454 Romane,
623 3393 712 3438 anno
732 3373 868 3457 jubileo,
885 3371 1038 3452 decessit,
1054 3371 1236 3457 dignemini
1253 3370 1429 3456 providere
1447 3393 1456 3450 ;
1472 3390 1539 3434 non

183 3473 267 3537 obst.
279 3472 368 3556 quod
383 3472 426 3537 sit
441 3481 624 3559 expectans
640 3475 682 3542 ad
700 3475 915 3541 collationem
932 3483 996 3541 etc.
1017 3474 1149 3540 abbatis
1165 3484 1199 3539 et
1215 3480 1401 3539 conventus
1425 3493 1540 3537 mena-

182 3575 271 3639 sterii
289 3575 320 3640 S.
336 3575 470 3641 Andree
497 3575 539 3642 de
556 3577 713 3660 Castello,
729 3579 820 3644 dicte
835 3577 933 3659 dioc,
949 3575 991 3644 Ο.
1008 3577 1039 3642 S.
1057 3576 1106 3658 B,
1134 3577 1252 3663 [quam
1268 3576 1540 3662 expectationem

183 3677 242 3742 sibi
259 3686 323 3744 etc.
336 3678 363 3764 c]
379 3678 562 3764 dignemini
586 3703 764 3747 reservare.
780 3722 823 3731 -
839 3680 916 3746 Fiat
933 3679 973 3747 R.

226 3782 303 3848 Dat.
327 3784 463 3868 Arin4
487 3784 529 3850 id.
550 3786 633 3871 junii
656 3795 689 3852 a''
717 3793 777 3850 11⁰.
802 3787 877 3870 (22,
906 3789 986 3869 ω’).

235 3920 385 4004 2402.
1244 3954 1339 4018 1352,
1357 3955 1397 3999 η
1408 3932 1497 4015 jain.

228 4041 315 4126 Sign.
343 4042 374 4107 S.
407 4041 446 4107 V.
473 4039 647 4118 Jolrannes
678 4039 749 4106 Yde
767 4057 786 4119 ⁵,
819 4039 1001 4104 canonicus
1030 4038 1253 4125 prebendatus
1283 4046 1318 4103 et
1348 4039 1541 4104 scolasticus

184 4145 323 4210 ecclesie
350 4143 478 4211 Montis
502 4145 533 4210 S.
559 4144 742 4224 Gertrudis,
769 4143 928 4208 Leodien.
955 4140 1052 4222 dioc,
1079 4141 1121 4207 de
1146 4144 1331 4229 presbitero
1353 4144 1484 4227 genitus
1507 4151 1541 4209 et

184 4249 301 4330 soluta,
328 4249 418 4333 quod
443 4248 569 4315 dudum
585 4257 621 4313 ut
636 4247 703 4314 duo
719 4248 782 4313 alia
797 4245 960 4311 beneficia
983 4248 1075 4327 ecel,
1101 4247 1203 4311 etiam
1220 4247 1246 4310 si
1262 4267 1377 4312 eorum
1400 4249 1540 4312 alterum

184 4362 347 4433 curatum,
363 4352 517 4438 dignitas,
533 4361 731 4439 personatus
746 4360 804 4416 ant
820 4349 967 4415 officium
993 4349 1161 4431 existeret,
1178 4371 1244 4415 una
1260 4372 1336 4416 curn
1352 4350 1540 4436 hujusmodi

184 4455 249 4521 suis
263 4456 444 4537 beneficiis,
457 4457 487 4522 si
504 4457 563 4522 sibi
589 4456 734 4521 invicem
762 4461 1045 4541 compaterentur,
1072 4454 1170 4519 simul
1198 4455 1358 4534 obtinere,
1375 4463 1409 4520 et
1425 4476 1540 4521 eorum

184 4561 320 4645 singula,
337 4562 491 4645 quotiens
507 4561 566 4625 sibi
583 4561 740 4646 expedire
756 4559 933 4639 videretur,
950 4558 1052 4624 libere
1068 4565 1102 4622 et
1118 4578 1273 4625 excausa
1287 4560 1542 4644 permutationis

217 4765 245 4824 a)
262 4761 319 4812 (bd.
332 4765 526 4827 preposituram.
539 4792 569 4800 -
582 4765 611 4827 b)
629 4763 685 4813 t'od.
698 4769 825 4812 noscatur.
838 4791 868 4800 -
886 4765 913 4825 c)
929 4762 987 4812 elad.
1000 4767 1047 4812 Ces
1054 4757 1125 4810 lnots
1137 4768 1279 4824 nranqneut
1289 4763 1354 4812 (lens
1364 4764 1389 4812 le
1400 4769 1477 4813 texte.

188 4889 437 4902 ————

222 4973 243 5020 1.
253 4969 347 5021 rann.
358 4974 463 5023 aree.-
477 4977 498 5022 2.
514 4974 605 5024 rann.
620 4977 689 5024 aaut
703 5003 733 5010 -
747 4977 768 5022 a.
783 4973 841 5023 rur
851 4989 875 5023 n.
889 4977 927 5023 rs.
937 5003 967 5012 -
981 4976 1003 5023 r.
1016 4973 1109 5022 ronn.
1122 4975 1193 5022 ane.
1205 5003 1236 5009 -
1248 4964 1271 5022 ὅ.
1284 4974 1345 5023 ron
1357 4989 1380 5022 n.
1392 4975 1460 5034 raas,
1472 4978 1541 5023 aare.
