3650 5675
267 513 327 577 548
755 512 841 585 1350,
865 510 948 574 16-21
971 510 1138 573 novembre.

267 672 358 747 quat.
386 665 561 749 capellano
583 686 642 730 suo
666 662 805 749 Syrnoni
831 662 981 728 Warneri
998 661 1041 725 de
1058 660 1172 745 Fago¹
1201 661 1243 726 de
1269 665 1345 728 ben.
1371 666 1453 728 eccl.
1482 665 1525 730 ad
1549 667 1624 731 coll.

266 769 414 855 episcopi
430 776 465 832 et
481 769 617 853 capituli
628 768 844 834 Cameracen.
857 765 1038 849 dignemini
1055 765 1233 850 providere
1248 789 1257 846 3
1270 787 1340 831 non
1356 770 1442 832 obst.
1455 770 1626 835 beneficiis

267 893 331 954 (lue
347 872 478 936 obtinet
494 880 528 936 et
544 880 703 958 expectat
717 872 751 935 in
768 870 966 936 cancellaria
990 877 1102 933 restra
1124 868 1343 935 declarandis,
1358 907 1402 915 —
1419 871 1496 937 Fiat
1511 881 1576 939 etc.
1593 875 1626 939 in

268 974 372 1039 sorrna
390 974 429 1039 R.

311 1078 390 1142 Dat.
407 1080 505 1145 Acin.
527 1083 563 1145 18
581 1079 647 1145 kal.
665 1080 736 1145 dec.
754 1090 787 1144 a⁰
805 1088 845 1159 9¹¹.
864 1080 941 1161 (20,
960 1080 1028 1161 27).
1122 1100 1125 1107 ·

230 1202 234 1209 Ι
319 1230 616 1315 2107·2109.
679 1278 682 1285 ·
1230 1268 1324 1331 1350,
1341 1250 1383 1313 [ό
1399 1253 1582 1315 novembre.

311 1348 412 1434 Supp.
429 1349 590 1416 Yolandis
605 1351 646 1416 de
664 1351 831 1431 Flandria,
849 1351 1019 1416 comitissa
1036 1350 1206 1416 Barrensis
1221 1360 1256 1415 et
1270 1351 1407 1417 domina
1421 1354 1465 1417 de
1486 1353 1625 1434 CasselS,

268 1460 359 1533 quat.
373 1452 505 1537 Rogero
521 1455 562 1520 de
576 1454 784 1520 Medekerke
800 1454 842 1519 de
859 1476 932 1521 can.
946 1458 1006 1519 sub
1022 1476 1097 1540 exp.
1110 1457 1201 1540 preb.
1212 1455 1243 1519 S.
1258 1455 1439 1521 Donatiani
1455 1456 1498 1522 de
1510 1456 1627 1541 Brugis

268 1555 449 1640 dignemini
466 1558 651 1643 providere.
668 1600 711 1607 —
727 1559 767 1624 R.

312 1657 399 1724 Item
423 1661 572 1727 familiari
598 1685 658 1729 suo
682 1662 702 1740 J
706 1664 829 1728 ohanni
857 1663 899 1728 de
925 1662 1155 1729 Machaudio²
1181 1664 1224 1728 de
1251 1684 1324 1729 can.
1349 1667 1409 1729 sub
1436 1686 1511 1750 exp.
1534 1668 1626 1750 preb.

267 1764 407 1829 ecclesie
425 1764 599 1833 Remensis
615 1768 797 1852 dignemini
820 1767 997 1853 providere
1016 1791 1024 1848 3
1049 1788 1117 1833 non
1141 1770 1226 1833 obst.
1243 1767 1333 1852 quod
1348 1768 1382 1832 in
1398 1767 1580 1833 Vindunen.
1592 1776 1628 1831 et
1717 1809 1720 1815 ,

266 1866 308 1931 de
324 1866 460 1951 Lutosa,
477 1869 690 1937 Cameracen.
707 1871 804 1953 dioc,
821 1872 970 1937 ecclesiis
986 1893 1060 1937 can.
1077 1881 1111 1936 et
1127 1876 1218 1957 preb.
1242 1873 1391 1938 noscitur
1406 1873 1568 1938 obtinere.
1584 1906 1628 1916 -

310 2114 416 2177 2108.
435 2109 524 2175 Item
547 2120 639 2196 quat.
665 2115 839 2196 capellano
864 2134 924 2177 suo
949 2113 1088 2197 Syrnoni
1116 2112 1268 2177 Warneri
1293 2112 1335 2176 de
1360 2111 1477 2197 Fago³
1492 2112 1534 2178 de
1549 2115 1627 2177 ben.

266 2214 348 2277 eccl.
365 2214 408 2279 ad
423 2215 499 2279 coll.
515 2216 662 2301 episcopi
680 2224 714 2280 et
730 2217 866 2301 capituli
892 2216 1053 2281 Leodien.
1072 2239 1081 2296 ;
1098 2236 1167 2281 non
1184 2219 1269 2281 obst.
1286 2215 1377 2299 quod
1392 2236 1466 2281 can.
1483 2224 1518 2280 et
1532 2219 1626 2301 preb.

266 2316 297 2379 S.
315 2316 455 2383 Maximi
472 2318 514 2384 de
530 2317 737 2398 BarroduciS‚
755 2328 789 2384 et
805 2320 987 2404 quamdam
1003 2340 1096 2405 perp.
1113 2321 1276 2405 capellan.
1295 2320 1327 2383 in
1344 2319 1424 2384 villa
1438 2320 1481 2385 de
1497 2318 1629 2383 Vienna

266 2443 304 2487 ac
320 2425 457 2508 paroch.
474 2425 556 2490 eccl.
572 2424 614 2489 de
630 2424 773 2505 Tennes,
789 2424 931 2504 Tollen,
948 2423 1191 2489 Cathalaunen.
1207 2432 1242 2487 et
1259 2422 1425 2489 Morinen.
1437 2422 1534 2502 dioc,
1550 2443 1628 2487 nos-

266 2524 351 2590 citur
367 2528 529 2592 obtinere.
545 2568 587 2576 —
604 2525 645 2591 R.
662 2529 738 2613 (20,
758 2530 824 2612 21).

310 2627 397 2695 Item
414 2640 504 2716 quat.
519 2631 651 2717 phisico
667 2652 727 2697 suo
743 2653 830 2715 mag.
851 2631 887 2718 [J
891 2632 1035 2717 olranni]
1053 2632 1095 2696 de
1109 2631 1339 2717 Paloignyaco
1351 2644 1372 2711 ⁴,
1385 2650 1471 2715 mag.
1488 2631 1522 2694 in
1538 2631 1628 2695 med.

266 2742 300 2797 et
315 2734 350 2797 in
366 2744 439 2815 art„
452 2736 617 2803 canonico
630 2733 822 2813 virdunen,
836 2735 1140 2821 acceptationem...
1152 2735 1194 2801 de
1206 2738 1298 2819 preb.
1310 2735 1401 2800 dicte
1416 2734 1556 2799 ecclesie
1567 2754 1629 2819 per

266 2840 320 2902 ob.
336 2836 500 2915 Johannis
515 2840 556 2905 de
574 2840 605 2904 S.
623 2838 815 2905 Michaele⁵
830 2861 903 2905 vac.
918 2840 1103 2924 dignemini
1119 2840 1336 2917 confinnare3
1353 2859 1422 2904 non
1439 2841 1524 2903 obst.
1536 2839 1628 2923 quod

266 2940 466 3008 decanatum
483 2963 523 3008 ac
539 2963 613 3008 can.
629 2950 664 3007 et
679 2946 770 3028 preb.
789 2942 1058 3010 Montisfalconis
1077 2951 1111 3007 et
1128 2942 1158 3008 S.
1177 2941 1318 3007 Maximi
1334 2941 1504 3007 Barrensis
1519 2943 1629 3007 eccle-

266 3043 387 3107 siarum
403 3053 438 3108 et
453 3046 617 3130 capellan.
640 3065 732 3131 perp.
756 3047 798 3111 de
822 3045 855 3110 N
858 3067 955 3133 eppa,
975 3046 1128 3125 Remea,
1144 3045 1275 3110 Tullen.
1291 3055 1326 3111 et
1343 3045 1510 3111 Morinen.
1526 3046 1626 3126 dioc,

266 3146 413 3211 noscitur
430 3147 592 3212 obtinere.
608 3188 651 3197 -
667 3148 886 3214 Providemus
903 3148 933 3213 R
950 3151 1027 3233 (20,
1046 3156 1128 3233 211).

309 3299 414 3361 2109.
431 3293 519 3358 Item
535 3304 625 3379 quat.
647 3295 795 3373 Johanni
822 3295 914 3360 dicto
938 3295 1040 3360 Canis
1055 3294 1097 3359 de
1115 3294 1326 3376 Hasbroucln,
1345 3293 1511 3360 Morinen.
1526 3294 1626 3374 dioc,

265 3395 307 3460 de
322 3400 398 3463 ben.
415 3399 497 3463 eccl.
513 3397 562 3462 ad
572 3399 648 3463 coll.
664 3397 801 3483 capituli
814 3397 844 3462 S.
859 3396 949 3462 Petri
965 3397 1007 3462 de
1023 3397 1171 3463 Cassello
1186 3398 1368 3481 dignemini
1385 3398 1569 3483 providere.
1582 3438 1628 3446 —

268 3499 343 3564 Fiat
368 3499 408 3564 R.

311 3603 388 3668 Dat.
404 3603 503 3668 Avin.
524 3609 560 3668 16
577 3603 643 3669 kal.
659 3605 732 3670 dec.
749 3618 785 3669 a0
803 3612 843 3683 9⁰.
862 3606 938 3687 (20,
957 3606 1024 3689 22).

317 3759 604 3842 2110-2115·
1227 3791 1321 3855 ¹35⁰,
1339 3793 1380 3836 21
1397 3772 1580 3836 novembre.

309 3877 455 3941 Rotulus
465 3883 652 3964 portperam
669 3879 874 3942 clericorum.

311 3981 410 4046 Pater
425 3981 490 4046 Slffl.
508 3982 672 4067 Dignetur
688 3981 719 4046 S.
737 3980 775 4044 V.
793 3980 1000 4066 providere...

311 4085 399 4151 Item
414 4085 562 4163 Johanni
573 4085 742 4151 Guillelmi
758 4085 799 4150 de
813 4084 921 4166 Bioul,
938 4086 1060 4151 clerico
1071 4084 1230 4152 Leodien.
1243 4085 1340 4164 dioc,
1351 4083 1395 4149 ad
1408 4085 1483 4149 coll.
1495 4082 1628 4147 abbatis

267 4199 301 4255 et
316 4191 510 4256 monasterii
527 4190 558 4255 S.
576 4189 663 4256 Petri
681 4188 723 4255 de
739 4188 864 4255 Bronio
875 4195 898 4270 ¹¹,
915 4190 957 4254 O.
974 4190 1005 4254 S.
1023 4189 1072 4269 B„
1087 4189 1177 4254 dicte
1189 4188 1275 4254 dioc.

311 4294 398 4360 Item
430 4294 585 4380 Philippo
616 4293 657 4358 de
684 4293 788 4378 Spies,
805 4293 926 4359 clerico
953 4292 1113 4359 Leodien.
1140 4292 1237 4373 dioc,
1261 4292 1304 4356 ad
1328 4292 1404 4356 coll.
1432 4289 1563 4355 abbatis
1590 4300 1627 4354 et

267 4399 461 4464 monasterii
486 4399 517 4462 S.
544 4397 687 4462 Huberti
715 4397 749 4460 in
776 4398 945 4479 Ardenna,
962 4397 1004 4463 Ο.
1020 4398 1051 4462 S.
1068 4396 1117 4478 B„
1134 4395 1283 4483 predicte
1298 4395 1386 4461 dioc.
1406 4418 1414 4475 ;
1441 4414 1509 4459 non
1537 4397 1625 4458 obst.

267 4503 357 4587 quod
372 4503 415 4567 ad
431 4503 507 4568 coll.
522 4501 659 4566 rectoris
674 4501 814 4566 ecclesie
824 4500 1053 4586 ZepperensiS,
1065 4500 1155 4566 dicte
1170 4499 1420 4580 dioc.,noscitur
1434 4505 1625 4583 expectare.

299 4697 327 4754 a)
342 4692 399 4742 Cod
414 4693 524 4742 Broneo.

300 4877 321 4925 1,
335 4875 374 4923 lli.
394 4875 493 4933 Kirsch‚
511 4873 587 4931 Koll„
605 4876 659 4922 215.
671 4899 703 4907 -
722 4875 744 4920 2,
767 4872 866 4930 Kimcb,
882 4872 956 4932 Keil„
971 4875 1024 4931 171,
1043 4876 1209 4933 210013.-
1230 4875 1252 4921 3.
1273 4874 1335 4921 l'oir
1353 4888 1379 4921 n.
1400 4874 1471 4921 2106.
1482 4900 1515 4908 -
1526 4875 1548 4921 4.
1561 4873 1628 4922 Voir

266 4963 290 4997 n.
304 4949 370 5014 loo}
385 4949 484 5010 Kirsclr,
497 4947 572 5006 Kolt,
585 4947 640 4996 231.
652 4974 684 4981 —
695 4951 717 4994 b.
731 4946 769 4994 lo.
