<?xml version="1.0" encoding="UTF-8"?>
<!DOCTYPE html PUBLIC "-//W3C//DTD XHTML 1.0 Transitional//EN"
    "http://www.w3.org/TR/xhtml1/DTD/xhtml1-transitional.dtd">
<html xmlns="http://www.w3.org/1999/xhtml" xml:lang="en" lang="en">
 <head>
  <title>
</title>
<meta http-equiv="Content-Type" content="text/html;charset=utf-8" />
  <meta name='ocr-system' content='tesseract 3.04.00' />
  <meta name='ocr-capabilities' content='ocr_page ocr_carea ocr_par ocr_line ocrx_word'/>
</head>
<body>
  <div class='ocr_page' id='page_1' title='image "./suppliquesdeclm00berlgoog_0065.png"; bbox 0 0 3650 5675; ppageno 0'>
   <div class='ocr_carea' id='block_1_1' title="bbox 342 502 1191 584">
    <p class='ocr_par' dir='ltr' id='par_1_1' title="bbox 342 502 1191 584">
     <span class='ocr_line' id='line_1_1' title="bbox 342 502 1191 584; baseline 0.009 -24"><span class='ocrx_word' id='word_1_1' title='bbox 342 510 382 573; x_wconf 84' lang='lat'>20</span> <span class='ocrx_word' id='word_1_2' title='bbox 866 504 953 576; x_wconf 80' lang='lat'>1342,</span> <span class='ocrx_word' id='word_1_3' title='bbox 976 504 1063 566; x_wconf 84' lang='lat'>21-22</span> <span class='ocrx_word' id='word_1_4' title='bbox 1080 502 1191 584; x_wconf 79' lang='lat' dir='ltr'>juillet</span> 
     </span>
    </p>
   </div>
   <div class='ocr_carea' id='block_1_2' title="bbox 343 662 1708 1589">
    <p class='ocr_par' dir='ltr' id='par_1_2' title="bbox 395 662 1663 753">
     <span class='ocr_line' id='line_1_2' title="bbox 395 662 1663 753; baseline 0.003 -20"><span class='ocrx_word' id='word_1_5' title='bbox 395 662 471 747; x_wconf 82' lang='lat'>93.</span> <span class='ocrx_word' id='word_1_6' title='bbox 1379 690 1474 753; x_wconf 68' lang='lat'>1342,</span> <span class='ocrx_word' id='word_1_7' title='bbox 1487 692 1526 734; x_wconf 70' lang='lat' dir='ltr'>nr</span> <span class='ocrx_word' id='word_1_8' title='bbox 1538 669 1663 751; x_wconf 77' lang='lat' dir='ltr'>juillet.</span> 
     </span>
    </p>

    <p class='ocr_par' dir='ltr' id='par_1_3' title="bbox 343 770 1708 1467">
     <span class='ocr_line' id='line_1_3' title="bbox 388 770 1708 864; baseline -0.002 -20"><span class='ocrx_word' id='word_1_9' title='bbox 388 780 486 864; x_wconf 83' lang='lat' dir='ltr'>Supp.</span> <span class='ocrx_word' id='word_1_10' title='bbox 500 776 681 860; x_wconf 86' lang='lat' dir='ltr'>Philippus,</span> <span class='ocrx_word' id='word_1_11' title='bbox 692 793 749 836; x_wconf 87' lang='lat' dir='ltr'>rex</span> <span class='ocrx_word' id='word_1_12' title='bbox 762 770 911 853; x_wconf 82' lang='lat' dir='ltr'>Francie,</span> <span class='ocrx_word' id='word_1_13' title='bbox 923 781 1012 856; x_wconf 87' lang='lat' dir='ltr'>quat.</span> <span class='ocrx_word' id='word_1_14' title='bbox 1026 772 1240 855; x_wconf 85' lang='lat' dir='ltr'>[Tlieobaldo</span> <span class='ocrx_word' id='word_1_15' title='bbox 1254 771 1297 837; x_wconf 91' lang='lat' dir='ltr'>de</span> <span class='ocrx_word' id='word_1_16' title='bbox 1313 773 1474 838; x_wconf 86' lang='lat' dir='ltr'>Cadrellis</span> <span class='ocrx_word' id='word_1_17' title='bbox 1487 792 1507 853; x_wconf 85' lang='lat'>¹,</span> <span class='ocrx_word' id='word_1_18' title='bbox 1522 774 1599 839; x_wconf 89' lang='lat' dir='ltr'>cler.</span> <span class='ocrx_word' id='word_1_19' title='bbox 1607 774 1708 842; x_wconf 87' lang='lat' dir='ltr'>Paris.</span> 
     </span>
     <span class='ocr_line' id='line_1_4' title="bbox 344 875 1707 964; baseline -0.003 -16"><span class='ocrx_word' id='word_1_20' title='bbox 344 883 438 963; x_wconf 77' lang='lat' dir='ltr'>stud,</span> <span class='ocrx_word' id='word_1_21' title='bbox 449 882 532 964; x_wconf 87' lang='lat' dir='ltr'>lilio]</span> <span class='ocrx_word' id='word_1_22' title='bbox 543 876 706 957; x_wconf 88' lang='lat' dir='ltr'>Johannis</span> <span class='ocrx_word' id='word_1_23' title='bbox 715 876 757 941; x_wconf 91' lang='lat' dir='ltr'>de</span> <span class='ocrx_word' id='word_1_24' title='bbox 768 875 930 940; x_wconf 86' lang='lat' dir='ltr'>Cadrellis</span> <span class='ocrx_word' id='word_1_25' title='bbox 944 876 1070 953; x_wconf 87' lang='lat' dir='ltr'>militis,</span> <span class='ocrx_word' id='word_1_26' title='bbox 1078 875 1256 940; x_wconf 90' lang='lat' dir='ltr'>consiliarii</span> <span class='ocrx_word' id='word_1_27' title='bbox 1266 876 1326 956; x_wconf 88' lang='lat' dir='ltr'>sni,</span> <span class='ocrx_word' id='word_1_28' title='bbox 1338 876 1382 942; x_wconf 92' lang='lat' dir='ltr'>de</span> <span class='ocrx_word' id='word_1_29' title='bbox 1391 897 1463 942; x_wconf 88' lang='lat' dir='ltr'>can.</span> <span class='ocrx_word' id='word_1_30' title='bbox 1476 878 1556 943; x_wconf 88' lang='lat' dir='ltr'>eccl.</span> <span class='ocrx_word' id='word_1_31' title='bbox 1569 880 1707 945; x_wconf 84' lang='lat' dir='ltr'>Ambia-</span> 
     </span>
     <span class='ocr_line' id='line_1_5' title="bbox 344 978 1706 1070; baseline -0.004 -19"><span class='ocrx_word' id='word_1_32' title='bbox 344 1006 419 1051; x_wconf 90' lang='lat' dir='ltr'>nen.</span> <span class='ocrx_word' id='word_1_33' title='bbox 437 992 471 1050; x_wconf 87' lang='lat' dir='ltr'>et</span> <span class='ocrx_word' id='word_1_34' title='bbox 486 986 575 1070; x_wconf 85' lang='lat' dir='ltr'>preb.</span> <span class='ocrx_word' id='word_1_35' title='bbox 600 1002 671 1046; x_wconf 82' lang='lat' dir='ltr'>vac.</span> <span class='ocrx_word' id='word_1_36' title='bbox 697 979 752 1043; x_wconf 88' lang='lat' dir='ltr'>vel</span> <span class='ocrx_word' id='word_1_37' title='bbox 767 986 876 1044; x_wconf 86' lang='lat' dir='ltr'>vacat.</span> <span class='ocrx_word' id='word_1_38' title='bbox 892 978 1073 1064; x_wconf 84' lang='lat' dir='ltr'>dignemini</span> <span class='ocrx_word' id='word_1_39' title='bbox 1090 979 1278 1064; x_wconf 71' lang='lat' dir='ltr'>proindere,</span> <span class='ocrx_word' id='word_1_40' title='bbox 1293 1000 1361 1044; x_wconf 88' lang='lat' dir='ltr'>non</span> <span class='ocrx_word' id='word_1_41' title='bbox 1389 983 1472 1045; x_wconf 88' lang='lat' dir='ltr'>obst.</span> <span class='ocrx_word' id='word_1_42' title='bbox 1499 980 1591 1065; x_wconf 86' lang='lat' dir='ltr'>quod</span> <span class='ocrx_word' id='word_1_43' title='bbox 1616 981 1706 1047; x_wconf 90' lang='lat' dir='ltr'>idem</span> 
     </span>
     <span class='ocr_line' id='line_1_6' title="bbox 344 1080 1707 1172; baseline -0.005 -17"><span class='ocrx_word' id='word_1_44' title='bbox 344 1090 380 1154; x_wconf 79' lang='lat' dir='ltr'>T.</span> <span class='ocrx_word' id='word_1_45' title='bbox 391 1109 463 1155; x_wconf 88' lang='lat' dir='ltr'>can.</span> <span class='ocrx_word' id='word_1_46' title='bbox 477 1096 512 1152; x_wconf 88' lang='lat' dir='ltr'>et</span> <span class='ocrx_word' id='word_1_47' title='bbox 525 1088 616 1172; x_wconf 89' lang='lat' dir='ltr'>preb.</span> <span class='ocrx_word' id='word_1_48' title='bbox 629 1084 659 1149; x_wconf 91' lang='lat' dir='ltr'>S.</span> <span class='ocrx_word' id='word_1_49' title='bbox 669 1082 845 1168; x_wconf 79' lang='lat' dir='ltr'>Gangenci</span> <span class='ocrx_word' id='word_1_50' title='bbox 858 1082 900 1147; x_wconf 90' lang='lat' dir='ltr'>de</span> <span class='ocrx_word' id='word_1_51' title='bbox 913 1080 1110 1162; x_wconf 81' lang='lat' dir='ltr'>Cameran,</span> <span class='ocrx_word' id='word_1_52' title='bbox 1122 1103 1189 1165; x_wconf 91' lang='lat' dir='ltr'>que</span> <span class='ocrx_word' id='word_1_53' title='bbox 1201 1085 1290 1167; x_wconf 90' lang='lat' dir='ltr'>preb.</span> <span class='ocrx_word' id='word_1_54' title='bbox 1301 1083 1424 1149; x_wconf 85' lang='lat' dir='ltr'>modici</span> <span class='ocrx_word' id='word_1_55' title='bbox 1437 1084 1558 1149; x_wconf 76' lang='lat' dir='ltr'>valoris</span> <span class='ocrx_word' id='word_1_56' title='bbox 1570 1095 1707 1170; x_wconf 88' lang='lat' dir='ltr'>propter</span> 
     </span>
     <span class='ocr_line' id='line_1_7' title="bbox 343 1185 1706 1278; baseline -0.004 -20"><span class='ocrx_word' id='word_1_57' title='bbox 343 1214 476 1278; x_wconf 85' lang='lat' dir='ltr'>guerras</span> <span class='ocrx_word' id='word_1_58' title='bbox 491 1210 580 1256; x_wconf 89' lang='lat' dir='ltr'>nunc</span> <span class='ocrx_word' id='word_1_59' title='bbox 595 1187 708 1254; x_wconf 86' lang='lat' dir='ltr'>existit</span> <span class='ocrx_word' id='word_1_60' title='bbox 723 1195 759 1252; x_wconf 92' lang='lat' dir='ltr'>et</span> <span class='ocrx_word' id='word_1_61' title='bbox 774 1207 846 1253; x_wconf 90' lang='lat' dir='ltr'>can.</span> <span class='ocrx_word' id='word_1_62' title='bbox 869 1190 930 1252; x_wconf 89' lang='lat' dir='ltr'>sub</span> <span class='ocrx_word' id='word_1_63' title='bbox 947 1208 1021 1272; x_wconf 86' lang='lat' dir='ltr'>exp.</span> <span class='ocrx_word' id='word_1_64' title='bbox 1037 1190 1128 1272; x_wconf 86' lang='lat' dir='ltr'>preb.</span> <span class='ocrx_word' id='word_1_65' title='bbox 1146 1186 1167 1249; x_wconf 87' lang='lat' dir='ltr'>S</span> <span class='ocrx_word' id='word_1_66' title='bbox 1197 1185 1333 1251; x_wconf 89' lang='lat' dir='ltr'>Finnini</span> <span class='ocrx_word' id='word_1_67' title='bbox 1355 1189 1567 1268; x_wconf 71' lang='lat' dir='ltr'>Ambianen,</span> <span class='ocrx_word' id='word_1_68' title='bbox 1582 1189 1706 1253; x_wconf 83' lang='lat' dir='ltr'>virtute</span> 
     </span>
     <span class='ocr_line' id='line_1_8' title="bbox 343 1289 1705 1382; baseline -0.004 -21"><span class='ocrx_word' id='word_1_69' title='bbox 343 1318 387 1382; x_wconf 85' lang='lat' dir='ltr'>gr.</span> <span class='ocrx_word' id='word_1_70' title='bbox 414 1316 475 1381; x_wconf 93' lang='lat' dir='ltr'>per</span> <span class='ocrx_word' id='word_1_71' title='bbox 498 1295 549 1359; x_wconf 87' lang='lat' dir='ltr'>fel.</span> <span class='ocrx_word' id='word_1_72' title='bbox 574 1313 637 1357; x_wconf 88' lang='lat' dir='ltr'>rec.</span> <span class='ocrx_word' id='word_1_73' title='bbox 664 1292 752 1357; x_wconf 92' lang='lat' dir='ltr'>dom.</span> <span class='ocrx_word' id='word_1_74' title='bbox 778 1290 1038 1374; x_wconf 69' lang='lat' dir='ltr'>Blenedictnm),</span> <span class='ocrx_word' id='word_1_75' title='bbox 1054 1289 1325 1375; x_wconf 80' lang='lat' dir='ltr'>predecessorem</span> <span class='ocrx_word' id='word_1_76' title='bbox 1344 1299 1502 1370; x_wconf 86' lang='lat' dir='ltr'>vestrum,</span> <span class='ocrx_word' id='word_1_77' title='bbox 1524 1292 1585 1357; x_wconf 91' lang='lat' dir='ltr'>sibi</span> <span class='ocrx_word' id='word_1_78' title='bbox 1606 1292 1705 1371; x_wconf 85' lang='lat' dir='ltr'>facte,</span> 
     </span>
     <span class='ocr_line' id='line_1_9' title="bbox 343 1396 1286 1467; baseline -0.005 -2"><span class='ocrx_word' id='word_1_79' title='bbox 343 1402 491 1467; x_wconf 90' lang='lat' dir='ltr'>noscitur</span> <span class='ocrx_word' id='word_1_80' title='bbox 503 1400 653 1465; x_wconf 89' lang='lat' dir='ltr'>obtinere</span> <span class='ocrx_word' id='word_1_81' title='bbox 669 1439 712 1447; x_wconf 87' lang='grc'>-</span> <span class='ocrx_word' id='word_1_82' title='bbox 727 1398 781 1461; x_wconf 80' lang='lat' dir='ltr'>rel</span> <span class='ocrx_word' id='word_1_83' title='bbox 792 1398 827 1461; x_wconf 94' lang='lat' dir='ltr'>in</span> <span class='ocrx_word' id='word_1_84' title='bbox 842 1398 923 1462; x_wconf 87' lang='lat' dir='ltr'>eccl.</span> <span class='ocrx_word' id='word_1_85' title='bbox 941 1396 1079 1461; x_wconf 92' lang='lat' dir='ltr'>Remen.</span> <span class='ocrx_word' id='word_1_86' title='bbox 1094 1437 1139 1447; x_wconf 91' lang='lat'><strong>—</strong></span> <span class='ocrx_word' id='word_1_87' title='bbox 1155 1396 1231 1462; x_wconf 88' lang='lat' dir='ltr'>Fiat</span> <span class='ocrx_word' id='word_1_88' title='bbox 1248 1396 1286 1460; x_wconf 90' lang='lat' dir='ltr'>R.</span> 
     </span>
    </p>

    <p class='ocr_par' dir='ltr' id='par_1_4' title="bbox 388 1500 1278 1589">
     <span class='ocr_line' id='line_1_10' title="bbox 388 1500 1278 1589; baseline -0.003 -21"><span class='ocrx_word' id='word_1_89' title='bbox 388 1505 464 1569; x_wconf 90' lang='lat' dir='ltr'>Dat.</span> <span class='ocrx_word' id='word_1_90' title='bbox 482 1524 534 1589; x_wconf 93' lang='lat' dir='ltr'>ap.</span> <span class='ocrx_word' id='word_1_91' title='bbox 551 1502 799 1567; x_wconf 66' lang='lat' dir='ltr'>villamnovam</span> <span class='ocrx_word' id='word_1_92' title='bbox 820 1522 855 1565; x_wconf 90' lang='lat'>12</span> <span class='ocrx_word' id='word_1_93' title='bbox 873 1500 938 1565; x_wconf 91' lang='lat' dir='ltr'>kal.</span> <span class='ocrx_word' id='word_1_94' title='bbox 956 1522 1030 1585; x_wconf 85' lang='lat' dir='ltr'>ang.</span> <span class='ocrx_word' id='word_1_95' title='bbox 1047 1508 1080 1566; x_wconf 81' lang='lat' dir='ltr'>a⁰</span> <span class='ocrx_word' id='word_1_96' title='bbox 1100 1512 1138 1565; x_wconf 81' lang='lat'>1¹¹.</span> <span class='ocrx_word' id='word_1_97' title='bbox 1153 1500 1195 1583; x_wconf 91' lang='lat' dir='ltr'>(I,</span> <span class='ocrx_word' id='word_1_98' title='bbox 1215 1503 1278 1584; x_wconf 85' lang='lat'>79).</span> 
     </span>
    </p>
   </div>
   <div class='ocr_carea' id='block_1_3' title="bbox 341 1690 1705 2200">
    <p class='ocr_par' dir='ltr' id='par_1_5' title="bbox 395 1690 1660 1784">
     <span class='ocr_line' id='line_1_11' title="bbox 395 1690 1660 1784; baseline -0.006 -13"><span class='ocrx_word' id='word_1_99' title='bbox 395 1690 473 1771; x_wconf 79' lang='grc'>94.</span> <span class='ocrx_word' id='word_1_100' title='bbox 1379 1722 1472 1784; x_wconf 66' lang='lat'>1342,</span> <span class='ocrx_word' id='word_1_101' title='bbox 1486 1722 1526 1765; x_wconf 86' lang='lat'>21</span> <span class='ocrx_word' id='word_1_102' title='bbox 1537 1702 1660 1782; x_wconf 69' lang='lat' dir='ltr'>juillet.</span> 
     </span>
    </p>

    <p class='ocr_par' dir='ltr' id='par_1_6' title="bbox 341 1804 1705 2200">
     <span class='ocr_line' id='line_1_12' title="bbox 387 1804 1705 1893; baseline -0.003 -21"><span class='ocrx_word' id='word_1_103' title='bbox 387 1809 485 1893; x_wconf 87' lang='lat' dir='ltr'>Supp.</span> <span class='ocrx_word' id='word_1_104' title='bbox 504 1808 670 1873; x_wconf 86' lang='lat' dir='ltr'>Hemicus</span> <span class='ocrx_word' id='word_1_105' title='bbox 685 1807 728 1872; x_wconf 91' lang='lat' dir='ltr'>de</span> <span class='ocrx_word' id='word_1_106' title='bbox 745 1806 978 1885; x_wconf 84' lang='lat' dir='ltr'>Estoutevilla‚</span> <span class='ocrx_word' id='word_1_107' title='bbox 996 1806 1113 1890; x_wconf 88' lang='lat' dir='ltr'>injure</span> <span class='ocrx_word' id='word_1_108' title='bbox 1136 1804 1223 1870; x_wconf 81' lang='lat' dir='ltr'>cirili</span> <span class='ocrx_word' id='word_1_109' title='bbox 1246 1806 1310 1884; x_wconf 82' lang='lat' dir='ltr'>lio,</span> <span class='ocrx_word' id='word_1_110' title='bbox 1326 1814 1417 1888; x_wconf 89' lang='lat' dir='ltr'>quat.</span> <span class='ocrx_word' id='word_1_111' title='bbox 1432 1804 1493 1869; x_wconf 87' lang='lat' dir='ltr'>sibi</span> <span class='ocrx_word' id='word_1_112' title='bbox 1516 1804 1646 1869; x_wconf 90' lang='lat' dir='ltr'>decan.</span> <span class='ocrx_word' id='word_1_113' title='bbox 1670 1814 1705 1869; x_wconf 90' lang='lat' dir='ltr'>et</span> 
     </span>
     <span class='ocr_line' id='line_1_13' title="bbox 342 1906 1704 1996; baseline -0.002 -22"><span class='ocrx_word' id='word_1_114' title='bbox 342 1915 431 1996; x_wconf 91' lang='lat' dir='ltr'>preb.</span> <span class='ocrx_word' id='word_1_115' title='bbox 447 1913 527 1976; x_wconf 90' lang='lat' dir='ltr'>eccl.</span> <span class='ocrx_word' id='word_1_116' title='bbox 541 1911 700 1996; x_wconf 87' lang='lat' dir='ltr'>Bajocen.</span> <span class='ocrx_word' id='word_1_117' title='bbox 719 1910 900 1995; x_wconf 88' lang='lat' dir='ltr'>dignemini</span> <span class='ocrx_word' id='word_1_118' title='bbox 918 1909 1102 1995; x_wconf 86' lang='lat' dir='ltr'>providere,</span> <span class='ocrx_word' id='word_1_119' title='bbox 1119 1930 1188 1974; x_wconf 91' lang='lat' dir='ltr'>non</span> <span class='ocrx_word' id='word_1_120' title='bbox 1201 1912 1283 1974; x_wconf 87' lang='lat' dir='ltr'>obst</span> <span class='ocrx_word' id='word_1_121' title='bbox 1300 1908 1391 1992; x_wconf 88' lang='lat' dir='ltr'>quod</span> <span class='ocrx_word' id='word_1_122' title='bbox 1405 1912 1494 1993; x_wconf 90' lang='lat' dir='ltr'>preb.</span> <span class='ocrx_word' id='word_1_123' title='bbox 1512 1906 1704 1986; x_wconf 69' lang='lat' dir='ltr'>Lexorien,</span> 
     </span>
     <span class='ocr_line' id='line_1_14' title="bbox 343 2012 1704 2098; baseline -0.003 -19"><span class='ocrx_word' id='word_1_124' title='bbox 343 2016 373 2079; x_wconf 82' lang='lat' dir='ltr'>S.</span> <span class='ocrx_word' id='word_1_125' title='bbox 382 2015 471 2081; x_wconf 87' lang='lat' dir='ltr'>Petri</span> <span class='ocrx_word' id='word_1_126' title='bbox 481 2014 684 2081; x_wconf 89' lang='lat' dir='ltr'>Casletensis</span> <span class='ocrx_word' id='word_1_127' title='bbox 696 2022 731 2079; x_wconf 92' lang='lat' dir='ltr'>et</span> <span class='ocrx_word' id='word_1_128' title='bbox 741 2014 1016 2098; x_wconf 82' lang='lat' dir='ltr'>B.Waldebnrgis</span> <span class='ocrx_word' id='word_1_129' title='bbox 1029 2013 1216 2092; x_wconf 73' lang='lat' dir='ltr'>FumensiS,</span> <span class='ocrx_word' id='word_1_130' title='bbox 1225 2012 1390 2078; x_wconf 89' lang='lat' dir='ltr'>Morinen.</span> <span class='ocrx_word' id='word_1_131' title='bbox 1402 2012 1497 2091; x_wconf 73' lang='lat' dir='ltr'>dioc,</span> <span class='ocrx_word' id='word_1_132' title='bbox 1507 2019 1704 2097; x_wconf 88' lang='lat' dir='ltr'>personatus</span> 
     </span>
     <span class='ocr_line' id='line_1_15' title="bbox 341 2114 1705 2200; baseline -0.004 -17"><span class='ocrx_word' id='word_1_133' title='bbox 341 2118 384 2183; x_wconf 91' lang='lat' dir='ltr'>de</span> <span class='ocrx_word' id='word_1_134' title='bbox 408 2117 570 2200; x_wconf 89' lang='lat' dir='ltr'>Cairesiis,</span> <span class='ocrx_word' id='word_1_135' title='bbox 599 2117 791 2199; x_wconf 81' lang='lat' dir='ltr'>Lexovien,</span> <span class='ocrx_word' id='word_1_136' title='bbox 808 2138 849 2183; x_wconf 88' lang='lat' dir='ltr'>ae</span> <span class='ocrx_word' id='word_1_137' title='bbox 873 2118 916 2183; x_wconf 93' lang='lat' dir='ltr'>de</span> <span class='ocrx_word' id='word_1_138' title='bbox 941 2117 1140 2196; x_wconf 82' lang='lat' dir='ltr'>Osbervilla,</span> <span class='ocrx_word' id='word_1_139' title='bbox 1170 2116 1415 2200; x_wconf 90' lang='lat' dir='ltr'>Rothomagen.</span> <span class='ocrx_word' id='word_1_140' title='bbox 1443 2115 1541 2195; x_wconf 72' lang='lat' dir='ltr'>dioc,</span> <span class='ocrx_word' id='word_1_141' title='bbox 1557 2114 1705 2180; x_wconf 87' lang='lat' dir='ltr'>noscitur</span> 
     </span>
    </p>
   </div>
   <div class='ocr_carea' id='block_1_4' title="bbox 215 2221 702 2317">
    <p class='ocr_par' dir='ltr' id='par_1_7' title="bbox 215 2221 702 2317">
     <span class='ocr_line' id='line_1_16' title="bbox 215 2221 702 2317; baseline -0.002 -30"><span class='ocrx_word' id='word_1_142' title='bbox 215 2308 219 2317; x_wconf 18' lang='grc' dir='ltr'>ὓ</span> <span class='ocrx_word' id='word_1_143' title='bbox 343 2223 502 2288; x_wconf 87' lang='lat' dir='ltr'>obtinere.</span> <span class='ocrx_word' id='word_1_144' title='bbox 518 2260 550 2270; x_wconf 94' lang='lat'>—</span> <span class='ocrx_word' id='word_1_145' title='bbox 568 2221 646 2288; x_wconf 89' lang='lat' dir='ltr'>Fiat</span> <span class='ocrx_word' id='word_1_146' title='bbox 662 2222 702 2287; x_wconf 91' lang='lat' dir='ltr'>R.</span> 
     </span>
    </p>
   </div>
   <div class='ocr_carea' id='block_1_5' title="bbox 384 2324 1273 2410">
    <p class='ocr_par' dir='ltr' id='par_1_8' title="bbox 384 2324 1273 2410">
     <span class='ocr_line' id='line_1_17' title="bbox 384 2324 1273 2410; baseline 0.001 -22"><span class='ocrx_word' id='word_1_147' title='bbox 384 2325 462 2390; x_wconf 90' lang='lat' dir='ltr'>Dat.</span> <span class='ocrx_word' id='word_1_148' title='bbox 478 2346 529 2410; x_wconf 89' lang='lat' dir='ltr'>ap.</span> <span class='ocrx_word' id='word_1_149' title='bbox 546 2325 795 2391; x_wconf 76' lang='lat' dir='ltr'>villamnovam</span> <span class='ocrx_word' id='word_1_150' title='bbox 817 2348 851 2391; x_wconf 90' lang='lat'>12</span> <span class='ocrx_word' id='word_1_151' title='bbox 869 2326 934 2391; x_wconf 88' lang='lat' dir='ltr'>kal.</span> <span class='ocrx_word' id='word_1_152' title='bbox 952 2347 1025 2408; x_wconf 84' lang='lat' dir='ltr'>aug.</span> <span class='ocrx_word' id='word_1_153' title='bbox 1042 2334 1075 2389; x_wconf 84' lang='lat' dir='ltr'>a⁰</span> <span class='ocrx_word' id='word_1_154' title='bbox 1098 2336 1133 2388; x_wconf 78' lang='lat'>1⁰.</span> <span class='ocrx_word' id='word_1_155' title='bbox 1150 2324 1192 2407; x_wconf 87' lang='lat' dir='ltr'>(I,</span> <span class='ocrx_word' id='word_1_156' title='bbox 1210 2328 1273 2409; x_wconf 85' lang='lat'>85).</span> 
     </span>
    </p>
   </div>
   <div class='ocr_carea' id='block_1_6' title="bbox 340 2513 1703 2904">
    <p class='ocr_par' dir='ltr' id='par_1_9' title="bbox 395 2513 1660 2596">
     <span class='ocr_line' id='line_1_18' title="bbox 395 2513 1660 2596; baseline -0.006 0"><span class='ocrx_word' id='word_1_157' title='bbox 395 2513 474 2596; x_wconf 85' lang='lat'>95.</span> <span class='ocrx_word' id='word_1_158' title='bbox 1379 2548 1395 2589; x_wconf 92' lang='lat'><em>1</em></span> <span class='ocrx_word' id='word_1_159' title='bbox 1444 2548 1528 2589; x_wconf 81' lang='grc'>222</span> <span class='ocrx_word' id='word_1_160' title='bbox 1553 2525 1660 2590; x_wconf 66' lang='grc'>1211121.</span> 
     </span>
    </p>

    <p class='ocr_par' dir='ltr' id='par_1_10' title="bbox 340 2546 1703 2904">
     <span class='ocr_line' id='line_1_19' title="bbox 386 2546 1702 2717; baseline 0.001 -21"><span class='ocrx_word' id='word_1_161' title='bbox 386 2630 486 2696; x_wconf 90' lang='lat' dir='ltr'>Motu</span> <span class='ocrx_word' id='word_1_162' title='bbox 516 2631 651 2717; x_wconf 88' lang='lat' dir='ltr'>proprio</span> <span class='ocrx_word' id='word_1_163' title='bbox 681 2632 883 2697; x_wconf 86' lang='lat' dir='ltr'>conferimus</span> <span class='ocrx_word' id='word_1_164' title='bbox 914 2631 1060 2697; x_wconf 85' lang='lat' dir='ltr'>Nicolao</span> <span class='ocrx_word' id='word_1_165' title='bbox 1091 2630 1235 2714; x_wconf 89' lang='lat' dir='ltr'>Rogerii,</span> <span class='ocrx_word' id='word_1_166' title='bbox 1250 2650 1324 2695; x_wconf 87' lang='lat' dir='ltr'>ean.</span> <span class='ocrx_word' id='word_1_167' title='bbox 1355 2546 1440 2694; x_wconf 70' lang='lat' dir='ltr'>endi.l</span> <span class='ocrx_word' id='word_1_168' title='bbox 1465 2549 1702 2698; x_wconf 48' lang='lat' dir='ltr'>,Canieracem</span> 
     </span>
     <span class='ocr_line' id='line_1_20' title="bbox 340 2730 1703 2819; baseline -0.001 -21"><span class='ocrx_word' id='word_1_169' title='bbox 340 2735 523 2819; x_wconf 86' lang='lat' dir='ltr'>prioratum</span> <span class='ocrx_word' id='word_1_170' title='bbox 550 2754 609 2799; x_wconf 88' lang='lat' dir='ltr'>seu</span> <span class='ocrx_word' id='word_1_171' title='bbox 624 2736 706 2799; x_wconf 91' lang='lat' dir='ltr'>eccl.</span> <span class='ocrx_word' id='word_1_172' title='bbox 723 2736 906 2800; x_wconf 88' lang='lat' dir='ltr'>secularem</span> <span class='ocrx_word' id='word_1_173' title='bbox 922 2756 948 2799; x_wconf 79' lang='lat' dir='ltr'>s,</span> <span class='ocrx_word' id='word_1_174' title='bbox 965 2756 991 2800; x_wconf 91' lang='lat' dir='ltr'>c.</span> <span class='ocrx_word' id='word_1_175' title='bbox 1008 2735 1037 2797; x_wconf 84' lang='lat' dir='ltr'>S.</span> <span class='ocrx_word' id='word_1_176' title='bbox 1055 2733 1144 2797; x_wconf 87' lang='lat' dir='ltr'>Petri</span> <span class='ocrx_word' id='word_1_177' title='bbox 1169 2733 1211 2796; x_wconf 93' lang='lat' dir='ltr'>de</span> <span class='ocrx_word' id='word_1_178' title='bbox 1238 2732 1437 2812; x_wconf 87' lang='lat' dir='ltr'>Rebentino,</span> <span class='ocrx_word' id='word_1_179' title='bbox 1464 2730 1703 2799; x_wconf 89' lang='lat' dir='ltr'>Carcassonen.</span> 
     </span>
     <span class='ocr_line' id='line_1_21' title="bbox 340 2836 633 2904; baseline -0.003 -1"><span class='ocrx_word' id='word_1_180' title='bbox 340 2839 424 2904; x_wconf 89' lang='lat' dir='ltr'>dioc.</span> <span class='ocrx_word' id='word_1_181' title='bbox 447 2879 478 2888; x_wconf 93' lang='lat'>—</span> <span class='ocrx_word' id='word_1_182' title='bbox 500 2838 577 2902; x_wconf 88' lang='lat' dir='ltr'>Fiat</span> <span class='ocrx_word' id='word_1_183' title='bbox 594 2836 633 2902; x_wconf 92' lang='lat' dir='ltr'>R.</span> 
     </span>
    </p>
   </div>
   <div class='ocr_carea' id='block_1_7' title="bbox 383 2940 1292 3027">
    <p class='ocr_par' dir='ltr' id='par_1_11' title="bbox 383 2940 1292 3027">
     <span class='ocr_line' id='line_1_22' title="bbox 383 2940 1292 3027; baseline 0.001 -22"><span class='ocrx_word' id='word_1_184' title='bbox 383 2942 462 3007; x_wconf 80' lang='lat' dir='ltr'>Dat</span> <span class='ocrx_word' id='word_1_185' title='bbox 478 2963 530 3027; x_wconf 88' lang='lat' dir='ltr'>ap.</span> <span class='ocrx_word' id='word_1_186' title='bbox 548 2941 797 3008; x_wconf 83' lang='lat' dir='ltr'>Villamnovam</span> <span class='ocrx_word' id='word_1_187' title='bbox 818 2964 851 3007; x_wconf 92' lang='lat'>11</span> <span class='ocrx_word' id='word_1_188' title='bbox 871 2942 938 3008; x_wconf 87' lang='lat' dir='ltr'>kal.</span> <span class='ocrx_word' id='word_1_189' title='bbox 955 2963 1028 3026; x_wconf 89' lang='lat' dir='ltr'>aug.</span> <span class='ocrx_word' id='word_1_190' title='bbox 1045 2950 1078 3007; x_wconf 86' lang='lat' dir='ltr'>a⁰</span> <span class='ocrx_word' id='word_1_191' title='bbox 1098 2951 1135 3005; x_wconf 83' lang='lat'>1⁰.</span> <span class='ocrx_word' id='word_1_192' title='bbox 1151 2940 1194 3023; x_wconf 91' lang='lat' dir='ltr'>(I,</span> <span class='ocrx_word' id='word_1_193' title='bbox 1212 2945 1292 3024; x_wconf 63' lang='lat'>79¹).</span> 
     </span>
    </p>
   </div>
   <div class='ocr_carea' id='block_1_8' title="bbox 341 3127 1702 3854">
    <p class='ocr_par' dir='ltr' id='par_1_12' title="bbox 341 3127 1702 3854">
     <span class='ocr_line' id='line_1_23' title="bbox 357 3127 1658 3227; baseline -0.002 -17"><span class='ocrx_word' id='word_1_194' title='bbox 357 3185 360 3192; x_wconf 91' lang='lat'>.</span> <span class='ocrx_word' id='word_1_195' title='bbox 392 3127 475 3210; x_wconf 84' lang='grc'>96.</span> <span class='ocrx_word' id='word_1_196' title='bbox 1375 3164 1470 3227; x_wconf 66' lang='lat'>1542,</span> <span class='ocrx_word' id='word_1_197' title='bbox 1484 3166 1524 3208; x_wconf 88' lang='lat'>22</span> <span class='ocrx_word' id='word_1_198' title='bbox 1534 3141 1658 3224; x_wconf 75' lang='lat' dir='ltr'>juillet.</span> 
     </span>
     <span class='ocr_line' id='line_1_24' title="bbox 385 3246 1701 3334; baseline -0.001 -25"><span class='ocrx_word' id='word_1_199' title='bbox 385 3246 485 3331; x_wconf 91' lang='lat' dir='ltr'>Supp.</span> <span class='ocrx_word' id='word_1_200' title='bbox 501 3246 699 3330; x_wconf 88' lang='lat' dir='ltr'>Aymericus</span> <span class='ocrx_word' id='word_1_201' title='bbox 722 3247 875 3328; x_wconf 81' lang='lat' dir='ltr'>Galrani,</span> <span class='ocrx_word' id='word_1_202' title='bbox 898 3268 1003 3334; x_wconf 90' lang='lat' dir='ltr'>nepos</span> <span class='ocrx_word' id='word_1_203' title='bbox 1018 3249 1070 3313; x_wconf 87' lang='lat' dir='ltr'>sel.</span> <span class='ocrx_word' id='word_1_204' title='bbox 1091 3271 1192 3314; x_wconf 88' lang='lat' dir='ltr'>mem.</span> <span class='ocrx_word' id='word_1_205' title='bbox 1207 3249 1296 3314; x_wconf 89' lang='lat' dir='ltr'>dom</span> <span class='ocrx_word' id='word_1_206' title='bbox 1314 3248 1404 3313; x_wconf 91' lang='lat' dir='ltr'>Petri</span> <span class='ocrx_word' id='word_1_207' title='bbox 1419 3247 1462 3313; x_wconf 94' lang='lat' dir='ltr'>de</span> <span class='ocrx_word' id='word_1_208' title='bbox 1477 3246 1701 3313; x_wconf 87' lang='lat' dir='ltr'>Mortuomari</span> 
     </span>
     <span class='ocr_line' id='line_1_25' title="bbox 341 3349 1701 3438; baseline -0.004 -20"><span class='ocrx_word' id='word_1_209' title='bbox 341 3355 510 3438; x_wconf 88' lang='lat' dir='ltr'>quondam</span> <span class='ocrx_word' id='word_1_210' title='bbox 524 3353 610 3420; x_wconf 89' lang='lat' dir='ltr'>card.</span> <span class='ocrx_word' id='word_1_211' title='bbox 620 3351 902 3418; x_wconf 82' lang='lat' dir='ltr'>Antisiodorensis</span> <span class='ocrx_word' id='word_1_212' title='bbox 912 3362 932 3432; x_wconf 83' lang='lat'>²,</span> <span class='ocrx_word' id='word_1_213' title='bbox 946 3363 1035 3434; x_wconf 87' lang='lat' dir='ltr'>quat.</span> <span class='ocrx_word' id='word_1_214' title='bbox 1049 3353 1110 3417; x_wconf 90' lang='lat' dir='ltr'>sibi</span> <span class='ocrx_word' id='word_1_215' title='bbox 1122 3352 1164 3417; x_wconf 93' lang='lat' dir='ltr'>de</span> <span class='ocrx_word' id='word_1_216' title='bbox 1177 3373 1248 3416; x_wconf 91' lang='lat' dir='ltr'>can.</span> <span class='ocrx_word' id='word_1_217' title='bbox 1260 3350 1510 3418; x_wconf 84' lang='lat' dir='ltr'>ecclParisien.</span> <span class='ocrx_word' id='word_1_218' title='bbox 1519 3349 1701 3434; x_wconf 85' lang='lat' dir='ltr'>dignemini</span> 
     </span>
     <span class='ocr_line' id='line_1_26' title="bbox 341 3454 1702 3543; baseline -0.004 -21"><span class='ocrx_word' id='word_1_219' title='bbox 341 3459 523 3543; x_wconf 88' lang='lat' dir='ltr'>providere,</span> <span class='ocrx_word' id='word_1_220' title='bbox 540 3460 629 3543; x_wconf 89' lang='lat' dir='ltr'>preb.</span> <span class='ocrx_word' id='word_1_221' title='bbox 643 3477 732 3536; x_wconf 84' lang='lat' dir='ltr'>vero,</span> <span class='ocrx_word' id='word_1_222' title='bbox 744 3455 914 3538; x_wconf 87' lang='lat' dir='ltr'>dign...vel</span> <span class='ocrx_word' id='word_1_223' title='bbox 931 3456 987 3520; x_wconf 88' lang='lat' dir='ltr'>off.</span> <span class='ocrx_word' id='word_1_224' title='bbox 1002 3477 1255 3536; x_wconf 90' lang='lat' dir='ltr'>reservare,non</span> <span class='ocrx_word' id='word_1_225' title='bbox 1272 3454 1453 3538; x_wconf 83' lang='lat' dir='ltr'>obstquod</span> <span class='ocrx_word' id='word_1_226' title='bbox 1469 3474 1552 3532; x_wconf 86' lang='lat' dir='ltr'>can,</span> <span class='ocrx_word' id='word_1_227' title='bbox 1564 3456 1654 3538; x_wconf 88' lang='lat' dir='ltr'>preb.</span> <span class='ocrx_word' id='word_1_228' title='bbox 1666 3462 1702 3517; x_wconf 90' lang='lat' dir='ltr'>et</span> 
     </span>
     <span class='ocr_line' id='line_1_27' title="bbox 342 3555 1702 3644; baseline -0.002 -18"><span class='ocrx_word' id='word_1_229' title='bbox 342 3562 527 3627; x_wconf 88' lang='lat' dir='ltr'>cantoriam</span> <span class='ocrx_word' id='word_1_230' title='bbox 539 3561 573 3625; x_wconf 92' lang='lat' dir='ltr'>in</span> <span class='ocrx_word' id='word_1_231' title='bbox 586 3560 665 3625; x_wconf 88' lang='lat' dir='ltr'>eccl.</span> <span class='ocrx_word' id='word_1_232' title='bbox 679 3559 860 3643; x_wconf 90' lang='lat' dir='ltr'>Lingonen.</span> <span class='ocrx_word' id='word_1_233' title='bbox 874 3568 908 3623; x_wconf 89' lang='lat' dir='ltr'>et</span> <span class='ocrx_word' id='word_1_234' title='bbox 932 3568 1148 3644; x_wconf 87' lang='lat' dir='ltr'>personatum</span> <span class='ocrx_word' id='word_1_235' title='bbox 1171 3559 1214 3624; x_wconf 93' lang='lat' dir='ltr'>de</span> <span class='ocrx_word' id='word_1_236' title='bbox 1230 3556 1406 3638; x_wconf 86' lang='lat' dir='ltr'>Sutkerka,</span> <span class='ocrx_word' id='word_1_237' title='bbox 1425 3555 1589 3622; x_wconf 89' lang='lat' dir='ltr'>Morinen.</span> <span class='ocrx_word' id='word_1_238' title='bbox 1605 3555 1702 3623; x_wconf 88' lang='lat' dir='ltr'>dioc..</span> 
     </span>
     <span class='ocr_line' id='line_1_28' title="bbox 341 3661 1291 3748; baseline -0.005 -18"><span class='ocrx_word' id='word_1_239' title='bbox 341 3666 487 3731; x_wconf 89' lang='lat' dir='ltr'>noscitur</span> <span class='ocrx_word' id='word_1_240' title='bbox 503 3665 661 3729; x_wconf 89' lang='lat' dir='ltr'>obtinere.</span> <span class='ocrx_word' id='word_1_241' title='bbox 683 3663 715 3710; x_wconf 72' lang='grc'>-’</span> <span class='ocrx_word' id='word_1_242' title='bbox 737 3661 814 3727; x_wconf 84' lang='lat' dir='ltr'>Fiat</span> <span class='ocrx_word' id='word_1_243' title='bbox 830 3662 872 3728; x_wconf 90' lang='lat' dir='ltr'>de</span> <span class='ocrx_word' id='word_1_244' title='bbox 888 3683 960 3727; x_wconf 89' lang='lat' dir='ltr'>can.</span> <span class='ocrx_word' id='word_1_245' title='bbox 979 3665 1039 3726; x_wconf 89' lang='lat' dir='ltr'>sub</span> <span class='ocrx_word' id='word_1_246' title='bbox 1055 3684 1129 3748; x_wconf 84' lang='lat' dir='ltr'>exp.</span> <span class='ocrx_word' id='word_1_247' title='bbox 1146 3665 1234 3748; x_wconf 77' lang='lat' dir='ltr'>preb.</span> <span class='ocrx_word' id='word_1_248' title='bbox 1253 3661 1291 3725; x_wconf 81' lang='lat' dir='ltr'>R</span> 
     </span>
     <span class='ocr_line' id='line_1_29' title="bbox 385 3764 1290 3854; baseline -0.003 -22"><span class='ocrx_word' id='word_1_249' title='bbox 385 3769 461 3834; x_wconf 85' lang='lat' dir='ltr'>Dat.</span> <span class='ocrx_word' id='word_1_250' title='bbox 479 3789 530 3854; x_wconf 89' lang='lat' dir='ltr'>ap.</span> <span class='ocrx_word' id='word_1_251' title='bbox 547 3767 797 3832; x_wconf 85' lang='lat' dir='ltr'>Villamnovam</span> <span class='ocrx_word' id='word_1_252' title='bbox 817 3786 851 3829; x_wconf 93' lang='lat'>11</span> <span class='ocrx_word' id='word_1_253' title='bbox 870 3765 937 3830; x_wconf 87' lang='lat' dir='ltr'>kal.</span> <span class='ocrx_word' id='word_1_254' title='bbox 954 3786 1026 3850; x_wconf 89' lang='lat' dir='ltr'>aug.</span> <span class='ocrx_word' id='word_1_255' title='bbox 1044 3773 1077 3830; x_wconf 90' lang='lat' dir='ltr'>a⁰</span> <span class='ocrx_word' id='word_1_256' title='bbox 1098 3773 1135 3830; x_wconf 89' lang='lat'>1⁰.</span> <span class='ocrx_word' id='word_1_257' title='bbox 1152 3764 1193 3848; x_wconf 83' lang='lat' dir='ltr'>(I,</span> <span class='ocrx_word' id='word_1_258' title='bbox 1212 3770 1290 3849; x_wconf 51' lang='lat' dir='ltr'>Jol&#39;).</span> 
     </span>
    </p>
   </div>
   <div class='ocr_carea' id='block_1_9' title="bbox 340 3955 1703 4781">
    <p class='ocr_par' dir='ltr' id='par_1_13' title="bbox 393 3955 1657 4051">
     <span class='ocr_line' id='line_1_30' title="bbox 393 3955 1657 4051; baseline -0.002 -16"><span class='ocrx_word' id='word_1_259' title='bbox 393 3955 472 4036; x_wconf 85' lang='grc'>97.</span> <span class='ocrx_word' id='word_1_260' title='bbox 1372 3989 1466 4051; x_wconf 70' lang='lat'>1342,</span> <span class='ocrx_word' id='word_1_261' title='bbox 1482 3992 1521 4033; x_wconf 87' lang='lat'>22</span> <span class='ocrx_word' id='word_1_262' title='bbox 1532 3968 1657 4050; x_wconf 72' lang='lat' dir='ltr'>juillet.</span> 
     </span>
    </p>

    <p class='ocr_par' dir='ltr' id='par_1_14' title="bbox 340 4070 1703 4668">
     <span class='ocr_line' id='line_1_31' title="bbox 384 4070 1703 4157; baseline -0.001 -21"><span class='ocrx_word' id='word_1_263' title='bbox 384 4073 482 4157; x_wconf 87' lang='lat' dir='ltr'>Supp.</span> <span class='ocrx_word' id='word_1_264' title='bbox 499 4073 647 4156; x_wconf 81' lang='lat' dir='ltr'>Angelus</span> <span class='ocrx_word' id='word_1_265' title='bbox 662 4071 772 4137; x_wconf 88' lang='lat' dir='ltr'>dictus</span> <span class='ocrx_word' id='word_1_266' title='bbox 787 4070 899 4135; x_wconf 90' lang='lat' dir='ltr'>Lellus</span> <span class='ocrx_word' id='word_1_267' title='bbox 915 4070 1003 4135; x_wconf 89' lang='lat' dir='ltr'>Petri</span> <span class='ocrx_word' id='word_1_268' title='bbox 1027 4070 1190 4155; x_wconf 83' lang='lat' dir='ltr'>Stephani</span> <span class='ocrx_word' id='word_1_269' title='bbox 1205 4071 1247 4136; x_wconf 89' lang='lat' dir='ltr'>de</span> <span class='ocrx_word' id='word_1_270' title='bbox 1263 4071 1411 4136; x_wconf 86' lang='lat' dir='ltr'>Tosettis</span> <span class='ocrx_word' id='word_1_271' title='bbox 1426 4072 1468 4137; x_wconf 92' lang='lat' dir='ltr'>de</span> <span class='ocrx_word' id='word_1_272' title='bbox 1485 4071 1589 4151; x_wconf 87' lang='lat' dir='ltr'>Urbe,</span> <span class='ocrx_word' id='word_1_273' title='bbox 1605 4071 1703 4136; x_wconf 85' lang='lat' dir='ltr'>sami-</span> 
     </span>
     <span class='ocr_line' id='line_1_32' title="bbox 341 4173 1702 4260; baseline -0.001 -20"><span class='ocrx_word' id='word_1_274' title='bbox 341 4177 470 4240; x_wconf 83' lang='lat' dir='ltr'>liarium</span> <span class='ocrx_word' id='word_1_275' title='bbox 486 4185 672 4241; x_wconf 86' lang='lat' dir='ltr'>vestrorum</span> <span class='ocrx_word' id='word_1_276' title='bbox 687 4175 852 4255; x_wconf 90' lang='lat' dir='ltr'>minimus,</span> <span class='ocrx_word' id='word_1_277' title='bbox 869 4183 959 4258; x_wconf 80' lang='lat' dir='ltr'>quat</span> <span class='ocrx_word' id='word_1_278' title='bbox 977 4174 1106 4260; x_wconf 91' lang='lat' dir='ltr'>[nepoti</span> <span class='ocrx_word' id='word_1_279' title='bbox 1122 4195 1182 4239; x_wconf 90' lang='lat' dir='ltr'>suo</span> <span class='ocrx_word' id='word_1_280' title='bbox 1197 4174 1286 4239; x_wconf 90' lang='lat' dir='ltr'>dom.</span> <span class='ocrx_word' id='word_1_281' title='bbox 1307 4174 1457 4258; x_wconf 91' lang='lat' dir='ltr'>Oddoni]</span> <span class='ocrx_word' id='word_1_282' title='bbox 1480 4173 1702 4240; x_wconf 88' lang='lat' dir='ltr'>Malabrance</span> 
     </span>
     <span class='ocr_line' id='line_1_33' title="bbox 340 4277 1701 4364; baseline -0.001 -21"><span class='ocrx_word' id='word_1_283' title='bbox 340 4280 383 4343; x_wconf 91' lang='lat' dir='ltr'>de</span> <span class='ocrx_word' id='word_1_284' title='bbox 399 4279 605 4344; x_wconf 89' lang='lat' dir='ltr'>Thedallinis</span> <span class='ocrx_word' id='word_1_285' title='bbox 620 4280 663 4344; x_wconf 86' lang='lat' dir='ltr'>de</span> <span class='ocrx_word' id='word_1_286' title='bbox 678 4279 769 4344; x_wconf 87' lang='lat' dir='ltr'>dicta</span> <span class='ocrx_word' id='word_1_287' title='bbox 783 4278 886 4358; x_wconf 86' lang='lat' dir='ltr'>Urbe,</span> <span class='ocrx_word' id='word_1_288' title='bbox 903 4299 976 4344; x_wconf 83' lang='lat' dir='ltr'>can</span> <span class='ocrx_word' id='word_1_289' title='bbox 1001 4287 1036 4343; x_wconf 92' lang='lat' dir='ltr'>et</span> <span class='ocrx_word' id='word_1_290' title='bbox 1061 4282 1152 4364; x_wconf 93' lang='lat' dir='ltr'>preb.</span> <span class='ocrx_word' id='word_1_291' title='bbox 1179 4280 1260 4344; x_wconf 89' lang='lat' dir='ltr'>eccl.</span> <span class='ocrx_word' id='word_1_292' title='bbox 1287 4277 1493 4345; x_wconf 80' lang='lat' dir='ltr'>Nicosiensis</span> <span class='ocrx_word' id='word_1_293' title='bbox 1518 4278 1701 4364; x_wconf 89' lang='lat' dir='ltr'>dignemini</span> 
     </span>
     <span class='ocr_line' id='line_1_34' title="bbox 340 4380 1701 4468; baseline 0.001 -23"><span class='ocrx_word' id='word_1_294' title='bbox 340 4403 516 4463; x_wconf 83' lang='lat' dir='ltr'>reservare,</span> <span class='ocrx_word' id='word_1_295' title='bbox 533 4404 601 4447; x_wconf 91' lang='lat' dir='ltr'>non</span> <span class='ocrx_word' id='word_1_296' title='bbox 618 4386 701 4449; x_wconf 89' lang='lat' dir='ltr'>obst.</span> <span class='ocrx_word' id='word_1_297' title='bbox 714 4382 804 4466; x_wconf 91' lang='lat' dir='ltr'>qnod</span> <span class='ocrx_word' id='word_1_298' title='bbox 828 4383 861 4446; x_wconf 92' lang='lat' dir='ltr'>in</span> <span class='ocrx_word' id='word_1_299' title='bbox 878 4380 1120 4468; x_wconf 87' lang='lat' dir='ltr'>Nigroponten.</span> <span class='ocrx_word' id='word_1_300' title='bbox 1144 4391 1179 4447; x_wconf 88' lang='lat' dir='ltr'>et</span> <span class='ocrx_word' id='word_1_301' title='bbox 1206 4383 1235 4446; x_wconf 82' lang='lat' dir='ltr'>S.</span> <span class='ocrx_word' id='word_1_302' title='bbox 1253 4381 1423 4447; x_wconf 90' lang='lat' dir='ltr'>Laurentii</span> <span class='ocrx_word' id='word_1_303' title='bbox 1440 4383 1474 4447; x_wconf 88' lang='lat' dir='ltr'>in</span> <span class='ocrx_word' id='word_1_304' title='bbox 1504 4382 1632 4448; x_wconf 89' lang='lat' dir='ltr'>Lucina</span> <span class='ocrx_word' id='word_1_305' title='bbox 1655 4383 1701 4447; x_wconf 90' lang='lat' dir='ltr'>de</span> 
     </span>
     <span class='ocr_line' id='line_1_35' title="bbox 344 4485 1701 4572; baseline 0 -20"><span class='ocrx_word' id='word_1_306' title='bbox 344 4485 434 4552; x_wconf 92' lang='lat' dir='ltr'>Urbe</span> <span class='ocrx_word' id='word_1_307' title='bbox 451 4487 530 4551; x_wconf 90' lang='lat' dir='ltr'>eccl.</span> <span class='ocrx_word' id='word_1_308' title='bbox 555 4507 627 4552; x_wconf 86' lang='lat' dir='ltr'>can.</span> <span class='ocrx_word' id='word_1_309' title='bbox 644 4495 678 4551; x_wconf 91' lang='lat' dir='ltr'>et</span> <span class='ocrx_word' id='word_1_310' title='bbox 693 4490 782 4572; x_wconf 92' lang='lat' dir='ltr'>preb.</span> <span class='ocrx_word' id='word_1_311' title='bbox 800 4495 835 4552; x_wconf 87' lang='lat' dir='ltr'>et</span> <span class='ocrx_word' id='word_1_312' title='bbox 851 4495 1003 4552; x_wconf 89' lang='lat' dir='ltr'>curatam</span> <span class='ocrx_word' id='word_1_313' title='bbox 1018 4488 1099 4552; x_wconf 88' lang='lat' dir='ltr'>eecl.</span> <span class='ocrx_word' id='word_1_314' title='bbox 1116 4487 1145 4550; x_wconf 85' lang='lat' dir='ltr'>S.</span> <span class='ocrx_word' id='word_1_315' title='bbox 1163 4485 1303 4552; x_wconf 89' lang='lat' dir='ltr'>Martini</span> <span class='ocrx_word' id='word_1_316' title='bbox 1319 4487 1361 4552; x_wconf 91' lang='lat' dir='ltr'>de</span> <span class='ocrx_word' id='word_1_317' title='bbox 1379 4487 1476 4554; x_wconf 85' lang='lat' dir='ltr'>Hans</span> <span class='ocrx_word' id='word_1_318' title='bbox 1490 4497 1511 4567; x_wconf 82' lang='lat'>³,</span> <span class='ocrx_word' id='word_1_319' title='bbox 1539 4486 1701 4552; x_wconf 89' lang='lat' dir='ltr'>Leodien.</span> 
     </span>
     <span class='ocr_line' id='line_1_36' title="bbox 340 4588 978 4668; baseline 0.002 -13"><span class='ocrx_word' id='word_1_320' title='bbox 340 4588 435 4668; x_wconf 77' lang='lat' dir='ltr'>dioc,</span> <span class='ocrx_word' id='word_1_321' title='bbox 458 4589 605 4654; x_wconf 91' lang='lat' dir='ltr'>noscitur</span> <span class='ocrx_word' id='word_1_322' title='bbox 621 4589 771 4654; x_wconf 88' lang='lat' dir='ltr'>obtinere</span> <span class='ocrx_word' id='word_1_323' title='bbox 792 4627 824 4636; x_wconf 99' lang='lat'>-</span> <span class='ocrx_word' id='word_1_324' title='bbox 846 4590 923 4656; x_wconf 85' lang='lat' dir='ltr'>Fiat</span> <span class='ocrx_word' id='word_1_325' title='bbox 940 4590 978 4656; x_wconf 81' lang='lat' dir='ltr'>R</span> 
     </span>
    </p>

    <p class='ocr_par' dir='ltr' id='par_1_15' title="bbox 384 4690 1288 4781">
     <span class='ocr_line' id='line_1_37' title="bbox 384 4690 1288 4781; baseline 0.006 -26"><span class='ocrx_word' id='word_1_326' title='bbox 384 4692 461 4756; x_wconf 88' lang='lat' dir='ltr'>Dat</span> <span class='ocrx_word' id='word_1_327' title='bbox 478 4711 530 4777; x_wconf 92' lang='lat' dir='ltr'>ap.</span> <span class='ocrx_word' id='word_1_328' title='bbox 546 4690 795 4757; x_wconf 87' lang='lat' dir='ltr'>Villamnovam</span> <span class='ocrx_word' id='word_1_329' title='bbox 816 4715 849 4758; x_wconf 94' lang='lat'>11</span> <span class='ocrx_word' id='word_1_330' title='bbox 869 4693 934 4759; x_wconf 86' lang='lat' dir='ltr'>kal.</span> <span class='ocrx_word' id='word_1_331' title='bbox 951 4716 1024 4780; x_wconf 84' lang='lat' dir='ltr'>aug.</span> <span class='ocrx_word' id='word_1_332' title='bbox 1041 4703 1075 4760; x_wconf 89' lang='lat' dir='ltr'>a⁰</span> <span class='ocrx_word' id='word_1_333' title='bbox 1095 4703 1132 4760; x_wconf 86' lang='lat'>1⁰.</span> <span class='ocrx_word' id='word_1_334' title='bbox 1149 4695 1191 4778; x_wconf 90' lang='lat' dir='ltr'>(l,</span> <span class='ocrx_word' id='word_1_335' title='bbox 1209 4697 1288 4781; x_wconf 61' lang='lat'>82⁸).</span> 
     </span>
    </p>
   </div>
   <div class='ocr_carea' id='block_1_10' title="bbox 371 4926 1241 4989">
    <p class='ocr_par' dir='ltr' id='par_1_16' title="bbox 371 4926 1241 4989">
     <span class='ocr_line' id='line_1_38' title="bbox 371 4926 1241 4989; baseline 0.002 -13"><span class='ocrx_word' id='word_1_336' title='bbox 371 4929 393 4976; x_wconf 94' lang='lat' dir='ltr'>l.</span> <span class='ocrx_word' id='word_1_337' title='bbox 410 4926 492 4976; x_wconf 81' lang='lat' dir='ltr'>Videl.</span> <span class='ocrx_word' id='word_1_338' title='bbox 505 4942 530 4975; x_wconf 94' lang='lat' dir='ltr'>n.</span> <span class='ocrx_word' id='word_1_339' title='bbox 547 4929 618 4977; x_wconf 77' lang='lat'>5375.</span> <span class='ocrx_word' id='word_1_340' title='bbox 631 4957 662 4962; x_wconf 77' lang='lat'>—</span> <span class='ocrx_word' id='word_1_341' title='bbox 673 4932 695 4978; x_wconf 80' lang='lat'>2.</span> <span class='ocrx_word' id='word_1_342' title='bbox 710 4928 769 4977; x_wconf 83' lang='lat' dir='ltr'>Velr</span> <span class='ocrx_word' id='word_1_343' title='bbox 781 4938 808 4978; x_wconf 86' lang='lat' dir='ltr'>n⁰</span> <span class='ocrx_word' id='word_1_344' title='bbox 821 4931 858 4978; x_wconf 78' lang='lat'>87.</span> <span class='ocrx_word' id='word_1_345' title='bbox 872 4959 902 4963; x_wconf 90' lang='lat'><em>-</em></span> <span class='ocrx_word' id='word_1_346' title='bbox 914 4931 936 4978; x_wconf 81' lang='lat'>3.</span> <span class='ocrx_word' id='word_1_347' title='bbox 952 4928 1050 4988; x_wconf 84' lang='lat' dir='ltr'>Kirseb,</span> <span class='ocrx_word' id='word_1_348' title='bbox 1064 4927 1139 4989; x_wconf 67' lang='lat' dir='ltr'>Koll,</span> <span class='ocrx_word' id='word_1_349' title='bbox 1153 4929 1172 4989; x_wconf 92' lang='lat' dir='ltr'>l,</span> <span class='ocrx_word' id='word_1_350' title='bbox 1186 4931 1241 4978; x_wconf 74' lang='lat'>280.</span> 
     </span>
    </p>
   </div>
   <div class='ocr_carea' id='block_1_11' title="bbox 0 0 1830 5669">
    <p class='ocr_par' dir='ltr' id='par_1_17' title="bbox 0 0 1830 5669">
     <span class='ocr_line' id='line_1_39' title="bbox 0 0 1830 5669; baseline 0 0"><span class='ocrx_word' id='word_1_351' title='bbox 0 0 1830 5669; x_wconf 95' lang='lat' dir='ltr'> </span> 
     </span>
    </p>
   </div>
  </div>
 </body>
</html>
