3650 5675
277 443 332 507 176
697 443 784 518 1344,
808 443 848 507 29
869 443 1068 522 septembred
1089 446 1217 511 octobre.

328 598 441 682 735.
1235 632 1330 696 1344,
1347 633 1389 696 29
1404 616 1593 700 septembre.

321 713 380 779 lsti
397 721 518 799 petunt
532 714 668 799 plenam
686 712 811 797 indulg.
825 712 860 777 in
877 712 995 777 mortis
1010 720 1072 777 art.
1093 734 1100 779 :

320 816 466 895 Jacobus
478 816 586 882 dictus
602 816 643 881 de
655 816 888 897 Abbatisvilla,
900 817 978 881 cler.
994 815 1225 882 Tornacensis.

321 920 448 1005 Symon
473 919 515 985 de
530 920 763 1001 Abbatisvilla,
782 918 975 1003 Margarita,
999 920 1071 1003 ejus
1085 938 1178 999 uxor,
1194 918 1363 1003 conjugae,
1375 926 1532 1004 parentes
1556 920 1635 986 dicti

277 1022 405 1101 Jacobi.

320 1125 340 1204 J
343 1127 494 1193 ohannes
510 1126 709 1213 Clopaaerd,
725 1130 834 1213 presb.
850 1127 1038 1192 Tomacen.
1054 1126 1141 1194 dioc.

319 1229 467 1308 Jacobus
492 1232 535 1297 de
562 1231 733 1314 Penestre,
750 1252 825 1297 can.
849 1233 931 1297 eccl.
955 1232 987 1297 S.
1009 1230 1192 1296 Audomari
1216 1230 1250 1294 in
1278 1230 1310 1296 S.
1333 1231 1537 1311 Andomaro,
1563 1229 1639 1297 Mo-

278 1335 384 1401 rinen.
401 1336 488 1401 dice.

323 1438 398 1504 Fiat
414 1459 475 1525 pro
491 1440 572 1505 istis.
597 1440 636 1505 R.

322 1541 400 1607 Dat.
417 1564 469 1627 ap.
486 1542 734 1610 Villamnovam
752 1563 769 1628 3
786 1542 852 1609 kal.
869 1552 936 1610 oct.
953 1551 986 1608 a⁰
1003 1550 1045 1627 3⁰.
1063 1544 1110 1627 (7,
1129 1543 1173 1627 7).

332 1678 444 1761 736·
1312 1714 1406 1778 1344,
1423 1717 1441 1777 4
1459 1695 1596 1758 octobre.

325 1797 426 1883 Supp.
442 1796 614 1875 Johannes
628 1797 670 1862 de
694 1796 859 1878 TornacO,
876 1799 964 1878 cler„
980 1798 1163 1863 advocatus
1179 1798 1212 1861 in
1228 1798 1439 1883 parlamento
1455 1796 1639 1878 Parisiensi,

282 1907 372 1983 quat.
383 1901 443 1965 sibi
460 1901 635 1985 providere
657 1899 839 1985 dignemini
856 1900 898 1966 de
912 1903 989 1965 ben.
1006 1902 1088 1967 eccl.
1105 1922 1134 1966 c.
1151 1921 1178 1966 c.
1195 1902 1250 1965 vel
1266 1922 1291 1966 s,
1308 1922 1347 1981 c.,
1364 1901 1493 1967 etiamsi
1509 1901 1586 1986 dign
1590 1952 1640 1981 .....

282 2004 316 2067 in
329 2004 421 2083 eccl,
439 2004 502 2069 civ.
519 2005 573 2068 vel
588 2003 675 2069 dioc.
692 2004 850 2070 Parisien.
866 2028 874 2085 ;
895 2026 965 2071 non
978 2008 1064 2071 obst.
1080 2005 1171 2090 quod
1186 2006 1220 2069 in
1235 2006 1317 2071 eccl.
1335 2004 1551 2070 Cameracen.
1568 2026 1641 2071 can.

282 2108 412 2173 obtinet
428 2117 463 2172 et
478 2110 628 2193 preb.,ac
643 2107 744 2191 dign,
754 2128 840 2193 pers.
855 2111 910 2173 vel
927 2109 983 2175 off.
1000 2130 1028 2174 c.
1041 2130 1070 2174 c.
1087 2109 1141 2173 vel
1157 2130 1182 2173 s.
1199 2130 1227 2175 c.
1244 2118 1331 2175 auct.
1348 2118 1460 2175 vestra
1475 2117 1641 2195 expectat.

280 2252 324 2260 -
340 2210 418 2277 Fiat
433 2212 477 2277 ad
492 2213 568 2277 coll.
584 2212 685 2297 episc.
702 2220 737 2277 et
752 2231 826 2297 cap.
843 2211 1003 2278 Parisien.
1029 2234 1132 2295 usque
1148 2212 1192 2277 ad
1215 2234 1383 2278 summam
1410 2234 1469 2279 roo
1485 2213 1542 2278 lib.
1558 2235 1586 2278 c.
1602 2234 1641 2293 c.,

283 2319 323 2379 60
339 2336 364 2381 s.
382 2336 421 2396 c.,
438 2314 568 2380 etiamsi
585 2315 619 2379 in
636 2316 718 2379 eccl.
735 2314 886 2381 cathedr.
898 2313 938 2380 R.

325 2419 520 2485 Dat..Avin.
538 2441 556 2502 4
573 2440 653 2484 non.
670 2425 737 2484 oct.
754 2425 788 2483 a⁰
805 2425 846 2502 3⁰.
864 2420 912 2500 (7,
927 2420 974 2503 2).

332 2556 444 2637 737.
1313 2564 1408 2654 134'4,
1424 2590 1445 2651 5
1461 2573 1598 2635 octobre.

324 2674 425 2759 Supp.
442 2673 629 2739 Willelmus
643 2674 685 2739 de
702 2674 812 2739 Duras
829 2682 847 2754 ¹,
872 2674 950 2737 cler.
976 2671 1137 2738 Leodien.
1152 2672 1250 2755 dioc,
1266 2682 1359 2757 quat.
1374 2674 1435 2739 sibi
1451 2674 1493 2739 de
1516 2694 1590 2739 can.
1607 2684 1642 2738 et

280 2780 371 2863 preb.
388 2778 469 2843 eccl.
494 2776 533 2844 Β.
551 2776 599 2844 M.
624 2778 836 2864 Tongrensis,
853 2776 1014 2843 Leodien.
1039 2777 1125 2843 dioc.
1150 2777 1310 2863 predicte,
1327 2798 1400 2844 vac.
1424 2798 1483 2864 per
1498 2787 1641 2843 mortem

281 2881 450 2965 quondam
465 2881 556 2947 dom.
568 2881 732 2959 Johannis
755 2882 929 2948 Schettere
953 2882 996 2947 de
1020 2882 1145 2947 Sancto
1161 2881 1318 2948 Trudone
1336 2893 1356 2962 ²,
1372 2883 1427 2965 qui
1455 2883 1488 2947 in
1506 2881 1640 2946 Monte-

281 2987 462 3070 pessulano
489 2985 579 3050 diem
605 2986 674 3050 vite
701 3007 759 3050 sue
787 2986 905 3051 clausit
932 2993 1128 3065 extremum,
1153 2987 1210 3051 vel
1235 2987 1315 3051 alias
1339 2985 1640 3069 quomodocunque

280 3096 412 3168 vacent,
437 3087 618 3172 dignemini
646 3088 821 3173 providere
846 3098 881 3152 et
907 3089 969 3154 sibi
985 3089 1137 3154 conferre
1162 3090 1320 3169 eosdem;
1345 3109 1413 3154 non
1438 3092 1523 3154 obst.
1549 3088 1641 3172 quod

279 3190 368 3256 idem
385 3190 572 3256 Willelmus
596 3192 764 3276 quandam
792 3193 911 3277 capell.
937 3213 995 3256 seu
1020 3192 1190 3276 quoddam
1215 3195 1320 3258 altare
1347 3193 1380 3256 in
1403 3193 1485 3257 eccl.
1514 3189 1552 3255 B.
1580 3189 1640 3273 Μ.,

281 3293 371 3379 opidi
388 3294 419 3358 S.
435 3293 601 3359 Trudonis
616 3295 768 3381 predicti,
794 3295 943 3360 noscitur
959 3296 1120 3362 obtinere.
1136 3337 1179 3346 -
1196 3296 1271 3361 Fiat
1287 3297 1312 3362 si
1336 3317 1404 3362 non
1420 3296 1464 3361 sit
1479 3295 1575 3361 alteri
1588 3294 1642 3379 jus

281 3397 459 3482 quesitum.
480 3397 519 3463 R.

324 3499 404 3565 Dat.
420 3502 519 3566 Avin.
537 3523 555 3586 3
571 3522 652 3568 non.
669 3510 736 3568 oct.
754 3509 787 3566 a⁰
805 3509 846 3586 3⁰.
863 3504 910 3585 (7,
926 3504 982 3585 8‘).

333 3638 447 3725 738.
1312 3671 1407 3734 1344,
1423 3669 1444 3731 5
1460 3650 1598 3714 octobre.

323 3757 379 3822 8ωε
397 3755 507 3822 Pater.
525 3754 656 3820 Placuit
668 3775 774 3841 nuper
784 3755 816 3820 S.
826 3753 866 3820 V.
879 3755 1054 3841 providere
1068 3754 1239 3821 Bernardo
1250 3754 1385 3834 Trandi,
1397 3756 1516 3838 presb„
1527 3751 1642 3836 nepoti

284 3859 469 3946 [Arnaldi],
495 3859 625 3924 abbatis
648 3868 793 3924 monast.
818 3858 850 3924 S.
867 3857 1009 3944 Crispini
1036 3860 1172 3944 maj0ris
1188 3859 1396 3925 Suessionen.
1411 3866 1432 3937 ³,
1448 3856 1491 3923 de
1514 3876 1587 3921 can.
1606 3864 1642 3920 et

280 3966 371 4050 preb.
399 3983 440 4028 ac
466 3962 635 4028 decanatu
665 3963 748 4028 eccl.
775 3960 981 4044 Villemauri,
1007 3961 1147 4029 Trecen.
1174 3963 1272 4044 dioc,
1299 3971 1382 4027 tunc
1408 3958 1498 4046 apud
1528 3959 1642 4024 sedem

282 4076 390 4154 apost.
420 4087 504 4149 vac„
529 4074 567 4131 ut
593 4066 814 4146 credebatur;
840 4065 899 4132 sed
925 4066 968 4132 de
992 4067 1057 4132 illis
1082 4067 1201 4132 eadem
1228 4067 1259 4132 S.
1282 4065 1322 4130 V.
1345 4074 1425 4130 ante
1451 4063 1642 4149 providerat

282 4171 414 4238 cuidam
439 4171 575 4237 nomine
603 4168 750 4235 Geraldo
770 4175 784 4204 ⁸
817 4168 982 4252 Guitardi,
1007 4191 1049 4235 ex
1075 4190 1143 4254 quo
1166 4169 1315 4236 redditur
1339 4167 1491 4234 totaliter
1514 4166 1641 4231 inutilis

281 4275 387 4361 gratia
425 4274 514 4340 facta
544 4273 587 4339 de
617 4273 777 4359 predictis
812 4273 904 4339 dicto
944 4273 1143 4354 Bemardo;
1181 4281 1384 4360 quapropter
1420 4291 1515 4357 supp.
1551 4270 1641 4335 idem

314 4464 342 4524 a)
358 4462 414 4512 Cort.
427 4461 560 4510 (teraldus.

316 4654 337 4699 l.
351 4650 450 4710 unsel,
469 4650 546 4712 Kott.
565 4653 620 4700 274.
642 4651 664 4699 ll
684 4657 723 4700 est
741 4651 792 4701 cite
803 4667 901 4701 comme
913 4654 1039 4702 chauoine
1050 4654 1074 4702 le
1086 4657 1116 4702 30
1127 4654 1191 4702 aaut
1203 4655 1265 4702 1367
1278 4653 1366 4715 (Thya,
1379 4650 1447 4710 303).
1460 4677 1491 4683 -
1503 4651 1525 4696 2.
1539 4649 1572 4696 Oe
1583 4649 1641 4696 chu-

283 4727 358 4772 noine
369 4731 408 4774 est
419 4724 469 4772 citb
481 4724 504 4773 le
516 4729 530 4772 ὁ
542 4725 647 4773 oct-obre
659 4727 720 4773 1341
734 4726 822 4788 (Thya
836 4725 904 4788 297).
916 4755 949 4760 -
960 4729 983 4775 3.
1002 4727 1109 4774 Arnaud
1129 4727 1172 4774 tut
1183 4725 1286 4774 nomme
1303 4739 1350 4788 par
1366 4724 1484 4772 clement
1502 4722 1537 4768 vl
1555 4719 1641 4782 (oau.

283 4799 377 4858 ebriet„
390 4798 437 4858 IX,
451 4797 519 4859 401).
537 4798 577 4846 011
589 4798 612 4847 le
623 4803 759 4848 rencontre
770 4799 834 4846 dans
846 4801 882 4848 lus
894 4800 970 4848 livros
989 4799 1177 4861 d'Oble'potiour
1188 4804 1203 4848 a
1215 4801 1298 4862 partir
1309 4799 1344 4846 du
1357 4800 1385 4845 21
1398 4797 1462 4845 nott
1475 4797 1536 4842 1312
1548 4792 1641 4856 (Arcti.

293 4873 344 4920 l'ut.
360 4872 448 4936 Obliq„
461 4877 481 4921 t.
493 4874 515 4932 6,
528 4872 546 4922 t.
560 4873 638 4935 184);
655 4874 688 4922 of.
702 4872 764 4936 Περ.
777 4874 853 4922 Aria.
865 4875 902 4932 62,
916 4874 935 4921 f.
947 4875 994 4922 112
1009 4890 1015 4933 ;
1029 4873 1105 4933 7111.
1119 4877 1183 4935 195¹,
1197 4876 1251 4922 405.
