<?xml version="1.0" encoding="UTF-8"?>
<!DOCTYPE html PUBLIC "-//W3C//DTD XHTML 1.0 Transitional//EN"
    "http://www.w3.org/TR/xhtml1/DTD/xhtml1-transitional.dtd">
<html xmlns="http://www.w3.org/1999/xhtml" xml:lang="en" lang="en">
 <head>
  <title>
</title>
<meta http-equiv="Content-Type" content="text/html;charset=utf-8" />
  <meta name='ocr-system' content='tesseract 3.04.00' />
  <meta name='ocr-capabilities' content='ocr_page ocr_carea ocr_par ocr_line ocrx_word'/>
</head>
<body>
  <div class='ocr_page' id='page_1' title='image "./suppliquesdeclm00berlgoog_0400.png"; bbox 0 0 3650 5675; ppageno 0'>
   <div class='ocr_carea' id='block_1_1' title="bbox 707 526 1532 599">
    <p class='ocr_par' dir='ltr' id='par_1_1' title="bbox 707 526 1532 599">
     <span class='ocr_line' id='line_1_1' title="bbox 707 526 1532 599; baseline 0.004 -9"><span class='ocrx_word' id='word_1_1' title='bbox 707 526 792 599; x_wconf 81' lang='lat'>1348,</span> <span class='ocrx_word' id='word_1_2' title='bbox 816 527 908 590; x_wconf 83' lang='lat'><strong>27-28</strong></span> <span class='ocrx_word' id='word_1_3' title='bbox 931 527 999 592; x_wconf 86' lang='lat' dir='ltr'>mai.</span> <span class='ocrx_word' id='word_1_4' title='bbox 1470 530 1532 594; x_wconf 74' lang='lat'>355</span> 
     </span>
    </p>
   </div>
   <div class='ocr_carea' id='block_1_2' title="bbox 174 676 1542 2648">
    <p class='ocr_par' dir='ltr' id='par_1_2' title="bbox 227 676 1488 778">
     <span class='ocr_line' id='line_1_2' title="bbox 227 676 1488 778; baseline 0.002 -23"><span class='ocrx_word' id='word_1_5' title='bbox 227 676 366 761; x_wconf 80' lang='lat'><strong>1335·</strong></span> <span class='ocrx_word' id='word_1_6' title='bbox 635 684 641 698; x_wconf 63' lang='lat'>⁸</span> <span class='ocrx_word' id='word_1_7' title='bbox 1242 696 1336 778; x_wconf 72' lang='lat'>1548,</span> <span class='ocrx_word' id='word_1_8' title='bbox 1354 713 1394 777; x_wconf 80' lang='lat'>27</span> <span class='ocrx_word' id='word_1_9' title='bbox 1412 715 1488 758; x_wconf 79' lang='lat' dir='ltr'>mar.</span> 
     </span>
    </p>

    <p class='ocr_par' dir='ltr' id='par_1_3' title="bbox 174 791 1542 2648">
     <span class='ocr_line' id='line_1_3' title="bbox 219 791 1532 882; baseline 0.003 -24"><span class='ocrx_word' id='word_1_10' title='bbox 219 794 320 879; x_wconf 87' lang='lat' dir='ltr'>Supp.</span> <span class='ocrx_word' id='word_1_11' title='bbox 346 791 508 858; x_wconf 89' lang='lat' dir='ltr'>Geraldus</span> <span class='ocrx_word' id='word_1_12' title='bbox 536 793 685 859; x_wconf 86' lang='lat' dir='ltr'>Fomerii</span> <span class='ocrx_word' id='word_1_13' title='bbox 703 805 722 874; x_wconf 90' lang='lat'>¹,</span> <span class='ocrx_word' id='word_1_14' title='bbox 738 794 819 860; x_wconf 93' lang='lat' dir='ltr'>olim</span> <span class='ocrx_word' id='word_1_15' title='bbox 844 796 1028 862; x_wconf 90' lang='lat' dir='ltr'>canonicus</span> <span class='ocrx_word' id='word_1_16' title='bbox 1055 799 1147 882; x_wconf 86' lang='lat' dir='ltr'><strong>preb.</strong></span> <span class='ocrx_word' id='word_1_17' title='bbox 1175 799 1256 863; x_wconf 88' lang='lat' dir='ltr'>eccl.</span> <span class='ocrx_word' id='word_1_18' title='bbox 1281 797 1480 878; x_wconf 79' lang='lat' dir='ltr'>Tomacen,</span> <span class='ocrx_word' id='word_1_19' title='bbox 1497 805 1532 862; x_wconf 90' lang='lat' dir='ltr'>et</span> 
     </span>
     <span class='ocr_line' id='line_1_4' title="bbox 175 896 1532 986; baseline 0.002 -23"><span class='ocrx_word' id='word_1_20' title='bbox 175 897 285 964; x_wconf 90' lang='lat' dir='ltr'>Guido</span> <span class='ocrx_word' id='word_1_21' title='bbox 298 896 439 963; x_wconf 83' lang='lat' dir='ltr'>Amaldi</span> <span class='ocrx_word' id='word_1_22' title='bbox 454 896 544 962; x_wconf 90' lang='lat' dir='ltr'>dela</span> <span class='ocrx_word' id='word_1_23' title='bbox 559 897 674 979; x_wconf 90' lang='lat' dir='ltr'>Tasta,</span> <span class='ocrx_word' id='word_1_24' title='bbox 691 899 772 964; x_wconf 94' lang='lat' dir='ltr'>olim</span> <span class='ocrx_word' id='word_1_25' title='bbox 788 898 877 984; x_wconf 90' lang='lat' dir='ltr'>prior</span> <span class='ocrx_word' id='word_1_26' title='bbox 890 899 1057 984; x_wconf 84' lang='lat' dir='ltr'>prioratus</span> <span class='ocrx_word' id='word_1_27' title='bbox 1080 901 1236 966; x_wconf 88' lang='lat' dir='ltr'>secularis</span> <span class='ocrx_word' id='word_1_28' title='bbox 1251 901 1292 968; x_wconf 92' lang='lat' dir='ltr'>de</span> <span class='ocrx_word' id='word_1_29' title='bbox 1306 901 1532 986; x_wconf 87' lang='lat' dir='ltr'>Dalmayraco</span> 
     </span>
     <span class='ocr_line' id='line_1_5' title="bbox 175 998 1530 1090; baseline 0.001 -23"><span class='ocrx_word' id='word_1_30' title='bbox 175 1022 201 1067; x_wconf 89' lang='lat' dir='ltr'>s.</span> <span class='ocrx_word' id='word_1_31' title='bbox 217 1022 255 1082; x_wconf 93' lang='lat' dir='ltr'>c.,</span> <span class='ocrx_word' id='word_1_32' title='bbox 272 998 494 1066; x_wconf 90' lang='lat' dir='ltr'>Condomien.</span> <span class='ocrx_word' id='word_1_33' title='bbox 510 999 608 1080; x_wconf 79' lang='lat' dir='ltr'>dioc,</span> <span class='ocrx_word' id='word_1_34' title='bbox 625 1000 808 1085; x_wconf 92' lang='lat' dir='ltr'>quodcum</span> <span class='ocrx_word' id='word_1_35' title='bbox 828 1000 890 1088; x_wconf 90' lang='lat' dir='ltr'>ipsi</span> <span class='ocrx_word' id='word_1_36' title='bbox 916 1001 1006 1068; x_wconf 88' lang='lat' dir='ltr'>dicta</span> <span class='ocrx_word' id='word_1_37' title='bbox 1033 1023 1091 1068; x_wconf 88' lang='lat' dir='ltr'>sua</span> <span class='ocrx_word' id='word_1_38' title='bbox 1105 1003 1270 1069; x_wconf 89' lang='lat' dir='ltr'>beneficia</span> <span class='ocrx_word' id='word_1_39' title='bbox 1288 1024 1329 1068; x_wconf 85' lang='lat' dir='ltr'>ex</span> <span class='ocrx_word' id='word_1_40' title='bbox 1345 1024 1444 1069; x_wconf 86' lang='lat' dir='ltr'>eausa</span> <span class='ocrx_word' id='word_1_41' title='bbox 1458 1024 1530 1090; x_wconf 91' lang='lat' dir='ltr'>per·</span> 
     </span>
     <span class='ocr_line' id='line_1_6' title="bbox 174 1103 1531 1193; baseline 0.003 -23"><span class='ocrx_word' id='word_1_42' title='bbox 174 1104 370 1170; x_wconf 83' lang='lat' dir='ltr'><strong>mutationis</strong></span> <span class='ocrx_word' id='word_1_43' title='bbox 384 1103 427 1169; x_wconf 92' lang='lat' dir='ltr'>de</span> <span class='ocrx_word' id='word_1_44' title='bbox 442 1103 522 1189; x_wconf 91' lang='lat' dir='ltr'>ipsis</span> <span class='ocrx_word' id='word_1_45' title='bbox 544 1104 690 1171; x_wconf 91' lang='lat' dir='ltr'>invicem</span> <span class='ocrx_word' id='word_1_46' title='bbox 706 1104 867 1185; x_wconf 84' lang='lat' dir='ltr'>faciende,</span> <span class='ocrx_word' id='word_1_47' title='bbox 885 1105 919 1170; x_wconf 92' lang='lat' dir='ltr'>in</span> <span class='ocrx_word' id='word_1_48' title='bbox 936 1106 1089 1173; x_wconf 89' lang='lat' dir='ltr'>manibus</span> <span class='ocrx_word' id='word_1_49' title='bbox 1104 1107 1193 1174; x_wconf 92' lang='lat' dir='ltr'>dom.</span> <span class='ocrx_word' id='word_1_50' title='bbox 1210 1107 1417 1193; x_wconf 88' lang='lat' dir='ltr'>S(tephani),</span> <span class='ocrx_word' id='word_1_51' title='bbox 1430 1107 1531 1192; x_wconf 85' lang='lat' dir='ltr'>episc.</span> 
     </span>
     <span class='ocr_line' id='line_1_7' title="bbox 175 1207 1531 1295; baseline 0.001 -22"><span class='ocrx_word' id='word_1_52' title='bbox 175 1209 206 1275; x_wconf 87' lang='lat' dir='ltr'>S.</span> <span class='ocrx_word' id='word_1_53' title='bbox 223 1209 334 1276; x_wconf 89' lang='lat' dir='ltr'>Pontii</span> <span class='ocrx_word' id='word_1_54' title='bbox 358 1207 625 1289; x_wconf 88' lang='lat' dir='ltr'>Thomeriarum,</span> <span class='ocrx_word' id='word_1_55' title='bbox 651 1209 822 1275; x_wconf 86' lang='lat' dir='ltr'>camerarii</span> <span class='ocrx_word' id='word_1_56' title='bbox 848 1211 961 1291; x_wconf 91' lang='lat' dir='ltr'>vestri,</span> <span class='ocrx_word' id='word_1_57' title='bbox 986 1210 1141 1276; x_wconf 83' lang='lat' dir='ltr'>duxerint</span> <span class='ocrx_word' id='word_1_58' title='bbox 1169 1209 1376 1295; x_wconf 89' lang='lat' dir='ltr'>resignanda,</span> <span class='ocrx_word' id='word_1_59' title='bbox 1393 1219 1428 1276; x_wconf 90' lang='lat' dir='ltr'>et</span> <span class='ocrx_word' id='word_1_60' title='bbox 1443 1211 1531 1276; x_wconf 90' lang='lat' dir='ltr'>idem</span> 
     </span>
     <span class='ocr_line' id='line_1_8' title="bbox 176 1312 1532 1400; baseline -0.001 -21"><span class='ocrx_word' id='word_1_61' title='bbox 176 1314 265 1381; x_wconf 92' lang='lat' dir='ltr'>dom.</span> <span class='ocrx_word' id='word_1_62' title='bbox 280 1313 467 1400; x_wconf 86' lang='lat' dir='ltr'>episcopus,</span> <span class='ocrx_word' id='word_1_63' title='bbox 479 1313 522 1380; x_wconf 91' lang='lat' dir='ltr'>de</span> <span class='ocrx_word' id='word_1_64' title='bbox 537 1312 698 1380; x_wconf 86' lang='lat' dir='ltr'>mandato</span> <span class='ocrx_word' id='word_1_65' title='bbox 725 1313 860 1400; x_wconf 88' lang='lat' dir='ltr'>speciali</span> <span class='ocrx_word' id='word_1_66' title='bbox 886 1335 946 1400; x_wconf 90' lang='lat' dir='ltr'>per</span> <span class='ocrx_word' id='word_1_67' title='bbox 972 1315 1004 1381; x_wconf 84' lang='lat' dir='ltr'>S.</span> <span class='ocrx_word' id='word_1_68' title='bbox 1021 1314 1061 1380; x_wconf 93' lang='lat' dir='ltr'>V.</span> <span class='ocrx_word' id='word_1_69' title='bbox 1087 1315 1164 1380; x_wconf 92' lang='lat' dir='ltr'>vive</span> <span class='ocrx_word' id='word_1_70' title='bbox 1190 1315 1283 1381; x_wconf 89' lang='lat' dir='ltr'>vocis</span> <span class='ocrx_word' id='word_1_71' title='bbox 1310 1315 1445 1382; x_wconf 92' lang='lat' dir='ltr'>oraculo</span> <span class='ocrx_word' id='word_1_72' title='bbox 1470 1314 1532 1381; x_wconf 89' lang='lat' dir='ltr'>sibi</span> 
     </span>
     <span class='ocr_line' id='line_1_9' title="bbox 178 1418 1532 1506; baseline 0.001 -22"><span class='ocrx_word' id='word_1_73' title='bbox 178 1418 277 1501; x_wconf 75' lang='lat' dir='ltr'>facto,</span> <span class='ocrx_word' id='word_1_74' title='bbox 293 1418 534 1505; x_wconf 89' lang='lat' dir='ltr'>resignationes</span> <span class='ocrx_word' id='word_1_75' title='bbox 548 1418 736 1504; x_wconf 90' lang='lat' dir='ltr'>hujusmodi</span> <span class='ocrx_word' id='word_1_76' title='bbox 758 1418 849 1505; x_wconf 90' lang='lat' dir='ltr'>apud</span> <span class='ocrx_word' id='word_1_77' title='bbox 868 1419 984 1486; x_wconf 89' lang='lat' dir='ltr'>sedem</span> <span class='ocrx_word' id='word_1_78' title='bbox 1009 1419 1274 1506; x_wconf 77' lang='lat' dir='ltr'>apostduxerit</span> <span class='ocrx_word' id='word_1_79' title='bbox 1297 1419 1532 1485; x_wconf 80' lang='lat' dir='ltr'>admittendas</span> 
     </span>
     <span class='ocr_line' id='line_1_10' title="bbox 179 1522 1534 1610; baseline 0 -23"><span class='ocrx_word' id='word_1_80' title='bbox 179 1523 289 1607; x_wconf 77' lang='lat' dir='ltr'>Quare</span> <span class='ocrx_word' id='word_1_81' title='bbox 303 1523 396 1589; x_wconf 91' lang='lat' dir='ltr'>dicto</span> <span class='ocrx_word' id='word_1_82' title='bbox 412 1522 556 1589; x_wconf 90' lang='lat' dir='ltr'>Geraldo</span> <span class='ocrx_word' id='word_1_83' title='bbox 571 1522 613 1589; x_wconf 89' lang='lat' dir='ltr'>de</span> <span class='ocrx_word' id='word_1_84' title='bbox 629 1523 786 1610; x_wconf 85' lang='lat' dir='ltr'>prioratu,</span> <span class='ocrx_word' id='word_1_85' title='bbox 799 1531 834 1589; x_wconf 88' lang='lat' dir='ltr'>et</span> <span class='ocrx_word' id='word_1_86' title='bbox 858 1524 967 1590; x_wconf 88' lang='lat' dir='ltr'>eidem</span> <span class='ocrx_word' id='word_1_87' title='bbox 992 1524 1137 1590; x_wconf 91' lang='lat' dir='ltr'>Guidoni</span> <span class='ocrx_word' id='word_1_88' title='bbox 1153 1525 1195 1590; x_wconf 88' lang='lat' dir='ltr'>de</span> <span class='ocrx_word' id='word_1_89' title='bbox 1212 1545 1286 1591; x_wconf 90' lang='lat' dir='ltr'>can.</span> <span class='ocrx_word' id='word_1_90' title='bbox 1303 1532 1337 1589; x_wconf 91' lang='lat' dir='ltr'>et</span> <span class='ocrx_word' id='word_1_91' title='bbox 1352 1527 1444 1609; x_wconf 87' lang='lat' dir='ltr'>preb.</span> <span class='ocrx_word' id='word_1_92' title='bbox 1461 1543 1534 1610; x_wconf 90' lang='lat' dir='ltr'>pre-</span> 
     </span>
     <span class='ocr_line' id='line_1_11' title="bbox 180 1624 1534 1715; baseline 0 -24"><span class='ocrx_word' id='word_1_93' title='bbox 180 1624 286 1706; x_wconf 88' lang='lat' dir='ltr'>dictis,</span> <span class='ocrx_word' id='word_1_94' title='bbox 301 1627 349 1693; x_wconf 90' lang='lat' dir='ltr'>sic</span> <span class='ocrx_word' id='word_1_95' title='bbox 364 1628 419 1692; x_wconf 93' lang='lat' dir='ltr'>vel</span> <span class='ocrx_word' id='word_1_96' title='bbox 435 1627 501 1693; x_wconf 91' lang='lat' dir='ltr'>alio</span> <span class='ocrx_word' id='word_1_97' title='bbox 516 1627 635 1711; x_wconf 91' lang='lat' dir='ltr'>quovis</span> <span class='ocrx_word' id='word_1_98' title='bbox 650 1627 753 1692; x_wconf 93' lang='lat' dir='ltr'>modo</span> <span class='ocrx_word' id='word_1_99' title='bbox 768 1648 851 1708; x_wconf 79' lang='lat' dir='ltr'>vac,</span> <span class='ocrx_word' id='word_1_100' title='bbox 868 1629 969 1694; x_wconf 89' lang='lat' dir='ltr'>etiam</span> <span class='ocrx_word' id='word_1_101' title='bbox 997 1630 1022 1694; x_wconf 92' lang='lat' dir='ltr'>si</span> <span class='ocrx_word' id='word_1_102' title='bbox 1051 1629 1121 1715; x_wconf 89' lang='lat' dir='ltr'>ipsa</span> <span class='ocrx_word' id='word_1_103' title='bbox 1144 1629 1319 1709; x_wconf 91' lang='lat' dir='ltr'>beneficia,</span> <span class='ocrx_word' id='word_1_104' title='bbox 1336 1649 1394 1694; x_wconf 89' lang='lat' dir='ltr'>seu</span> <span class='ocrx_word' id='word_1_105' title='bbox 1419 1648 1534 1693; x_wconf 90' lang='lat' dir='ltr'>eorum</span> 
     </span>
     <span class='ocr_line' id='line_1_12' title="bbox 181 1731 1534 1820; baseline 0.001 -25"><span class='ocrx_word' id='word_1_106' title='bbox 181 1733 321 1797; x_wconf 90' lang='lat' dir='ltr'>alterum</span> <span class='ocrx_word' id='word_1_107' title='bbox 337 1741 447 1798; x_wconf 89' lang='lat' dir='ltr'>essent</span> <span class='ocrx_word' id='word_1_108' title='bbox 463 1732 601 1799; x_wconf 84' lang='lat' dir='ltr'>forsitan</span> <span class='ocrx_word' id='word_1_109' title='bbox 616 1752 675 1819; x_wconf 90' lang='lat' dir='ltr'>per</span> <span class='ocrx_word' id='word_1_110' title='bbox 689 1732 803 1798; x_wconf 90' lang='lat' dir='ltr'>sedem</span> <span class='ocrx_word' id='word_1_111' title='bbox 825 1740 930 1818; x_wconf 85' lang='lat' dir='ltr'>apost.</span> <span class='ocrx_word' id='word_1_112' title='bbox 946 1741 1124 1814; x_wconf 89' lang='lat' dir='ltr'>reservata,</span> <span class='ocrx_word' id='word_1_113' title='bbox 1140 1733 1321 1818; x_wconf 86' lang='lat' dir='ltr'>dignemini</span> <span class='ocrx_word' id='word_1_114' title='bbox 1337 1731 1512 1820; x_wconf 89' lang='lat' dir='ltr'>providere</span> <span class='ocrx_word' id='word_1_115' title='bbox 1526 1754 1534 1812; x_wconf 90' lang='lat'>;</span> 
     </span>
     <span class='ocr_line' id='line_1_13' title="bbox 179 1835 1536 1923; baseline 0.001 -24"><span class='ocrx_word' id='word_1_116' title='bbox 179 1855 248 1900; x_wconf 91' lang='lat' dir='ltr'>non</span> <span class='ocrx_word' id='word_1_117' title='bbox 264 1838 349 1902; x_wconf 89' lang='lat' dir='ltr'>obst.</span> <span class='ocrx_word' id='word_1_118' title='bbox 365 1836 455 1920; x_wconf 92' lang='lat' dir='ltr'>quod</span> <span class='ocrx_word' id='word_1_119' title='bbox 470 1835 559 1902; x_wconf 92' lang='lat' dir='ltr'>idem</span> <span class='ocrx_word' id='word_1_120' title='bbox 575 1835 738 1902; x_wconf 89' lang='lat' dir='ltr'>Geraldus</span> <span class='ocrx_word' id='word_1_121' title='bbox 764 1836 983 1902; x_wconf 87' lang='lat' dir='ltr'>canonicatus</span> <span class='ocrx_word' id='word_1_122' title='bbox 1006 1845 1040 1902; x_wconf 92' lang='lat' dir='ltr'>et</span> <span class='ocrx_word' id='word_1_123' title='bbox 1055 1839 1146 1923; x_wconf 89' lang='lat' dir='ltr'>preb.</span> <span class='ocrx_word' id='word_1_124' title='bbox 1164 1837 1298 1922; x_wconf 90' lang='lat' dir='ltr'>maj0ris</span> <span class='ocrx_word' id='word_1_125' title='bbox 1312 1843 1348 1902; x_wconf 90' lang='lat' dir='ltr'>et</span> <span class='ocrx_word' id='word_1_126' title='bbox 1363 1836 1394 1901; x_wconf 87' lang='lat' dir='ltr'>S.</span> <span class='ocrx_word' id='word_1_127' title='bbox 1412 1835 1536 1922; x_wconf 88' lang='lat' dir='ltr'>Capra-</span> 
     </span>
     <span class='ocr_line' id='line_1_14' title="bbox 181 1938 1536 2026; baseline 0 -22"><span class='ocrx_word' id='word_1_128' title='bbox 181 1939 218 2004; x_wconf 92' lang='lat' dir='ltr'>sii</span> <span class='ocrx_word' id='word_1_129' title='bbox 234 1941 419 2026; x_wconf 78' lang='lat' dir='ltr'>Agennen,</span> <span class='ocrx_word' id='word_1_130' title='bbox 435 1940 660 2019; x_wconf 87' lang='lat' dir='ltr'>ecclesiarum,</span> <span class='ocrx_word' id='word_1_131' title='bbox 677 1949 712 2005; x_wconf 91' lang='lat' dir='ltr'>et</span> <span class='ocrx_word' id='word_1_132' title='bbox 727 1941 880 2026; x_wconf 89' lang='lat' dir='ltr'>parroch.</span> <span class='ocrx_word' id='word_1_133' title='bbox 897 1940 979 2006; x_wconf 90' lang='lat' dir='ltr'>eccl.</span> <span class='ocrx_word' id='word_1_134' title='bbox 993 1939 1261 2026; x_wconf 90' lang='lat' dir='ltr'>Vallisprofnnde</span> <span class='ocrx_word' id='word_1_135' title='bbox 1286 1961 1363 2005; x_wconf 92' lang='lat' dir='ltr'>cum</span> <span class='ocrx_word' id='word_1_136' title='bbox 1386 1938 1536 2020; x_wconf 83' lang='lat' dir='ltr'>annexis,</span> 
     </span>
     <span class='ocr_line' id='line_1_15' title="bbox 182 2043 1537 2130; baseline 0.001 -23"><span class='ocrx_word' id='word_1_137' title='bbox 182 2051 216 2107; x_wconf 94' lang='lat' dir='ltr'>et</span> <span class='ocrx_word' id='word_1_138' title='bbox 239 2045 399 2130; x_wconf 88' lang='lat' dir='ltr'>capellan.</span> <span class='ocrx_word' id='word_1_139' title='bbox 430 2065 487 2109; x_wconf 89' lang='lat' dir='ltr'>seu</span> <span class='ocrx_word' id='word_1_140' title='bbox 520 2044 677 2110; x_wconf 84' lang='lat' dir='ltr'>vicariam</span> <span class='ocrx_word' id='word_1_141' title='bbox 708 2044 740 2110; x_wconf 89' lang='lat' dir='ltr'>S.</span> <span class='ocrx_word' id='word_1_142' title='bbox 757 2044 910 2130; x_wconf 85' lang='lat' dir='ltr'>Remigii,</span> <span class='ocrx_word' id='word_1_143' title='bbox 931 2045 1106 2130; x_wconf 81' lang='lat' dir='ltr'>Agennen.</span> <span class='ocrx_word' id='word_1_144' title='bbox 1123 2052 1157 2111; x_wconf 92' lang='lat' dir='ltr'>et</span> <span class='ocrx_word' id='word_1_145' title='bbox 1184 2043 1215 2110; x_wconf 85' lang='lat' dir='ltr'>S.</span> <span class='ocrx_word' id='word_1_146' title='bbox 1240 2043 1330 2111; x_wconf 93' lang='lat' dir='ltr'>Flori</span> <span class='ocrx_word' id='word_1_147' title='bbox 1357 2044 1537 2124; x_wconf 89' lang='lat' dir='ltr'>diocesum,</span> 
     </span>
     <span class='ocr_line' id='line_1_16' title="bbox 183 2147 1534 2236; baseline -0.001 -22"><span class='ocrx_word' id='word_1_148' title='bbox 183 2169 223 2214; x_wconf 92' lang='lat' dir='ltr'>ac</span> <span class='ocrx_word' id='word_1_149' title='bbox 237 2169 310 2214; x_wconf 88' lang='lat' dir='ltr'>can.</span> <span class='ocrx_word' id='word_1_150' title='bbox 326 2152 386 2214; x_wconf 90' lang='lat' dir='ltr'>sub</span> <span class='ocrx_word' id='word_1_151' title='bbox 399 2170 474 2236; x_wconf 87' lang='lat' dir='ltr'>exp.</span> <span class='ocrx_word' id='word_1_152' title='bbox 490 2152 582 2235; x_wconf 83' lang='lat' dir='ltr'>preb.</span> <span class='ocrx_word' id='word_1_153' title='bbox 599 2147 815 2215; x_wconf 88' lang='lat' dir='ltr'>Lemovicen.</span> <span class='ocrx_word' id='word_1_154' title='bbox 830 2148 979 2215; x_wconf 91' lang='lat' dir='ltr'>noscitur</span> <span class='ocrx_word' id='word_1_155' title='bbox 994 2149 1156 2229; x_wconf 90' lang='lat' dir='ltr'>obtinere,</span> <span class='ocrx_word' id='word_1_156' title='bbox 1173 2156 1207 2213; x_wconf 90' lang='lat' dir='ltr'>et</span> <span class='ocrx_word' id='word_1_157' title='bbox 1223 2149 1296 2213; x_wconf 87' lang='lat' dir='ltr'>aliis</span> <span class='ocrx_word' id='word_1_158' title='bbox 1310 2169 1378 2214; x_wconf 93' lang='lat' dir='ltr'>non</span> <span class='ocrx_word' id='word_1_159' title='bbox 1395 2150 1480 2213; x_wconf 88' lang='lat' dir='ltr'>obst.</span> <span class='ocrx_word' id='word_1_160' title='bbox 1502 2184 1534 2195; x_wconf 99' lang='lat'>-</span> 
     </span>
     <span class='ocr_line' id='line_1_17' title="bbox 185 2251 1540 2338; baseline 0.001 -22"><span class='ocrx_word' id='word_1_161' title='bbox 185 2251 262 2318; x_wconf 86' lang='lat' dir='ltr'>Fiat</span> <span class='ocrx_word' id='word_1_162' title='bbox 276 2272 337 2338; x_wconf 90' lang='lat' dir='ltr'>pro</span> <span class='ocrx_word' id='word_1_163' title='bbox 352 2260 503 2338; x_wconf 92' lang='lat' dir='ltr'>utroque,</span> <span class='ocrx_word' id='word_1_164' title='bbox 520 2253 578 2319; x_wconf 89' lang='lat' dir='ltr'>sed</span> <span class='ocrx_word' id='word_1_165' title='bbox 603 2253 745 2320; x_wconf 85' lang='lat' dir='ltr'>cedente</span> <span class='ocrx_word' id='word_1_166' title='bbox 768 2255 823 2319; x_wconf 90' lang='lat' dir='ltr'>vel</span> <span class='ocrx_word' id='word_1_167' title='bbox 838 2253 1034 2334; x_wconf 81' lang='lat' dir='ltr'>decedente,</span> <span class='ocrx_word' id='word_1_168' title='bbox 1058 2260 1123 2320; x_wconf 92' lang='lat' dir='ltr'>etc.</span> <span class='ocrx_word' id='word_1_169' title='bbox 1144 2252 1236 2319; x_wconf 91' lang='lat' dir='ltr'>dicto</span> <span class='ocrx_word' id='word_1_170' title='bbox 1261 2252 1416 2334; x_wconf 89' lang='lat' dir='ltr'>Gerald0,</span> <span class='ocrx_word' id='word_1_171' title='bbox 1433 2273 1540 2318; x_wconf 89' lang='lat' dir='ltr'>rema-</span> 
     </span>
     <span class='ocr_line' id='line_1_18' title="bbox 185 2355 1542 2442; baseline -0.001 -21"><span class='ocrx_word' id='word_1_172' title='bbox 185 2364 263 2422; x_wconf 88' lang='lat' dir='ltr'>neat</span> <span class='ocrx_word' id='word_1_173' title='bbox 278 2355 367 2421; x_wconf 90' lang='lat' dir='ltr'>idem</span> <span class='ocrx_word' id='word_1_174' title='bbox 379 2357 433 2442; x_wconf 89' lang='lat' dir='ltr'>jus</span> <span class='ocrx_word' id='word_1_175' title='bbox 447 2358 654 2423; x_wconf 86' lang='lat' dir='ltr'>monasterio</span> <span class='ocrx_word' id='word_1_176' title='bbox 669 2358 906 2438; x_wconf 83' lang='lat' dir='ltr'>Aureliacensi,</span> <span class='ocrx_word' id='word_1_177' title='bbox 923 2357 965 2424; x_wconf 94' lang='lat' dir='ltr'>O.</span> <span class='ocrx_word' id='word_1_178' title='bbox 982 2358 1013 2423; x_wconf 83' lang='lat' dir='ltr'>S.</span> <span class='ocrx_word' id='word_1_179' title='bbox 1027 2355 1076 2439; x_wconf 81' lang='lat' dir='ltr'>B,</span> <span class='ocrx_word' id='word_1_180' title='bbox 1093 2357 1124 2423; x_wconf 89' lang='lat' dir='ltr'>S.</span> <span class='ocrx_word' id='word_1_181' title='bbox 1138 2356 1227 2423; x_wconf 88' lang='lat' dir='ltr'>Flori</span> <span class='ocrx_word' id='word_1_182' title='bbox 1244 2356 1341 2438; x_wconf 83' lang='lat' dir='ltr'>dioc,</span> <span class='ocrx_word' id='word_1_183' title='bbox 1358 2357 1443 2423; x_wconf 91' lang='lat' dir='ltr'>sicut</span> <span class='ocrx_word' id='word_1_184' title='bbox 1453 2376 1542 2421; x_wconf 92' lang='lat' dir='ltr'>nunc</span> 
     </span>
     <span class='ocr_line' id='line_1_19' title="bbox 186 2459 1541 2548; baseline -0.001 -23"><span class='ocrx_word' id='word_1_185' title='bbox 186 2460 297 2542; x_wconf 89' lang='lat' dir='ltr'>habet,</span> <span class='ocrx_word' id='word_1_186' title='bbox 314 2460 362 2527; x_wconf 90' lang='lat' dir='ltr'>ita</span> <span class='ocrx_word' id='word_1_187' title='bbox 377 2461 468 2546; x_wconf 92' lang='lat' dir='ltr'>quod</span> <span class='ocrx_word' id='word_1_188' title='bbox 493 2482 553 2548; x_wconf 92' lang='lat' dir='ltr'>per</span> <span class='ocrx_word' id='word_1_189' title='bbox 574 2462 760 2548; x_wconf 85' lang='lat' dir='ltr'>predictam</span> <span class='ocrx_word' id='word_1_190' title='bbox 785 2462 1068 2547; x_wconf 87' lang='lat' dir='ltr'>permutationem</span> <span class='ocrx_word' id='word_1_191' title='bbox 1095 2461 1223 2526; x_wconf 92' lang='lat' dir='ltr'>nullum</span> <span class='ocrx_word' id='word_1_192' title='bbox 1250 2461 1298 2526; x_wconf 89' lang='lat' dir='ltr'>eis</span> <span class='ocrx_word' id='word_1_193' title='bbox 1324 2459 1541 2546; x_wconf 88' lang='lat' dir='ltr'>prejudicium</span> 
     </span>
     <span class='ocr_line' id='line_1_20' title="bbox 186 2562 427 2648; baseline 0.008 -20"><span class='ocrx_word' id='word_1_194' title='bbox 186 2572 369 2648; x_wconf 85' lang='lat' dir='ltr'>generetur.</span> <span class='ocrx_word' id='word_1_195' title='bbox 386 2562 427 2630; x_wconf 92' lang='lat' dir='ltr'>R.</span> 
     </span>
    </p>
   </div>
   <div class='ocr_carea' id='block_1_3' title="bbox 230 2667 1046 2754">
    <p class='ocr_par' dir='ltr' id='par_1_4' title="bbox 230 2667 1046 2754">
     <span class='ocr_line' id='line_1_21' title="bbox 230 2667 1046 2754; baseline 0.002 -23"><span class='ocrx_word' id='word_1_196' title='bbox 230 2668 308 2732; x_wconf 91' lang='lat' dir='ltr'>Dat.</span> <span class='ocrx_word' id='word_1_197' title='bbox 326 2669 424 2733; x_wconf 80' lang='lat' dir='ltr'>Avin.</span> <span class='ocrx_word' id='word_1_198' title='bbox 443 2674 461 2732; x_wconf 80' lang='lat'><strong>6</strong></span> <span class='ocrx_word' id='word_1_199' title='bbox 484 2668 550 2734; x_wconf 88' lang='lat' dir='ltr'>kal.</span> <span class='ocrx_word' id='word_1_200' title='bbox 562 2670 645 2754; x_wconf 87' lang='lat' dir='ltr'>junii</span> <span class='ocrx_word' id='word_1_201' title='bbox 662 2677 696 2734; x_wconf 91' lang='lat' dir='ltr'>a⁰</span> <span class='ocrx_word' id='word_1_202' title='bbox 713 2677 754 2754; x_wconf 87' lang='lat'>7⁰.</span> <span class='ocrx_word' id='word_1_203' title='bbox 772 2671 847 2751; x_wconf 78' lang='lat'>(30,</span> <span class='ocrx_word' id='word_1_204' title='bbox 864 2670 901 2735; x_wconf 93' lang='grc' dir='ltr'>Ρ.</span> <span class='ocrx_word' id='word_1_205' title='bbox 916 2667 961 2751; x_wconf 95' lang='lat' dir='ltr'>lI,</span> <span class='ocrx_word' id='word_1_206' title='bbox 980 2670 1046 2753; x_wconf 84' lang='lat'>21).</span> 
     </span>
    </p>
   </div>
   <div class='ocr_carea' id='block_1_4' title="bbox 184 2808 1545 4680">
    <p class='ocr_par' dir='ltr' id='par_1_5' title="bbox 241 2808 1495 2905">
     <span class='ocr_line' id='line_1_22' title="bbox 241 2808 1495 2905; baseline -0.001 -17"><span class='ocrx_word' id='word_1_207' title='bbox 241 2808 380 2895; x_wconf 82' lang='grc'>1336.</span> <span class='ocrx_word' id='word_1_208' title='bbox 1249 2821 1343 2905; x_wconf 72' lang='lat'><em>1348,</em></span> <span class='ocrx_word' id='word_1_209' title='bbox 1361 2819 1404 2885; x_wconf 79' lang='lat'>28</span> <span class='ocrx_word' id='word_1_210' title='bbox 1419 2820 1495 2887; x_wconf 82' lang='lat' dir='ltr'>mai.</span> 
     </span>
    </p>

    <p class='ocr_par' dir='ltr' id='par_1_6' title="bbox 184 2922 1545 4680">
     <span class='ocr_line' id='line_1_23' title="bbox 229 2922 1543 3013; baseline -0.002 -21"><span class='ocrx_word' id='word_1_211' title='bbox 229 2927 329 3013; x_wconf 87' lang='lat' dir='ltr'>Supp.</span> <span class='ocrx_word' id='word_1_212' title='bbox 354 2926 520 2993; x_wconf 89' lang='lat' dir='ltr'>Robertus</span> <span class='ocrx_word' id='word_1_213' title='bbox 545 2926 588 2992; x_wconf 92' lang='lat' dir='ltr'>de</span> <span class='ocrx_word' id='word_1_214' title='bbox 614 2924 729 2992; x_wconf 89' lang='lat' dir='ltr'>Tuisio</span> <span class='ocrx_word' id='word_1_215' title='bbox 744 2936 764 3007; x_wconf 87' lang='lat'>²,</span> <span class='ocrx_word' id='word_1_216' title='bbox 789 2925 910 2992; x_wconf 88' lang='lat' dir='ltr'>nobilis</span> <span class='ocrx_word' id='word_1_217' title='bbox 935 2932 970 2990; x_wconf 88' lang='lat' dir='ltr'>et</span> <span class='ocrx_word' id='word_1_218' title='bbox 992 2924 1141 3012; x_wconf 90' lang='lat' dir='ltr'>potentis</span> <span class='ocrx_word' id='word_1_219' title='bbox 1165 2924 1225 2989; x_wconf 91' lang='lat' dir='ltr'>viri</span> <span class='ocrx_word' id='word_1_220' title='bbox 1255 2922 1345 2991; x_wconf 87' lang='lat' dir='ltr'>dom.</span> <span class='ocrx_word' id='word_1_221' title='bbox 1361 2922 1543 3004; x_wconf 90' lang='lat' dir='ltr'>Guillelmi,</span> 
     </span>
     <span class='ocr_line' id='line_1_24' title="bbox 186 3028 1544 3115; baseline 0.001 -20"><span class='ocrx_word' id='word_1_222' title='bbox 186 3032 393 3097; x_wconf 84' lang='lat' dir='ltr'>vicecomitis</span> <span class='ocrx_word' id='word_1_223' title='bbox 405 3030 586 3096; x_wconf 84' lang='lat' dir='ltr'>Bellifortis</span> <span class='ocrx_word' id='word_1_224' title='bbox 601 3038 635 3095; x_wconf 93' lang='lat' dir='ltr'>et</span> <span class='ocrx_word' id='word_1_225' title='bbox 653 3028 750 3095; x_wconf 89' lang='lat' dir='ltr'>Mote</span> <span class='ocrx_word' id='word_1_226' title='bbox 766 3030 799 3094; x_wconf 95' lang='lat' dir='ltr'>in</span> <span class='ocrx_word' id='word_1_227' title='bbox 815 3029 965 3115; x_wconf 87' lang='lat' dir='ltr'>partibus</span> <span class='ocrx_word' id='word_1_228' title='bbox 980 3029 1183 3095; x_wconf 87' lang='lat' dir='ltr'>Alamannie</span> <span class='ocrx_word' id='word_1_229' title='bbox 1209 3038 1402 3114; x_wconf 91' lang='lat' dir='ltr'>procurator</span> <span class='ocrx_word' id='word_1_230' title='bbox 1417 3038 1436 3112; x_wconf 80' lang='lat'>³,</span> <span class='ocrx_word' id='word_1_231' title='bbox 1453 3036 1544 3114; x_wconf 89' lang='lat' dir='ltr'>quat.</span> 
     </span>
     <span class='ocr_line' id='line_1_25' title="bbox 187 3128 1543 3222; baseline -0.001 -21"><span class='ocrx_word' id='word_1_232' title='bbox 187 3135 366 3222; x_wconf 91' lang='lat' dir='ltr'>specialem</span> <span class='ocrx_word' id='word_1_233' title='bbox 381 3134 523 3220; x_wconf 88' lang='lat' dir='ltr'>gratiam</span> <span class='ocrx_word' id='word_1_234' title='bbox 539 3128 700 3200; x_wconf 86' lang='lat' dir='ltr'>facientes</span> <span class='ocrx_word' id='word_1_235' title='bbox 715 3133 826 3199; x_wconf 91' lang='lat' dir='ltr'>eidem</span> <span class='ocrx_word' id='word_1_236' title='bbox 840 3134 883 3200; x_wconf 93' lang='lat' dir='ltr'>de</span> <span class='ocrx_word' id='word_1_237' title='bbox 910 3134 1119 3220; x_wconf 87' lang='lat' dir='ltr'>prepositura</span> <span class='ocrx_word' id='word_1_238' title='bbox 1136 3134 1275 3200; x_wconf 89' lang='lat' dir='ltr'>ecclesie</span> <span class='ocrx_word' id='word_1_239' title='bbox 1293 3132 1543 3216; x_wconf 87' lang='lat' dir='ltr'>Melbodiensis,</span> 
     </span>
     <span class='ocr_line' id='line_1_26' title="bbox 187 3236 1544 3324; baseline 0.002 -22"><span class='ocrx_word' id='word_1_240' title='bbox 187 3237 404 3304; x_wconf 88' lang='lat' dir='ltr'>Cameracen.</span> <span class='ocrx_word' id='word_1_241' title='bbox 420 3237 517 3318; x_wconf 82' lang='lat' dir='ltr'>dioc,</span> <span class='ocrx_word' id='word_1_242' title='bbox 534 3259 608 3304; x_wconf 91' lang='lat' dir='ltr'>vac.</span> <span class='ocrx_word' id='word_1_243' title='bbox 624 3236 667 3303; x_wconf 90' lang='lat' dir='ltr'>ad</span> <span class='ocrx_word' id='word_1_244' title='bbox 691 3258 827 3323; x_wconf 90' lang='lat' dir='ltr'>presens</span> <span class='ocrx_word' id='word_1_245' title='bbox 852 3258 912 3324; x_wconf 91' lang='lat' dir='ltr'>per</span> <span class='ocrx_word' id='word_1_246' title='bbox 937 3240 990 3304; x_wconf 93' lang='lat' dir='ltr'>ob.</span> <span class='ocrx_word' id='word_1_247' title='bbox 1007 3236 1178 3321; x_wconf 91' lang='lat' dir='ltr'>quondam</span> <span class='ocrx_word' id='word_1_248' title='bbox 1202 3238 1351 3324; x_wconf 86' lang='lat' dir='ltr'>magistri</span> <span class='ocrx_word' id='word_1_249' title='bbox 1367 3238 1387 3317; x_wconf 90' lang='lat' dir='ltr'>J</span> <span class='ocrx_word' id='word_1_250' title='bbox 1389 3240 1485 3305; x_wconf 92' lang='lat' dir='ltr'>acobi</span> <span class='ocrx_word' id='word_1_251' title='bbox 1501 3239 1544 3305; x_wconf 87' lang='lat' dir='ltr'>de</span> 
     </span>
     <span class='ocr_line' id='line_1_27' title="bbox 188 3340 1545 3428; baseline 0.001 -21"><span class='ocrx_word' id='word_1_252' title='bbox 188 3340 361 3408; x_wconf 89' lang='lat' dir='ltr'>Melbodio</span> <span class='ocrx_word' id='word_1_253' title='bbox 376 3354 397 3424; x_wconf 85' lang='lat'>⁴,</span> <span class='ocrx_word' id='word_1_254' title='bbox 413 3341 503 3408; x_wconf 87' lang='lat' dir='ltr'>dicte</span> <span class='ocrx_word' id='word_1_255' title='bbox 520 3342 736 3408; x_wconf 89' lang='lat' dir='ltr'>Cameracen.</span> <span class='ocrx_word' id='word_1_256' title='bbox 752 3342 849 3424; x_wconf 81' lang='lat' dir='ltr'>dioc,</span> <span class='ocrx_word' id='word_1_257' title='bbox 866 3342 923 3428; x_wconf 92' lang='lat' dir='ltr'>qui</span> <span class='ocrx_word' id='word_1_258' title='bbox 938 3349 1033 3408; x_wconf 85' lang='lat' dir='ltr'>extra</span> <span class='ocrx_word' id='word_1_259' title='bbox 1049 3340 1146 3408; x_wconf 91' lang='lat' dir='ltr'>Rom.</span> <span class='ocrx_word' id='word_1_260' title='bbox 1172 3342 1296 3407; x_wconf 90' lang='lat' dir='ltr'>curiam</span> <span class='ocrx_word' id='word_1_261' title='bbox 1319 3341 1409 3409; x_wconf 87' lang='lat' dir='ltr'>diem</span> <span class='ocrx_word' id='word_1_262' title='bbox 1425 3342 1545 3411; x_wconf 87' lang='lat' dir='ltr'>clausit</span> 
     </span>
     <span class='ocr_line' id='line_1_28' title="bbox 186 3446 1543 3533; baseline 0.003 -24"><span class='ocrx_word' id='word_1_263' title='bbox 186 3453 382 3527; x_wconf 85' lang='lat' dir='ltr'>extremum,</span> <span class='ocrx_word' id='word_1_264' title='bbox 399 3455 434 3511; x_wconf 88' lang='lat' dir='ltr'>et</span> <span class='ocrx_word' id='word_1_265' title='bbox 450 3446 494 3512; x_wconf 87' lang='lat' dir='ltr'>ad</span> <span class='ocrx_word' id='word_1_266' title='bbox 508 3446 764 3532; x_wconf 91' lang='lat' dir='ltr'>dispositionem</span> <span class='ocrx_word' id='word_1_267' title='bbox 786 3454 933 3513; x_wconf 90' lang='lat' dir='ltr'>vestram</span> <span class='ocrx_word' id='word_1_268' title='bbox 951 3454 1137 3533; x_wconf 89' lang='lat' dir='ltr'>spectante,</span> <span class='ocrx_word' id='word_1_269' title='bbox 1154 3467 1215 3531; x_wconf 88' lang='lat' dir='ltr'>pro</span> <span class='ocrx_word' id='word_1_270' title='bbox 1231 3466 1272 3512; x_wconf 91' lang='lat' dir='ltr'>eo</span> <span class='ocrx_word' id='word_1_271' title='bbox 1289 3453 1323 3512; x_wconf 94' lang='lat' dir='ltr'>et</span> <span class='ocrx_word' id='word_1_272' title='bbox 1339 3468 1380 3512; x_wconf 87' lang='lat' dir='ltr'>ex</span> <span class='ocrx_word' id='word_1_273' title='bbox 1396 3468 1437 3514; x_wconf 92' lang='lat' dir='ltr'>eo</span> <span class='ocrx_word' id='word_1_274' title='bbox 1453 3447 1543 3532; x_wconf 87' lang='lat' dir='ltr'>quod</span> 
     </span>
     <span class='ocr_line' id='line_1_29' title="bbox 186 3549 1540 3640; baseline 0.003 -27"><span class='ocrx_word' id='word_1_275' title='bbox 186 3549 216 3616; x_wconf 87' lang='lat' dir='ltr'>S.</span> <span class='ocrx_word' id='word_1_276' title='bbox 232 3550 272 3615; x_wconf 93' lang='lat' dir='ltr'>V.</span> <span class='ocrx_word' id='word_1_277' title='bbox 288 3551 414 3618; x_wconf 91' lang='lat' dir='ltr'>dictam</span> <span class='ocrx_word' id='word_1_278' title='bbox 431 3552 675 3638; x_wconf 89' lang='lat' dir='ltr'>preposituram</span> <span class='ocrx_word' id='word_1_279' title='bbox 699 3573 775 3617; x_wconf 90' lang='lat' dir='ltr'>cum</span> <span class='ocrx_word' id='word_1_280' title='bbox 802 3552 912 3619; x_wconf 90' lang='lat' dir='ltr'>adhuc</span> <span class='ocrx_word' id='word_1_281' title='bbox 927 3550 1056 3618; x_wconf 90' lang='lat' dir='ltr'>viveret</span> <span class='ocrx_word' id='word_1_282' title='bbox 1081 3552 1152 3638; x_wconf 88' lang='lat' dir='ltr'>ipse</span> <span class='ocrx_word' id='word_1_283' title='bbox 1169 3551 1317 3629; x_wconf 88' lang='lat' dir='ltr'>Jacobus</span> <span class='ocrx_word' id='word_1_284' title='bbox 1332 3553 1540 3640; x_wconf 91' lang='lat' dir='ltr'>dispositioni</span> 
     </span>
     <span class='ocr_line' id='line_1_30' title="bbox 185 3655 1541 3743; baseline 0.003 -24"><span class='ocrx_word' id='word_1_285' title='bbox 185 3676 242 3720; x_wconf 86' lang='lat' dir='ltr'>sue</span> <span class='ocrx_word' id='word_1_286' title='bbox 268 3656 462 3736; x_wconf 86' lang='lat' dir='ltr'>reservavit,</span> <span class='ocrx_word' id='word_1_287' title='bbox 485 3655 589 3721; x_wconf 88' lang='lat' dir='ltr'>etiam</span> <span class='ocrx_word' id='word_1_288' title='bbox 616 3656 642 3721; x_wconf 93' lang='lat' dir='ltr'>si</span> <span class='ocrx_word' id='word_1_289' title='bbox 669 3656 868 3741; x_wconf 89' lang='lat' dir='ltr'>generaliter</span> <span class='ocrx_word' id='word_1_290' title='bbox 891 3655 1100 3742; x_wconf 88' lang='lat' dir='ltr'>dispositioni</span> <span class='ocrx_word' id='word_1_291' title='bbox 1125 3656 1213 3721; x_wconf 90' lang='lat' dir='ltr'>sedis</span> <span class='ocrx_word' id='word_1_292' title='bbox 1238 3665 1346 3743; x_wconf 91' lang='lat' dir='ltr'>apost.</span> <span class='ocrx_word' id='word_1_293' title='bbox 1372 3664 1541 3723; x_wconf 85' lang='lat' dir='ltr'>reservata</span> 
     </span>
     <span class='ocr_line' id='line_1_31' title="bbox 184 3756 1540 3846; baseline 0.003 -24"><span class='ocrx_word' id='word_1_294' title='bbox 184 3756 291 3839; x_wconf 86' lang='lat' dir='ltr'>fuerit,</span> <span class='ocrx_word' id='word_1_295' title='bbox 308 3766 342 3825; x_wconf 90' lang='lat' dir='ltr'>et</span> <span class='ocrx_word' id='word_1_296' title='bbox 358 3759 486 3825; x_wconf 88' lang='lat' dir='ltr'>adeam</span> <span class='ocrx_word' id='word_1_297' title='bbox 501 3759 574 3845; x_wconf 88' lang='lat' dir='ltr'>quis</span> <span class='ocrx_word' id='word_1_298' title='bbox 589 3780 648 3846; x_wconf 89' lang='lat' dir='ltr'>per</span> <span class='ocrx_word' id='word_1_299' title='bbox 660 3760 862 3826; x_wconf 90' lang='lat' dir='ltr'>electionem</span> <span class='ocrx_word' id='word_1_300' title='bbox 878 3760 1054 3826; x_wconf 87' lang='lat' dir='ltr'>consuevit</span> <span class='ocrx_word' id='word_1_301' title='bbox 1068 3759 1199 3840; x_wconf 90' lang='lat' dir='ltr'>assumi,</span> <span class='ocrx_word' id='word_1_302' title='bbox 1216 3760 1278 3825; x_wconf 91' lang='lat' dir='ltr'>etsi</span> <span class='ocrx_word' id='word_1_303' title='bbox 1294 3780 1373 3827; x_wconf 84' lang='lat' dir='ltr'>cura</span> <span class='ocrx_word' id='word_1_304' title='bbox 1390 3761 1420 3826; x_wconf 89' lang='lat' dir='ltr'>ei</span> <span class='ocrx_word' id='word_1_305' title='bbox 1436 3762 1540 3827; x_wconf 88' lang='lat' dir='ltr'>etiam</span> 
     </span>
     <span class='ocr_line' id='line_1_32' title="bbox 185 3860 1540 3951; baseline 0.004 -25"><span class='ocrx_word' id='word_1_306' title='bbox 185 3860 358 3928; x_wconf 87' lang='lat' dir='ltr'>immineat</span> <span class='ocrx_word' id='word_1_307' title='bbox 374 3862 571 3944; x_wconf 91' lang='lat' dir='ltr'>animarum,</span> <span class='ocrx_word' id='word_1_308' title='bbox 587 3873 683 3930; x_wconf 92' lang='lat' dir='ltr'>motu</span> <span class='ocrx_word' id='word_1_309' title='bbox 697 3865 834 3951; x_wconf 90' lang='lat' dir='ltr'>proprio</span> <span class='ocrx_word' id='word_1_310' title='bbox 849 3864 1032 3950; x_wconf 89' lang='lat' dir='ltr'>dignemini</span> <span class='ocrx_word' id='word_1_311' title='bbox 1048 3863 1222 3949; x_wconf 88' lang='lat' dir='ltr'>providere</span> <span class='ocrx_word' id='word_1_312' title='bbox 1236 3886 1243 3944; x_wconf 94' lang='lat'>;</span> <span class='ocrx_word' id='word_1_313' title='bbox 1262 3885 1330 3930; x_wconf 93' lang='lat' dir='ltr'>non</span> <span class='ocrx_word' id='word_1_314' title='bbox 1347 3868 1432 3931; x_wconf 92' lang='lat' dir='ltr'>obst.</span> <span class='ocrx_word' id='word_1_315' title='bbox 1455 3865 1481 3931; x_wconf 92' lang='lat' dir='ltr'>si</span> <span class='ocrx_word' id='word_1_316' title='bbox 1498 3885 1540 3931; x_wconf 84' lang='lat' dir='ltr'>ex</span> 
     </span>
     <span class='ocr_line' id='line_1_33' title="bbox 185 3965 1540 4053; baseline 0.003 -22"><span class='ocrx_word' id='word_1_317' title='bbox 185 3965 426 4032; x_wconf 89' lang='lat' dir='ltr'>consuetudine</span> <span class='ocrx_word' id='word_1_318' title='bbox 441 3967 495 4032; x_wconf 90' lang='lat' dir='ltr'>vel</span> <span class='ocrx_word' id='word_1_319' title='bbox 518 3975 646 4035; x_wconf 87' lang='lat' dir='ltr'>statuto</span> <span class='ocrx_word' id='word_1_320' title='bbox 662 3967 695 4032; x_wconf 94' lang='lat' dir='ltr'>in</span> <span class='ocrx_word' id='word_1_321' title='bbox 711 3968 802 4035; x_wconf 90' lang='lat' dir='ltr'>dicta</span> <span class='ocrx_word' id='word_1_322' title='bbox 818 3970 900 4035; x_wconf 91' lang='lat' dir='ltr'>eccl.</span> <span class='ocrx_word' id='word_1_323' title='bbox 929 3968 1147 4034; x_wconf 90' lang='lat' dir='ltr'>Cameracen.</span> <span class='ocrx_word' id='word_1_324' title='bbox 1175 3967 1303 4033; x_wconf 88' lang='lat' dir='ltr'>dicatur</span> <span class='ocrx_word' id='word_1_325' title='bbox 1325 3968 1415 4053; x_wconf 90' lang='lat' dir='ltr'>quod</span> <span class='ocrx_word' id='word_1_326' title='bbox 1430 3969 1540 4037; x_wconf 86' lang='lat' dir='ltr'>nullus</span> 
     </span>
     <span class='ocr_line' id='line_1_34' title="bbox 185 4068 1540 4161; baseline 0.004 -27"><span class='ocrx_word' id='word_1_327' title='bbox 185 4068 310 4136; x_wconf 89' lang='lat' dir='ltr'>dictam</span> <span class='ocrx_word' id='word_1_328' title='bbox 326 4071 570 4157; x_wconf 89' lang='lat' dir='ltr'>preposituram</span> <span class='ocrx_word' id='word_1_329' title='bbox 586 4071 715 4155; x_wconf 91' lang='lat' dir='ltr'>assequi</span> <span class='ocrx_word' id='word_1_330' title='bbox 742 4073 848 4159; x_wconf 89' lang='lat' dir='ltr'>possit</span> <span class='ocrx_word' id='word_1_331' title='bbox 872 4073 935 4138; x_wconf 88' lang='lat' dir='ltr'>nisi</span> <span class='ocrx_word' id='word_1_332' title='bbox 960 4072 1084 4139; x_wconf 91' lang='lat' dir='ltr'>ibidem</span> <span class='ocrx_word' id='word_1_333' title='bbox 1100 4072 1144 4137; x_wconf 92' lang='lat' dir='ltr'>sit</span> <span class='ocrx_word' id='word_1_334' title='bbox 1167 4073 1348 4140; x_wconf 89' lang='lat' dir='ltr'>canonicus</span> <span class='ocrx_word' id='word_1_335' title='bbox 1363 4077 1465 4161; x_wconf 79' lang='lat' dir='ltr'>preb,</span> <span class='ocrx_word' id='word_1_336' title='bbox 1482 4093 1540 4139; x_wconf 87' lang='lat' dir='ltr'>seu</span> 
     </span>
     <span class='ocr_line' id='line_1_35' title="bbox 186 4174 1539 4263; baseline 0.004 -24"><span class='ocrx_word' id='word_1_337' title='bbox 186 4174 276 4258; x_wconf 90' lang='lat' dir='ltr'>quod</span> <span class='ocrx_word' id='word_1_338' title='bbox 287 4174 396 4241; x_wconf 90' lang='lat' dir='ltr'>dictus</span> <span class='ocrx_word' id='word_1_339' title='bbox 412 4175 578 4242; x_wconf 87' lang='lat' dir='ltr'>Robertus</span> <span class='ocrx_word' id='word_1_340' title='bbox 593 4197 691 4263; x_wconf 91' lang='lat' dir='ltr'>super</span> <span class='ocrx_word' id='word_1_341' title='bbox 715 4178 990 4244; x_wconf 88' lang='lat' dir='ltr'>archidiaconatu</span> <span class='ocrx_word' id='word_1_342' title='bbox 1014 4177 1057 4243; x_wconf 90' lang='lat' dir='ltr'>de</span> <span class='ocrx_word' id='word_1_343' title='bbox 1084 4176 1271 4244; x_wconf 85' lang='lat' dir='ltr'>Fammena</span> <span class='ocrx_word' id='word_1_344' title='bbox 1297 4178 1330 4243; x_wconf 90' lang='lat' dir='ltr'>in</span> <span class='ocrx_word' id='word_1_345' title='bbox 1356 4180 1438 4245; x_wconf 93' lang='lat' dir='ltr'>eccl.</span> <span class='ocrx_word' id='word_1_346' title='bbox 1454 4177 1539 4245; x_wconf 90' lang='lat' dir='ltr'>Leo·</span> 
     </span>
     <span class='ocr_line' id='line_1_36' title="bbox 186 4276 1541 4367; baseline 0.004 -24"><span class='ocrx_word' id='word_1_347' title='bbox 186 4276 274 4344; x_wconf 90' lang='lat' dir='ltr'>dien.</span> <span class='ocrx_word' id='word_1_348' title='bbox 290 4286 311 4360; x_wconf 82' lang='lat'>⁵,</span> <span class='ocrx_word' id='word_1_349' title='bbox 339 4280 391 4345; x_wconf 92' lang='lat' dir='ltr'>cui</span> <span class='ocrx_word' id='word_1_350' title='bbox 413 4280 697 4349; x_wconf 86' lang='lat' dir='ltr'>archidiaconatui</span> <span class='ocrx_word' id='word_1_351' title='bbox 725 4301 804 4347; x_wconf 89' lang='lat' dir='ltr'>cura</span> <span class='ocrx_word' id='word_1_352' title='bbox 827 4281 981 4346; x_wconf 91' lang='lat' dir='ltr'>imminet</span> <span class='ocrx_word' id='word_1_353' title='bbox 1001 4281 1196 4360; x_wconf 87' lang='lat' dir='ltr'>animarum,</span> <span class='ocrx_word' id='word_1_354' title='bbox 1222 4290 1256 4347; x_wconf 89' lang='lat' dir='ltr'>et</span> <span class='ocrx_word' id='word_1_355' title='bbox 1281 4282 1402 4367; x_wconf 90' lang='lat' dir='ltr'>inquo</span> <span class='ocrx_word' id='word_1_356' title='bbox 1432 4282 1541 4349; x_wconf 89' lang='lat' dir='ltr'>dictus</span> 
     </span>
     <span class='ocr_line' id='line_1_37' title="bbox 189 4379 1541 4472; baseline 0.004 -25"><span class='ocrx_word' id='word_1_357' title='bbox 189 4379 356 4447; x_wconf 90' lang='lat' dir='ltr'>Robertus</span> <span class='ocrx_word' id='word_1_358' title='bbox 367 4383 420 4469; x_wconf 90' lang='lat' dir='ltr'>jus</span> <span class='ocrx_word' id='word_1_359' title='bbox 436 4404 471 4449; x_wconf 92' lang='lat' dir='ltr'>se</span> <span class='ocrx_word' id='word_1_360' title='bbox 487 4382 592 4450; x_wconf 88' lang='lat' dir='ltr'>credit</span> <span class='ocrx_word' id='word_1_361' title='bbox 619 4384 751 4465; x_wconf 90' lang='lat' dir='ltr'>habere,</span> <span class='ocrx_word' id='word_1_362' title='bbox 767 4384 801 4449; x_wconf 92' lang='lat' dir='ltr'>in</span> <span class='ocrx_word' id='word_1_363' title='bbox 818 4385 909 4451; x_wconf 88' lang='lat' dir='ltr'>curia</span> <span class='ocrx_word' id='word_1_364' title='bbox 925 4384 1075 4471; x_wconf 89' lang='lat' dir='ltr'>predicta</span> <span class='ocrx_word' id='word_1_365' title='bbox 1092 4385 1239 4450; x_wconf 89' lang='lat' dir='ltr'>noscitur</span> <span class='ocrx_word' id='word_1_366' title='bbox 1254 4385 1394 4470; x_wconf 90' lang='lat' dir='ltr'>litigare,</span> <span class='ocrx_word' id='word_1_367' title='bbox 1405 4395 1440 4467; x_wconf 86' lang='lat' dir='ltr'>et</span> <span class='ocrx_word' id='word_1_368' title='bbox 1451 4385 1541 4472; x_wconf 89' lang='lat' dir='ltr'>quod</span> 
     </span>
     <span class='ocr_line' id='line_1_38' title="bbox 187 4486 1541 4573; baseline 0.004 -24"><span class='ocrx_word' id='word_1_369' title='bbox 187 4505 300 4550; x_wconf 87' lang='lat' dir='ltr'>secum</span> <span class='ocrx_word' id='word_1_370' title='bbox 317 4493 354 4551; x_wconf 90' lang='lat' dir='ltr'>ut</span> <span class='ocrx_word' id='word_1_371' title='bbox 369 4487 613 4573; x_wconf 85' lang='lat' dir='ltr'>preposituram</span> <span class='ocrx_word' id='word_1_372' title='bbox 629 4488 719 4554; x_wconf 90' lang='lat' dir='ltr'>dicte</span> <span class='ocrx_word' id='word_1_373' title='bbox 741 4486 983 4554; x_wconf 88' lang='lat' dir='ltr'>Melbodiensis</span> <span class='ocrx_word' id='word_1_374' title='bbox 1007 4487 1147 4555; x_wconf 90' lang='lat' dir='ltr'>ecclesie</span> <span class='ocrx_word' id='word_1_375' title='bbox 1163 4508 1228 4554; x_wconf 90' lang='lat' dir='ltr'>una</span> <span class='ocrx_word' id='word_1_376' title='bbox 1244 4510 1320 4555; x_wconf 90' lang='lat' dir='ltr'>cum</span> <span class='ocrx_word' id='word_1_377' title='bbox 1336 4489 1541 4557; x_wconf 89' lang='lat' dir='ltr'>archidiaco-</span> 
     </span>
     <span class='ocr_line' id='line_1_39' title="bbox 187 4588 1541 4680; baseline 0.006 -27"><span class='ocrx_word' id='word_1_378' title='bbox 187 4597 270 4654; x_wconf 91' lang='lat' dir='ltr'>natu</span> <span class='ocrx_word' id='word_1_379' title='bbox 285 4590 327 4655; x_wconf 89' lang='lat' dir='ltr'>de</span> <span class='ocrx_word' id='word_1_380' title='bbox 343 4588 531 4656; x_wconf 88' lang='lat' dir='ltr'>Fammena</span> <span class='ocrx_word' id='word_1_381' title='bbox 547 4592 709 4677; x_wconf 81' lang='lat' dir='ltr'>predicte,</span> <span class='ocrx_word' id='word_1_382' title='bbox 726 4612 807 4657; x_wconf 90' lang='lat' dir='ltr'>casu</span> <span class='ocrx_word' id='word_1_383' title='bbox 822 4613 889 4677; x_wconf 89' lang='lat' dir='ltr'>quo</span> <span class='ocrx_word' id='word_1_384' title='bbox 905 4593 975 4680; x_wconf 91' lang='lat' dir='ltr'>ipse</span> <span class='ocrx_word' id='word_1_385' title='bbox 1002 4590 1168 4658; x_wconf 88' lang='lat' dir='ltr'>Robertus</span> <span class='ocrx_word' id='word_1_386' title='bbox 1184 4592 1311 4659; x_wconf 89' lang='lat' dir='ltr'>dictum</span> <span class='ocrx_word' id='word_1_387' title='bbox 1338 4594 1541 4661; x_wconf 90' lang='lat' dir='ltr'>archidiaco-</span> 
     </span>
    </p>
   </div>
   <div class='ocr_carea' id='block_1_5' title="bbox 365 4716 435 4724">
    <p class='ocr_par' dir='ltr' id='par_1_7' title="bbox 365 4716 435 4724">
     <span class='ocr_line' id='line_1_40' title="bbox 365 4716 435 4724; baseline 0.014 -1"><span class='ocrx_word' id='word_1_388' title='bbox 365 4716 435 4724; x_wconf 62' lang='grc' dir='ltr'><em>..ο--</em></span> 
     </span>
    </p>
   </div>
   <div class='ocr_carea' id='block_1_6' title="bbox 189 4760 1546 4902">
    <p class='ocr_par' dir='ltr' id='par_1_8' title="bbox 189 4760 1546 4902">
     <span class='ocr_line' id='line_1_41' title="bbox 223 4760 1544 4828; baseline 0.005 -21"><span class='ocrx_word' id='word_1_389' title='bbox 223 4762 245 4807; x_wconf 94' lang='lat' dir='ltr'>l.</span> <span class='ocrx_word' id='word_1_390' title='bbox 263 4760 325 4809; x_wconf 75' lang='lat' dir='ltr'>Voir</span> <span class='ocrx_word' id='word_1_391' title='bbox 336 4776 361 4810; x_wconf 95' lang='lat' dir='ltr'>n.</span> <span class='ocrx_word' id='word_1_392' title='bbox 379 4764 434 4811; x_wconf 79' lang='lat'>513.</span> <span class='ocrx_word' id='word_1_393' title='bbox 446 4791 478 4801; x_wconf 97' lang='lat'><em>-</em></span> <span class='ocrx_word' id='word_1_394' title='bbox 495 4766 517 4811; x_wconf 81' lang='lat'>2.</span> <span class='ocrx_word' id='word_1_395' title='bbox 537 4763 597 4811; x_wconf 88' lang='lat' dir='ltr'>Voir</span> <span class='ocrx_word' id='word_1_396' title='bbox 613 4778 639 4812; x_wconf 91' lang='lat' dir='ltr'>n.</span> <span class='ocrx_word' id='word_1_397' title='bbox 657 4766 712 4813; x_wconf 84' lang='lat'>502.</span> <span class='ocrx_word' id='word_1_398' title='bbox 730 4792 761 4800; x_wconf 96' lang='lat'><strong>—</strong></span> <span class='ocrx_word' id='word_1_399' title='bbox 779 4766 801 4813; x_wconf 82' lang='lat'>3.</span> <span class='ocrx_word' id='word_1_400' title='bbox 819 4764 967 4813; x_wconf 84' lang='lat' dir='ltr'>Guillaume</span> <span class='ocrx_word' id='word_1_401' title='bbox 984 4764 1073 4826; x_wconf 80' lang='lat' dir='ltr'>Roget,</span> <span class='ocrx_word' id='word_1_402' title='bbox 1089 4762 1156 4811; x_wconf 74' lang='lat' dir='ltr'>lucre</span> <span class='ocrx_word' id='word_1_403' title='bbox 1172 4764 1208 4811; x_wconf 85' lang='lat' dir='ltr'>dn</span> <span class='ocrx_word' id='word_1_404' title='bbox 1226 4778 1309 4828; x_wconf 81' lang='lat' dir='ltr'>pnpe;</span> <span class='ocrx_word' id='word_1_405' title='bbox 1329 4766 1382 4812; x_wconf 83' lang='lat' dir='ltr'>voir·</span> <span class='ocrx_word' id='word_1_406' title='bbox 1398 4780 1423 4813; x_wconf 91' lang='lat' dir='ltr'>n.</span> <span class='ocrx_word' id='word_1_407' title='bbox 1441 4766 1496 4813; x_wconf 79' lang='lat'>513.</span> <span class='ocrx_word' id='word_1_408' title='bbox 1513 4792 1544 4801; x_wconf 89' lang='lat'><em>—</em></span> 
     </span>
     <span class='ocr_line' id='line_1_42' title="bbox 189 4833 1546 4902; baseline 0.004 -21"><span class='ocrx_word' id='word_1_409' title='bbox 189 4836 212 4881; x_wconf 76' lang='lat' dir='ltr'>l.</span> <span class='ocrx_word' id='word_1_410' title='bbox 231 4833 291 4882; x_wconf 77' lang='lat' dir='ltr'>Voir</span> <span class='ocrx_word' id='word_1_411' title='bbox 308 4849 333 4885; x_wconf 92' lang='lat' dir='ltr'>n.</span> <span class='ocrx_word' id='word_1_412' title='bbox 352 4838 423 4885; x_wconf 81' lang='lat'>1331.</span> <span class='ocrx_word' id='word_1_413' title='bbox 435 4864 467 4874; x_wconf 92' lang='lat'><em>-</em></span> <span class='ocrx_word' id='word_1_414' title='bbox 485 4842 507 4886; x_wconf 82' lang='lat'>5.</span> <span class='ocrx_word' id='word_1_415' title='bbox 525 4836 735 4887; x_wconf 77' lang='lat' dir='ltr'>L&#39;archidiacond</span> <span class='ocrx_word' id='word_1_416' title='bbox 752 4837 816 4886; x_wconf 73' lang='lat' dir='ltr'>erait</span> <span class='ocrx_word' id='word_1_417' title='bbox 837 4846 931 4888; x_wconf 84' lang='lat' dir='ltr'>vacant</span> <span class='ocrx_word' id='word_1_418' title='bbox 950 4852 997 4902; x_wconf 86' lang='lat' dir='ltr'>par</span> <span class='ocrx_word' id='word_1_419' title='bbox 1017 4835 1091 4887; x_wconf 60' lang='lat' dir='ltr'>decos</span> <span class='ocrx_word' id='word_1_420' title='bbox 1110 4838 1217 4886; x_wconf 83' lang='lat' dir='ltr'>‹l&#39;llenrl</span> <span class='ocrx_word' id='word_1_421' title='bbox 1237 4838 1377 4886; x_wconf 84' lang='lat' dir='ltr'>Sudcrman</span> <span class='ocrx_word' id='word_1_422' title='bbox 1389 4854 1394 4894; x_wconf 89' lang='grc'><strong>;</strong></span> <span class='ocrx_word' id='word_1_423' title='bbox 1408 4839 1503 4887; x_wconf 82' lang='lat' dir='ltr'>Robert</span> <span class='ocrx_word' id='word_1_424' title='bbox 1514 4838 1546 4887; x_wconf 85' lang='lat' dir='ltr'>de</span> 
     </span>
    </p>
   </div>
   <div class='ocr_carea' id='block_1_7' title="bbox 189 4906 1545 5038">
    <p class='ocr_par' dir='ltr' id='par_1_9' title="bbox 189 4906 1545 5038">
     <span class='ocr_line' id='line_1_43' title="bbox 191 4906 1545 5038; baseline 0.007 -85"><span class='ocrx_word' id='word_1_425' title='bbox 191 4906 274 5038; x_wconf 55' lang='lat' dir='ltr'>ponpa</span> <span class='ocrx_word' id='word_1_426' title='bbox 283 4908 371 4955; x_wconf 88' lang='lat' dir='ltr'>devint</span> <span class='ocrx_word' id='word_1_427' title='bbox 381 4908 539 4959; x_wconf 76' lang='lat' dir='ltr'>archidiacre</span> <span class='ocrx_word' id='word_1_428' title='bbox 550 4911 698 4959; x_wconf 70' lang='lat' dir='ltr'>dur-denne</span> <span class='ocrx_word' id='word_1_429' title='bbox 710 4917 736 4959; x_wconf 89' lang='lat' dir='ltr'>et</span> <span class='ocrx_word' id='word_1_430' title='bbox 745 4913 787 4960; x_wconf 88' lang='lat' dir='ltr'>lut</span> <span class='ocrx_word' id='word_1_431' title='bbox 799 4913 927 4976; x_wconf 74' lang='lat' dir='ltr'>remplacd</span> <span class='ocrx_word' id='word_1_432' title='bbox 935 4926 982 4977; x_wconf 84' lang='lat' dir='ltr'>par</span> <span class='ocrx_word' id='word_1_433' title='bbox 994 4913 1059 4962; x_wconf 79' lang='lat' dir='ltr'>Jeen</span> <span class='ocrx_word' id='word_1_434' title='bbox 1071 4912 1103 4961; x_wconf 78' lang='lat' dir='ltr'>(le</span> <span class='ocrx_word' id='word_1_435' title='bbox 1116 4912 1205 4960; x_wconf 70' lang='lat' dir='ltr'>stores</span> <span class='ocrx_word' id='word_1_436' title='bbox 1216 4911 1261 4959; x_wconf 73' lang='lat' dir='ltr'>des</span> <span class='ocrx_word' id='word_1_437' title='bbox 1274 4914 1335 4960; x_wconf 77' lang='lat'>1356</span> <span class='ocrx_word' id='word_1_438' title='bbox 1347 4912 1460 4974; x_wconf 85' lang='lat' dir='ltr'>(Kirsch,</span> <span class='ocrx_word' id='word_1_439' title='bbox 1475 4911 1545 4963; x_wconf 80' lang='lat' dir='ltr'>Koll..</span> 
     </span>
     <span class='ocr_line' id='line_1_44' title="bbox 189 4984 257 5028; baseline 0.074 -5"><span class='ocrx_word' id='word_1_440' title='bbox 189 4984 236 5025; x_wconf 77' lang='lat' dir='ltr'>:ltt</span> <span class='ocrx_word' id='word_1_441' title='bbox 252 5016 257 5028; x_wconf 87' lang='lat'>.</span> 
     </span>
    </p>
   </div>
   <div class='ocr_carea' id='block_1_8' title="bbox 0 0 1845 5675">
    <p class='ocr_par' dir='ltr' id='par_1_10' title="bbox 0 0 1845 5675">
     <span class='ocr_line' id='line_1_45' title="bbox 0 0 1845 5675; baseline 0 0"><span class='ocrx_word' id='word_1_442' title='bbox 0 0 1845 5675; x_wconf 95' lang='lat' dir='ltr'> </span> 
     </span>
    </p>
   </div>
  </div>
 </body>
</html>
