3650 5675
244 567 305 632 382
761 566 848 638 1348,
870 565 939 628 4-11
963 565 1089 630 octobre.

296 719 440 803 1435.
1276 733 1370 815 1348,
1387 755 1406 817 ,1
1424 696 1564 798 octobre.

288 836 389 922 Supp.
402 834 504 899 frater
520 831 678 913 Mathias,
695 833 797 918 episc.
814 831 1111 919 Trapesundinen.,
1122 833 1279 920 magister
1290 836 1323 899 in
1338 836 1522 920 theologia,
1536 835 1607 902 ord.

245 939 284 1005 B.
298 938 406 1004 Marie
421 937 464 1002 de
481 934 603 1002 Monte
614 934 770 1003 Cannelo
781 947 800 1017 ¹,
811 944 901 1020 quat.
912 937 974 1003 sibi
985 937 1202 1003 canonicatus
1211 945 1246 1003 et
1255 938 1443 1023 prebendas
1452 939 1486 1003 in
1499 941 1606 1005 eccle-

245 1046 294 1110 sia
324 1042 511 1127 Trajeeten.
542 1047 578 1106 et
598 1040 630 1106 S.
658 1039 795 1106 Gudule
815 1038 1049 1124 Bruxellensis,
1075 1041 1290 1107 Cameracen.
1320 1042 1418 1124 dioc,
1447 1063 1521 1109 vac.
1547 1063 1609 1129 per

245 1154 390 1212 mortem
406 1144 576 1230 quondam
592 1143 764 1230 Nicbolay
779 1143 821 1210 de
837 1143 1092 1226 Castr0,decani
1102 1145 1392 1231 Anturerpiensisr,
1406 1147 1608 1232 cujusbene·

246 1251 322 1316 ficia
338 1250 474 1315 fuerunt
485 1255 665 1329 reservata,
682 1247 753 1312 sive
778 1246 860 1313 dicti
885 1249 1106 1314 canonicatus
1130 1257 1165 1313 et
1189 1248 1361 1335 prebenda
1385 1247 1608 1315 Bruxellensis

245 1361 452 1421 vacaverunt
466 1374 526 1440 per
541 1361 686 1418 mortem
702 1350 867 1429 Johannis
881 1351 963 1443 dicti
985 1351 1101 1433 Witte,
1129 1353 1185 1437 qui
1211 1352 1294 1418 obiit
1318 1354 1351 1418 in
1380 1351 1479 1419 Rom.
1507 1354 1606 1435 curia,

245 1466 304 1525 aut
318 1459 401 1524 alias
417 1458 705 1541 qualitercumque
731 1465 867 1536 vacent,
893 1455 1083 1541 hujusmodi
1109 1457 1273 1523 beneficia
1300 1457 1336 1521 in
1361 1457 1606 1539 commendam,

245 1562 354 1627 donec
369 1560 451 1626 dicti
467 1559 516 1624 sui
529 1566 588 1625 aut
603 1560 739 1625 alterius
754 1559 968 1645 episcopatus
983 1559 1044 1625 sibi
1061 1559 1254 1626 conferendi
1278 1561 1462 1646 pacificam
1483 1562 1608 1627 babeat

246 1665 501 1752 possessiouem,
518 1662 678 1744 conferre,
694 1671 731 1727 et
753 1662 844 1746 quod
866 1663 993 1728 fructus
1007 1669 1042 1727 et
1066 1671 1249 1747 proventus
1272 1684 1387 1729 eorum
1403 1665 1437 1729 in
1457 1665 1607 1730 absentia

247 1769 419 1855 percipere
433 1767 539 1854 possit
554 1766 725 1851 indulgere
740 1766 934 1851 dignemini,
952 1765 1121 1849 quibusvis
1137 1768 1435 1834 constituciornbus
1450 1776 1486 1835 et
1501 1769 1609 1834 omni-

248 1875 310 1937 bus
325 1871 397 1937 aliis
411 1891 480 1936 non
497 1870 718 1950 obstantibus,
735 1889 812 1935 cum
835 1869 991 1936 clausulis
1007 1871 1213 1954 opportunis,
1226 1872 1469 1954 executoribus,
1485 1880 1550 1938 etc.
1566 1911 1609 1922 -

251 1974 535 2040 Commendamus
550 1973 622 2038 sibi.
725 2029 728 2035 .
976 2007 981 2016 -

295 2077 383 2143 Item
399 2085 491 2162 quat.
508 2077 617 2163 ipsum
634 2075 803 2142 Mathiam
826 2077 917 2161 quod
939 2076 958 2155 J
962 2077 1088 2143 ohanni
1111 2079 1153 2144 de
1177 2079 1414 2165 Steenberghe,
1439 2081 1508 2146 ord.
1532 2080 1610 2145 Pre-

251 2180 515 2262 moustratensis,
531 2179 653 2246 rectori
668 2181 805 2266 paroch.
822 2181 963 2246 ecclesie
984 2181 1026 2246 de
1051 2181 1191 2268 Nispen,
1215 2182 1375 2250 Leodien.
1391 2183 1490 2264 dioc,
1506 2204 1611 2270 nuper

251 2285 284 2349 in
301 2285 391 2351 curia
408 2283 518 2350 Roma
534 2282 703 2365 defunctu,
720 2283 812 2350 dicta
826 2304 886 2349 sua
901 2285 1047 2350 ecclesia
1059 2306 1119 2371 per
1135 2285 1298 2370 quosdam
1314 2306 1391 2351 suos
1405 2285 1612 2352 adversarios

251 2389 396 2475 spoliato
412 2387 446 2453 in
462 2385 557 2453 omni
567 2388 641 2472 iure
657 2394 692 2453 et
709 2387 753 2453 ad
768 2407 869 2454 omne
875 2388 929 2472 jus
945 2389 1035 2473 quod
1046 2387 1108 2475 ipsi
1119 2393 1333 2475 competebat
1348 2391 1382 2454 in
1398 2389 1489 2455 dicta
1504 2391 1613 2455 eccle·

158 2516 161 2520 ⁴
251 2493 309 2573 sia,
325 2512 424 2577 super
440 2512 540 2575 quam
557 2491 649 2556 etde
666 2492 738 2577 ejus
753 2491 932 2558 occasione
950 2500 1069 2559 contra
1092 2492 1282 2578 hujusmodi
1304 2514 1381 2558 suos
1404 2492 1612 2558 adversarios

250 2595 284 2660 in
299 2596 372 2682 ipsa
388 2595 480 2660 curia
495 2595 651 2680 litigabat
666 2615 707 2661 ac
723 2595 825 2660 etiam
842 2594 875 2660 in
899 2595 1010 2661 liteet
1025 2616 1127 2662 causa
1142 2604 1340 2662 remanente
1355 2595 1502 2662 indecisa
1517 2604 1551 2662 et
1567 2597 1612 2662 ad

250 2707 375 2765 statum
391 2697 540 2784 ejusdem
556 2701 735 2782 subrogare
750 2707 785 2763 et
799 2697 990 2782 hujusmodi
1003 2699 1057 2784 jus
1071 2699 1114 2765 ad
1129 2701 1306 2765 ecclesiam
1329 2699 1514 2785 predictam
1530 2719 1613 2784 qua·

251 2803 470 2887 litercumque
485 2810 584 2868 vacet
600 2802 634 2868 in
650 2801 898 2883 commendam,
908 2800 1017 2867 donec
1027 2800 1108 2867 dicti
1125 2801 1174 2867 sui
1184 2808 1242 2868 aut
1253 2801 1389 2867 alterius
1399 2801 1613 2888 episcopatus

250 2907 312 2972 sibi
328 2905 519 2972 conferendi
536 2906 711 2991 pacificam
726 2906 850 2971 babeat
876 2906 1131 2991 possessionem,
1155 2905 1303 2971 conferre
1319 2913 1354 2970 et
1377 2906 1467 2990 quod
1487 2905 1613 2971 fructus

251 3020 286 3076 et
301 3018 484 3097 proventus
500 3010 648 3095 ejusdem
663 3010 698 3074 in
721 3010 878 3075 absencia
900 3010 1072 3095 percipere
1094 3009 1200 3095 possit
1223 3008 1395 3095 indulgere
1417 3010 1611 3095 dignemini,

251 3115 422 3199 quibusvis
438 3114 738 3180 constitucionibus
760 3120 796 3179 et
818 3114 974 3178 omuibus
988 3112 1061 3177 aliis
1081 3133 1149 3179 non
1165 3114 1376 3179 obstantibus
1399 3122 1434 3179 et
1456 3113 1613 3179 clausulis

252 3218 426 3306 oportunis
442 3237 485 3282 ac
498 3217 740 3282 executoribus.
755 3256 799 3266 -—
815 3215 1101 3281 Commendamus
1116 3216 1187 3282 sibi.

295 3321 384 3388 Item
399 3342 495 3408 supp.
512 3328 603 3406 quat.
619 3321 681 3385 sibi
697 3328 731 3386 et
746 3319 894 3398 Johanni
918 3320 1011 3385 dicto
1034 3318 1224 3402 Guldeneir,
1240 3320 1400 3407 magistro
1422 3321 1456 3385 in
1479 3322 1612 3387 theolo-

250 3426 315 3509 gia,
339 3425 419 3492 dicti
445 3424 571 3491 ordinis
594 3432 629 3489 et
661 3424 753 3490 fratri
779 3422 1164 3503 suo·cama1i,J0hanni
1189 3424 1258 3489 filio
1292 3424 1419 3490 Galteri
1445 3423 1612 3505 Boudens,

253 3529 422 3596 Niclrolao
435 3527 726 3608 ereke1,J0hanni
742 3528 784 3593 de
799 3526 1003 3592 Heesnaken
1016 3528 1216 3613 presbiteris
1231 3528 1423 3615 Gysilberto
1441 3536 1477 3595 et
1489 3528 1614 3595 Rulino

254 3634 349 3719 Raye
365 3634 530 3714 fratribus
548 3630 968 3710 civibusBruxellensibus,
992 3629 1011 3708 J
1015 3631 1138 3695 ohanni
1159 3630 1201 3697 de
1227 3631 1457 3717 Erdemborglr
1480 3632 1614 3713 clericO,

252 3738 397 3805 Beatrici
413 3739 568 3825 priorisse
590 3738 633 3803 de
649 3735 812 3821 Vigardis,
834 3735 905 3800 ord.
928 3735 959 3800 S.
984 3733 1170 3815 Benedicti,
1196 3736 1370 3803 Elizabeth
1393 3737 1435 3803 de
1459 3736 1615 3804 Conden-

251 3844 386 3929 berghe,
402 3842 539 3908 moniali
556 3843 592 3907 in
604 3841 755 3930 Foresto‚
772 3838 921 3923 ejusdem
933 3837 1067 3918 ordinis,
1081 3837 1190 3904 Relidi
1213 3839 1256 3905 de
1271 3839 1402 3923 Costot,
1418 3840 1555 3907 domine
1570 3841 1614 3906 de

252 3946 440 4027 Bocelrout,
454 3946 558 4012 sorori
574 3943 756 4031 Gysilberti
773 3950 808 4007 et
825 3941 936 4007 Rulini
953 3941 1188 4028 predictorum,
1195 3944 1330 4029 plenam
1346 3944 1575 4009 remissionem
1592 3966 1612 4013 a

251 4072 340 4137 pena
355 4054 390 4115 et
407 4052 508 4136 culpa
523 4048 708 4115 concedere
723 4046 917 4131 dignemini.
932 4086 976 4095 -
991 4045 1067 4111 Fiat
1084 4046 1125 4111 R.

295 4154 378 4219 Dat.
391 4154 494 4219 Avin.
508 4176 530 4237 4
545 4172 624 4218 non.
641 4160 708 4218 oct
725 4159 758 4216 a⁰
775 4159 818 4235 7⁰.
835 4151 905 4235 (15,
923 4152 1029 4235 276‘').

307 4290 450 4376 1436.
1260 4302 1354 4385 1348,
1372 4322 1412 4365 rr
1430 4302 1568 4366 octobre.

297 4410 433 4495 Suppl...
449 4407 648 4488 Bemardns,
663 4408 716 4473 tit.
732 4406 764 4471 S.
781 4405 903 4471 Ciriaci
931 4405 964 4469 in
989 4404 1119 4470 Tenuis
1140 4408 1249 4491 presb.
1267 4405 1365 4486 card,
1390 4412 1505 4488 quat...
1533 4402 1613 4468 Ber-

253 4514 375 4581 trando
389 4511 633 4597 d’Albi,nepoti
649 4511 826 4577 cardinalis
841 4510 990 4595 ejusdem
1000 4520 1055 4589 ³,...
1071 4509 1114 4574 de
1130 4530 1203 4575 can.
1217 4516 1251 4573 et
1266 4511 1358 4595 preb.
1374 4508 1515 4574 ecclesie
1530 4506 1614 4573 Tor-

253 4638 384 4699 nacen,
415 4617 458 4683 de
473 4617 592 4701 quibus
606 4636 666 4701 per
691 4618 745 4680 ob.
770 4614 941 4698 quondam
967 4612 1160 4697 Raymundi
1186 4612 1329 4695 Rogerii,
1353 4611 1528 4677 camerarii
1553 4612 1613 4691 sni,

254 4721 343 4808 apud
358 4720 474 4786 sedem
489 4725 601 4805 apost.
614 4718 818 4798 decedentis,
836 4716 1004 4782 Sanctitas
1019 4716 1092 4803 ipsa
1117 4714 1298 4780 Guillelrno
1313 4714 1356 4778 de
1382 4712 1478 4779 Fuxo
1502 4713 1614 4801 primo

288 4940 310 4985 l.
323 4934 440 4983 blatbleu
452 4932 484 4981 de
495 4933 614 4993 Cologne,
626 4930 723 4992 evaque
734 4931 869 4979 auxiliaire
880 4930 912 4979 de
925 4930 1044 4979 Oambrai
1057 4928 1157 4993 (Rei-ue
1169 4928 1328 4989 be'rre'rliollue,
1343 4928 1413 4989 1903,
1426 4942 1470 4993 pp.
1481 4928 1614 4991 als-263).

254 5031 287 5044 -n
298 5010 322 5057 2.
334 5005 396 5056 l'oir
407 5020 432 5054 n.
446 5008 515 5065 13³7,
530 5006 601 5054 1889.
612 5028 645 5043 -
657 5006 679 5054 3.
691 5006 753 5053 Voir
764 5018 790 5052 n.
803 5006 873 5054 1888.
