3650 5675
303 510 366 573 544
812 504 898 579 1350,
923 504 1006 567 11-15
1029 506 1156 570 octobre.

302 658 494 743 providere3
510 678 579 721 non
596 659 682 721 obst.
699 655 790 739 quod
806 654 845 719 E.
859 654 889 719 S.
903 654 964 718 sibi
980 654 1023 717 de
1039 675 1112 720 can.
1129 664 1163 720 et
1178 658 1270 741 preb.
1284 657 1423 721 ecclesie
1439 657 1470 721 S.
1485 658 1574 723 Petri
1587 658 1684 725 Cas·-

302 762 449 843 letensiS,
467 760 634 827 Morinen.
651 760 749 840 dioc„
765 779 872 843 nuper
886 758 1043 844 providit.
1059 799 1103 807 —
1119 758 1198 824 Fiat
1214 760 1254 826 R

346 864 426 930 Dat.
443 885 495 950 ap.
512 863 760 929 Villamnovam
779 882 796 946 5
814 862 857 927 id.
875 871 943 929 oct.
959 877 994 927 a0
1014 877 1059 944 90.
1075 864 1153 947 (20,
1173 865 1261 949 173).

354 1004 495 1086 2091·
1314 1037 1408 1101 1350,
1426 1039 1467 1083 11
1483 1022 1621 1085 octobre.

345 1122 446 1207 Supp.
473 1120 627 1185 Alienors
642 1119 684 1184 de
701 1117 880 1197 Convenis,
904 1118 1151 1183 vicecomitissa
1177 1116 1345 1201 Torenne,
1361 1130 1454 1205 quat.
1473 1122 1550 1207 [suo
1570 1124 1666 1188 farni-

300 1226 371 1290 liari
389 1222 571 1290 Lamberto
597 1223 640 1289 de
666 1222 849 1305 Frangnies
866 1232 884 1301 ¹,
901 1221 1023 1287 clerico
1049 1221 1210 1287 Leodien.
1237 1224 1335 1304 dioc,
1362 1226 1404 1290 de
1428 1247 1501 1291 ean.
1517 1236 1553 1291 et
1572 1231 1666 1313 preb.

300 1328 442 1394 ecclesie
458 1328 489 1393 S.
507 1326 622 1392 Crucis
637 1324 798 1391 Leodien.
813 1345 887 1390 vac.
904 1345 964 1409 per
979 1327 1034 1390 ob.
1049 1323 1069 1402 J
1073 1326 1215 1390 ohannis
1230 1329 1339 1392 Asson
1347 1339 1368 1408 ²,
1384 1328 1441 1412 qui
1458 1337 1553 1394 extra
1567 1329 1666 1396 Rom.

299 1433 427 1499 curiam
443 1431 532 1497 diem
554 1430 673 1495 clausit
688 1437 875 1494 extremum
896 1428 1080 1513 dignemini
1096 1429 1283 1514 providere.
1298 1471 1341 1479 -
1359 1430 1435 1497 Fiat
1451 1431 1492 1498 R.

344 1535 425 1601 Dat.
441 1556 494 1621 ap.
511 1533 762 1599 Villamnovam
779 1552 796 1617 5
814 1532 857 1599 id.
873 1542 942 1598 oct.
959 1544 994 1598 a⁰
1010 1547 1055 1614 90.
1073 1534 1150 1617 (20,
1171 1537 1260 1617 175*')

351 1673 500 1755 2092.
1312 1705 1407 1769 1350,
1426 1706 1465 1751 11
1482 1690 1619 1753 octobre.

344 1790 445 1875 Supp.
463 1788 625 1854 Nicolaus
640 1787 683 1852 de
699 1787 856 1853 Danvilla
868 1798 889 1869 ³,
904 1808 994 1872 mag.
1009 1788 1045 1852 in
1059 1788 1175 1869 theol,
1191 1798 1274 1872 quat
1289 1790 1350 1854 sibi
1366 1790 1498 1855 decan.
1514 1800 1549 1855 et
1571 1796 1664 1877 preb.

301 1894 442 1959 ecclesie
458 1893 638 1957 Abrineen.
655 1890 836 1976 dignemini
853 1892 1029 1977 providere
1045 1915 1053 1971 ;
1070 1913 1140 1957 non
1157 1896 1242 1958 obst.
1255 1894 1346 1977 quod
1361 1895 1496 1979 paroch.
1514 1897 1594 1961 eccl.
1621 1896 1665 1961 de

304 1999 470 2082 Dorceyo,
484 1995 660 2061 Ebroicen.
677 1995 774 2075 dioc,
787 2002 822 2060 et
838 2016 912 2061 can.
927 1999 987 2061 sub
1004 2016 1078 2082 exp.
1089 1999 1193 2081 preb„
1208 1996 1309 2080 dign„
1325 1997 1360 2061 in
1376 1999 1458 2063 eccl.
1482 1998 1665 2064 Lexovien.

301 2101 445 2187 aprimo
460 2120 551 2165 anno
565 2108 676 2164 vestre
692 2099 871 2165 creationis
894 2100 1043 2165 noscitur
1065 2100 1226 2179 obtinere,
1243 2108 1278 2163 et
1304 2100 1395 2183 quod
1419 2104 1495 2167 ben.
1520 2102 1565 2167 ad
1585 2105 1666 2168 coll.

302 2204 432 2270 abbatis
448 2211 484 2269 et
499 2210 686 2269 conventus
701 2203 894 2268 monasterii
911 2202 951 2268 B.
968 2202 1018 2268 M.
1033 2202 1077 2268 de
1101 2201 1214 2267 Becco
1239 2202 1400 2284 Helluini,
1416 2204 1459 2269 Ο.
1483 2205 1514 2270 S.
1531 2205 1580 2285 Β,
1598 2206 1665 2271 Ro·

301 2310 496 2394 thomagen.
522 2308 620 2389 dioc,
643 2314 813 2393 expectat,
839 2317 875 2372 et
904 2308 1008 2373 etiam
1032 2308 1141 2391 gratia
1164 2307 1226 2372 sibi
1242 2328 1302 2393 per
1316 2306 1349 2372 S.
1366 2307 1406 2372 V.
1422 2308 1513 2373 iacta
1529 2308 1571 2373 de
1587 2329 1663 2374 can.

299 2423 335 2479 et
350 2416 440 2500 preb.
458 2413 489 2478 S.
505 2412 680 2497 Gaugerici
698 2410 913 2478 Cameracen.
928 2433 1004 2478 vac.
1020 2419 1086 2477 etc.
1113 2404 1165 2495 [ut
1180 2411 1359 2498 superius].
1375 2451 1419 2459 —
1435 2409 1512 2476 Fiat
1527 2410 1567 2477 R.

343 2518 423 2582 Dat.
440 2538 494 2603 ap.
509 2515 758 2581 Villamnovam
776 2536 793 2599 5
810 2516 854 2581 id.
872 2524 939 2582 oet.
955 2529 992 2581 a⁰
1008 2530 1054 2595 90.
1070 2516 1148 2599 (20,
1170 2519 1256 2599 176).

349 2655 500 2739 2093.
1310 2686 1404 2749 1350,
1422 2686 1461 2730 11
1479 2668 1616 2732 octobre.

342 2772 443 2859 Supp.
472 2770 580 2835 Maria
604 2769 646 2836 de
672 2769 839 2851 Flandria,
867 2768 1080 2835 Boloniensis
1105 2778 1140 2835 et
1164 2771 1327 2836 Arvemie
1342 2778 1354 2805 ‘¹
1371 2770 1552 2851 comitissa,
1568 2780 1661 2856 quat.

298 2896 386 2961 mag.
404 2875 543 2960 Hugoni
560 2874 657 2939 Fabri
674 2886 694 2955 ⁴,
722 2874 886 2940 canonico
911 2873 1140 2954 Cameracen.,
1167 2895 1255 2959 mag.
1283 2876 1316 2939 in
1338 2877 1453 2956 theol,
1479 2877 1662 2941 absolutio-

298 3000 416 3045 nem...
439 2980 625 3067 [indulgere
641 2977 908 3064 dignemini].-
932 2977 1010 3043 Fiat
1033 2977 1074 3044 R.

340 3083 421 3150 Dat.
438 3105 492 3170 ap.
508 3083 758 3148 Villamnovam
776 3103 792 3167 5
810 3083 853 3148 id.
871 3091 938 3148 oct.
954 3097 991 3148 a⁰
1006 3097 1052 3163 90.
1069 3084 1147 3166 (20,
1168 3085 1267 3167 1781).

347 3220 497 3302 2094·
1309 3252 1404 3316 1350,
1421 3251 1462 3314 15
1478 3233 1616 3296 octobre.

341 3339 443 3425 Supp.
473 3337 724 3421 B(ertrandus),
756 3337 857 3424 episc.
897 3336 1099 3416 Sabinensis,
1131 3345 1221 3419 quat.
1255 3335 1393 3422 [Egidio
1424 3334 1586 3420 Bourgois
1616 3335 1660 3400 de

298 3445 330 3508 S.
346 3444 541 3509 Audomaro
553 3451 573 3524 ⁵,
599 3443 721 3508 clerico
750 3439 1310 3526 1101110100,110111111103,
1337 3439 1380 3505 de
1403 3442 1479 3504 ben.
1507 3439 1589 3504 eccl.
1616 3439 1660 3504 ad

297 3547 373 3612 coll.
400 3546 594 3612 monasterii
621 3545 652 3610 S.
678 3544 806 3610 Bertini
833 3546 875 3611 de
902 3545 934 3610 S.
959 3545 1162 3624 Andomaro,
1179 3543 1221 3608 O.
1235 3543 1267 3609 S.
1284 3543 1333 3624 Β,
1348 3543 1532 3626 dignemini
1548 3544 1659 3627 provi·

297 3651 375 3715 dere
389 3673 397 3730 ;
420 3670 489 3715 non
506 3652 592 3714 obst.
609 3649 699 3733 quod
715 3650 803 3715 idern
821 3648 959 3733 Egidius
975 3647 1123 3713 officium
1140 3647 1263 3712 vicarie
1279 3647 1312 3711 in
1330 3647 1411 3712 eccl.
1428 3646 1459 3710 S.
1475 3644 1658 3711 Audomari

296 3757 449 3820 obtinere
464 3753 622 3820 noscitur.
645 3793 689 3802 —-
713 3751 788 3818 Fiat
812 3750 854 3815 R.

339 3859 417 3924 Dat.
433 3859 533 3923 Avin.
550 3857 594 3922 id.
611 3865 678 3922 oct.
694 3871 730 3921 a0
747 3869 791 3936 90.
809 3857 885 3937 (20,
907 3856 1006 3937 1739.

346 3993 667 4076 2095-2096.
1304 4025 1398 4089 1350,
1417 4025 1458 4087 15
1474 4005 1612 4069 octobre.

338 4112 440 4197 Supp.
455 4110 602 4189 Jacobus
629 4110 806 4189 Blondelli,
834 4109 997 4196 presbiter
1012 4110 1055 4175 de
1072 4109 1195 4191 Insula,
1222 4109 1411 4175 Tornacen.
1435 4109 1532 4188 dioc,
1548 4128 1657 4192 nepos

295 4215 464 4280 familiaris
477 4216 579 4296 vestri
605 4214 624 4292 J
627 4215 770 4281 ohannis
795 4214 980 4280 Clementis
991 4214 1013 4296 ⁶,
1030 4223 1121 4299 quat.
1138 4216 1197 4280 sibi
1214 4218 1290 4279 ben.
1306 4215 1388 4280 0001.
1405 4235 1434 4279 0.
1457 4233 1486 4278 c.
1502 4213 1556 4276 vel
1572 4232 1597 4276 S.
1614 4233 1656 4291 0.,

294 4320 424 4391 etiamsi
440 4317 588 4385 officium
603 4321 657 4385 vel
673 4329 869 4406 personatus
884 4320 1016 4401 existat,
1039 4327 1194 4404 spectans
1216 4318 1439 4384 communiter
1453 4319 1508 4382 vel
1523 4316 1655 4382 divisim

326 4505 352 4565 a)
372 4507 429 4556 (bd.
447 4511 563 4558 Avemie.

328 4718 349 4762 1.
362 4715 461 4772 Kirseb,
475 4715 550 4774 11011,
563 4718 619 4764 203.
631 4717 753 4765 Lambert
765 4718 796 4766 de
809 4718 924 4780 Fragnbe
941 4725 978 4768 est
996 4717 1047 4768 cite
1059 4733 1158 4768 comme
1169 4718 1229 4767 cure
1239 4719 1272 4767 de
1284 4719 1464 4782 Longchamps
1476 4717 1655 4768 1022100011-

294 4790 339 4837 bre
352 4790 412 4836 1361
429 4789 547 4850 (0111111.
560 4789 590 4837 de
601 4789 768 4850 15¹·Lr1mbert,
782 4791 826 4850 IV,
840 4793 900 4852 356)
912 4808 918 4848 ;
931 4793 949 4840 il
966 4799 1003 4840 est
1016 4807 1108 4841 encore
1119 4792 1217 4853 signare
1228 4793 1253 4841 le
1264 4797 1279 4840 9
1290 4791 1348 4853 juin
1361 4795 1424 4841 1382
1436 4793 1489 4854 (11,
1508 4795 1562 4849 1211,
1579 4807 1604 4841 n.
1616 4795 1655 4854 2).

294 4889 327 4896 —
335 4865 358 4909 2.
373 4862 412 4909 Un
424 4863 509 4925 pretre
520 4863 552 4911 de
564 4877 592 4912 oe
603 4877 663 4912 nom
672 4870 710 4913 est
718 4865 768 4913 citb
778 4865 801 4913 le
814 4869 843 4913 19
861 4865 956 4914 1011101
968 4868 1030 4915 1338
1043 4867 1096 4928 (ib,
1110 4867 1153 4926 IV,
1166 4868 1243 4927 526);
1255 4867 1289 4914 ei.
1301 4867 1428 4925 Poncclet,
1441 4866 1519 4914 Line
1530 4864 1573 4913 cios
1582 4868 1654 4928 ,teta

297 4937 345 4992 19).
360 4963 389 4972 -
406 4937 429 4984 3.
447 4936 508 4984 Voir
518 4950 544 4985 n.
556 4937 627 4984 2088.
639 4965 670 4972 —
682 4940 705 4986 4.
724 4937 784 4992 lffoir
796 4953 821 4986 u.
833 4941 878 4987 991
891 4954 897 4996 ;
915 4940 999 5000 vital,
1011 4955 1037 4987 n.
1049 4942 1148 4989 9111-
1165 4944 1189 4989 5.
1201 4941 1262 4988 l'oir
1274 4955 1300 4989 n.
1310 4943 1383 4989 2991.
1395 4944 1461 4988 -11,
1473 4940 1535 4988 l'oir
1545 4942 1656 4990 1119119.
