3650 5675
301 515 362 579 aab
726 512 813 584 1348,
836 511 876 575 24
897 511 1049 577 octobre-7
1071 512 1235 577 novembre.

303 665 563 744 Corwaremme,
590 661 751 729 Leodien.
782 662 879 744 dioc,
904 683 946 729 ac
968 663 1213 749 preposituram
1240 663 1322 730 eccl.
1350 663 1381 728 S.
1411 661 1551 728 Martini
1580 661 1664 729 Leo

302 769 392 834 dien.
437 767 587 833 noscitur
621 766 784 846 obtinere,
815 786 917 850 quam
944 766 1189 851 preposituram
1220 773 1358 852 paratus
1395 775 1448 831 est
1486 764 1665 847 dimittere,

303 884 484 960 postquam
514 871 616 957 ipsius
646 869 780 935 abbatie
813 868 1059 956 possessionem
1081 869 1259 956 pacificam
1290 869 1388 934 fuerit
1411 877 1592 935 assecutus,
1628 905 1659 918 -

306 975 381 1040 Fiat
404 974 445 1041 R.

347 1078 428 1143 Dat.
443 1077 543 1144 Avin.
564 1099 600 1143 12
617 1077 685 1145 kal.
702 1099 781 1144 nov.
802 1085 835 1144 a⁰
851 1086 894 1162 7⁰.
911 1081 983 1164 (15,
998 1079 1103 1162 291l).

356 1215 502 1301 1443.
1310 1228 1403 1310 1348,
1421 1248 1460 1310 ²4
1482 1228 1619 1292 octobre.

346 1330 544 1396 Beatissime
559 1337 666 1415 pater.
684 1329 771 1396 Cum
791 1330 917 1398 dudum
928 1330 1049 1412 Guido,
1066 1329 1285 1396 Cameracen.
1302 1331 1489 1417 episcopus,
1505 1351 1565 1416 per
1589 1350 1666 1396 suas

304 1435 387 1501 certi
398 1433 525 1499 tenoris
536 1433 666 1499 litteras
676 1432 802 1500 dilecto
816 1434 968 1500 familiari
984 1455 1045 1500 suo
1061 1433 1223 1501 continuo
1238 1432 1257 1511 J
1260 1433 1386 1499 olranni
1400 1432 1525 1513 Routh,
1537 1431 1667 1499 decano

299 1537 559 1604 christianitatis
575 1536 710 1603 Geraldi
729 1536 887 1625 [montis]
905 1539 1094 1622 rectorique
1121 1537 1261 1603 ecclesie
1287 1537 1330 1602 de
1346 1536 1531 1622 Ydeghem,
1548 1537 1667 1602 Came-

303 1661 415 1708 racen.
430 1639 742 1726 dioc.,prebendam
758 1641 1029 1710 ebdomadariam
1046 1641 1265 1708 canonicatus
1280 1641 1422 1707 ecclesie
1437 1640 1476 1707 B.
1493 1639 1668 1706 Berlendis

306 1744 564 1825 Merbeccensis,
594 1745 686 1811 dicte
707 1745 806 1827 dioc,
835 1755 919 1813 tunc
949 1766 1023 1812 vac.
1054 1764 1114 1831 per
1142 1747 1197 1811 ob.
1228 1743 1399 1828 quondam
1429 1743 1594 1822 Jolrannis
1623 1743 1666 1810 de

306 1848 462 1928 Laberio,
477 1847 663 1934 presbiteri,
680 1848 775 1934 cujus
790 1849 932 1916 collacio
947 1850 1096 1936 pluribus
1110 1847 1153 1914 de
1169 1847 1276 1914 causis
1291 1848 1334 1914 ad
1345 1848 1454 1934 ipsum
1470 1849 1666 1934 episcopum

304 1951 471 2038 pertinere
497 1959 664 2032 noscatur,
691 1952 836 2017 contulit
859 1961 894 2018 et
909 1952 1056 2038 providit
1080 1951 1122 2018 de
1138 1950 1278 2032 eadem3
1296 1951 1351 2036 qui
1377 1951 1512 2037 quidem
1535 1950 1665 2029 Johan·

305 2075 365 2120 nes
380 2053 552 2140 quondam
574 2054 617 2119 de
633 2052 778 2120 Labezio
803 2054 930 2121 dudum
957 2056 1045 2141 apud
1072 2054 1195 2120 villam·
1203 2054 1242 2120 B.
1259 2053 1430 2122 Laurentii
1445 2055 1488 2121 de
1504 2055 1665 2132 Carnolis,

307 2157 479 2226 Uticensis
488 2157 586 2240 dioc,
598 2156 688 2224 diem
699 2178 796 2224 suum
808 2159 930 2230 clausit
939 2166 1137 2240 extremum,
1149 2159 1197 2224 sic
1208 2158 1297 2245 apud
1309 2157 1423 2224 sedern
1433 2165 1666 2243 apostvacan-

305 2269 376 2328 tem
391 2262 446 2326 vel
471 2261 554 2327 alias
580 2260 699 2345 quovis
723 2261 827 2328 modo
849 2261 1033 2343 vacaverit,
1050 2261 1144 2329 dicto
1173 2261 1322 2340 Johanni
1345 2261 1459 2328 Routb
1485 2261 1666 2348 specialem

305 2365 453 2450 graciam
467 2365 640 2447 facientes,
655 2365 765 2452 ipsam
779 2366 985 2453 prebendam
1015 2365 1286 2433 ebdomadariam
1301 2386 1378 2444 curn
1401 2367 1468 2432 suis
1481 2367 1607 2452 juribus
1631 2375 1667 2430 et

296 2468 707 2555 pertinentiisuniversis
736 2469 919 2555 dignemini
950 2470 1147 2536 confirmare
1173 2491 1233 2535 seu
1257 2471 1300 2536 de
1323 2491 1415 2536 novo
1444 2469 1594 2536 conferre
1624 2469 1667 2536 de

306 2572 419 2657 gracia
434 2572 581 2658 speciali,
596 2572 791 2659 supplentes
806 2594 943 2639 omnem
954 2573 1181 2653 deffectum,si
1194 2574 1268 2658 quis
1279 2573 1377 2646 fuerit
1392 2574 1425 2639 in
1441 2573 1618 2660 premissis
1624 2573 1667 2638 de

297 2676 491 2762 ¹apostolice
505 2675 714 2762 plenitudine
729 2677 918 2762 potestatis,
935 2697 993 2742 seu
1017 2677 1108 2762 quod
1131 2677 1214 2743 eccl.
1241 2687 1390 2743 curatam
1414 2676 1457 2742 de
1482 2675 1665 2761 Ydeglrem,

307 2777 521 2846 Cameracen.
537 2779 637 2863 dioc,
651 2788 811 2847 noscatur
825 2781 989 2849 obtinere.
1004 2823 1048 2832 —
1064 2779 1143 2848 Fiat
1159 2781 1200 2849 R.

351 2883 429 2950 Dat.
445 2884 546 2950 Avin.
564 2884 662 2965 9kal.
678 2906 757 2952 nov,
772 2892 805 2951 a⁰
821 2894 865 2969 7⁰.
880 2888 950 2969 (15,
968 2889 1074 2973 299').

363 3020 507 3101 1444.
817 3122 820 3126 ,
1288 3036 1383 3120 1348,
1400 3037 1420 3099 ό
1438 3036 1622 3100 novembre.

350 3138 482 3225 Supp...
501 3138 541 3221 P(
544 3138 661 3223 etrus),
677 3141 779 3226 episc.
795 3139 1021 3223 Penestrinus,
1032 3148 1145 3226 quat...
1158 3138 1352 3227 [capellano
1367 3159 1427 3205 suo
1448 3140 1667 3205 commensali

308 3241 513 3327 Raymundo
528 3241 571 3308 de
585 3242 795 3325 Anteiaco,...
810 3243 853 3309 de
869 3265 943 3311 can.
959 3252 994 3310 et
1016 3246 1109 3331 preb.
1125 3242 1333 3325 Banolensis,
1351 3242 1552 3329 Forojulien.
1567 3241 1666 3315 dioc..

307 3345 489 3431 dignemini
515 3346 690 3432 providere
712 3370 721 3428 ;
746 3368 815 3413 non
840 3351 927 3415 obst.
949 3349 1040 3433 quod
1066 3350 1148 3415 eccl.
1171 3348 1307 3434 paroch.
1328 3346 1360 3412 S.
1376 3346 1543 3413 Saturnini
1568 3365 1607 3411 ac
1633 3346 1666 3409 in

222 3436 224 3441 ’
308 3447 469 3535 Brugensi
481 3451 564 3516 eccl.
581 3458 617 3515 et
631 3450 665 3515 in
682 3450 714 3516 S.
731 3449 844 3517 Felice
860 3472 936 3517 can.
948 3461 983 3517 et
998 3451 1313 3538 preb.ecclesiarum
1329 3458 1364 3515 et
1374 3450 1541 3537 hospitale
1556 3448 1588 3514 S.
1600 3446 1668 3514 Mi-

308 3553 431 3619 chaelis
441 3572 626 3640 pauperum
641 3554 683 3620 de
698 3554 900 3637 Altovillari,
918 3553 1108 3635 Caturcen.‚
1119 3554 1320 3635 Tornacen.,
1330 3553 1511 3619 Tlrolosan.
1527 3561 1561 3617 et
1578 3550 1669 3617 Con-

306 3657 452 3723 domien.
468 3656 566 3740 dioc,
581 3658 730 3724 noscitur
744 3657 907 3724 obtinere.
919 3699 963 3707 -
978 3656 1056 3724 Fiat
1073 3657 1113 3724 R.

351 3761 430 3829 Dat.
446 3762 547 3828 Avin.
563 3763 582 3827 8
599 3761 643 3828 id.
658 3781 737 3827 nov.
752 3768 786 3827 a⁰
802 3770 835 3846 7⁰
849 3768 873 3828 ⁸.
889 3763 961 3846 (16,
979 3764 1063 3847 22').

363 3898 666 3982 1445-1447.
1278 3914 1373 3996 1348,
1397 3930 1416 3993 7
1441 3913 1624 3977 novembre.

351 4016 452 4103 Supp.
476 4016 650 4110 Johannes
678 4017 721 4082 de
743 4015 874 4103 Mainy‚
898 4016 996 4082 miles
1019 4015 1109 4083 dom.
1136 4016 1221 4101 regis
1249 4015 1452 4082 Francorum
1476 4022 1512 4080 et
1535 4014 1670 4080 comitis

308 4118 476 4202 Flandrie,
491 4140 552 4206 per
566 4120 657 4206 ipsos
672 4120 716 4187 ad
734 4119 888 4187 Vestram
905 4120 1129 4186 Sanctitatem
1154 4120 1351 4200 destinatus,
1367 4126 1458 4205 quat.
1474 4138 1534 4183 suo
1549 4118 1666 4203 nepoti

309 4220 465 4304 Laureto‚
482 4222 654 4289 Thonardi
674 4223 717 4289 de
739 4222 829 4290 Fons
843 4224 996 4309 armigeri
1013 4223 1092 4304 lilio,
1109 4224 1231 4289 clerico
1242 4222 1401 4288 Leodien.
1417 4222 1515 4302 dioc„
1530 4219 1572 4287 de
1588 4240 1666 4286 can.

309 4334 344 4393 et
358 4329 450 4414 preb.
465 4348 539 4394 rac.
554 4328 609 4394 vel
624 4331 734 4395 vacat.
749 4330 832 4396 eccl.
848 4328 880 4395 S.
897 4328 993 4394 Pauli
1012 4326 1193 4395 Leodien...
1209 4326 1391 4413 dignemini
1413 4325 1599 4413 providere.
1621 4364 1668 4375 —

309 4430 388 4498 Fiat
400 4432 439 4499 R.

354 4578 459 4638 1446.
476 4570 565 4636 Item
574 4590 669 4657 supp.
682 4579 774 4655 quat.
789 4571 954 4655 aliquibus
966 4570 1116 4637 discretis
1132 4569 1343 4637 committere
1352 4566 1534 4653 dignemini
1546 4564 1580 4629 in
1591 4584 1667 4650 par-

306 4675 396 4741 tibus
411 4674 466 4759 qui
481 4672 676 4753 Johannem
691 4673 860 4741 Advocati
885 4674 928 4741 de
943 4673 1149 4761 Lovegnees,
1166 4672 1328 4740 scolarem
1341 4671 1500 4738 Leodien.
1516 4669 1614 4749 dioc,
1631 4667 1667 4733 in

339 4872 368 4934 a)
381 4871 416 4920 Lo
426 4871 513 4920 Codex
524 4872 622 4935 portait
639 4870 791 4920 d'abord13
804 4871 855 4921 col.
873 4872 926 4921 der.
947 4871 987 4920 On
999 4871 1031 4920 lit
1048 4886 1080 4920 en
1098 4884 1186 4933 merge
1200 4885 1207 4918 ι
1222 4870 1338 4919 (arrecto
1357 4866 1419 4917 dato
1439 4868 1465 4917 in
1480 4864 1602 4929 originali
1617 4878 1667 4927 pren·

306 4944 411 4994 rhotum
427 4942 677 5009 maravanorum
690 4948 808 5010 praeopto
823 4944 919 4994 domiai
936 4946 1014 4995 mortni
1031 4949 1054 4995 et
1071 4944 1114 4993 bie
1127 4958 1176 5009 per
1192 4958 1230 4992 me
1247 4943 1289 5005 Ρ(
1290 4946 1372 4991 druna
1373 4946 1395 5003 )¹
1406 4940 1536 4991 Germani.
