<?xml version="1.0" encoding="UTF-8"?>
<!DOCTYPE html PUBLIC "-//W3C//DTD XHTML 1.0 Transitional//EN"
    "http://www.w3.org/TR/xhtml1/DTD/xhtml1-transitional.dtd">
<html xmlns="http://www.w3.org/1999/xhtml" xml:lang="en" lang="en">
 <head>
  <title>
</title>
<meta http-equiv="Content-Type" content="text/html;charset=utf-8" />
  <meta name='ocr-system' content='tesseract 3.04.00' />
  <meta name='ocr-capabilities' content='ocr_page ocr_carea ocr_par ocr_line ocrx_word'/>
</head>
<body>
  <div class='ocr_page' id='page_1' title='image "./suppliquesdeclm00berlgoog_0501.png"; bbox 0 0 3650 5675; ppageno 0'>
   <div class='ocr_carea' id='block_1_1' title="bbox 259 444 1099 531">
    <p class='ocr_par' dir='ltr' id='par_1_1' title="bbox 259 444 1099 531">
     <span class='ocr_line' id='line_1_1' title="bbox 259 444 1099 531; baseline 0 -18"><span class='ocrx_word' id='word_1_1' title='bbox 259 449 322 514; x_wconf 78' lang='lat'>456</span> <span class='ocrx_word' id='word_1_2' title='bbox 723 444 726 450; x_wconf 81' lang='grc'>’</span> <span class='ocrx_word' id='word_1_3' title='bbox 793 447 884 531; x_wconf 81' lang='grc'><strong>1849,</strong></span> <span class='ocrx_word' id='word_1_4' title='bbox 905 446 1003 511; x_wconf 80' lang='grc'><strong>28-80</strong></span> <span class='ocrx_word' id='word_1_5' title='bbox 1020 448 1099 529; x_wconf 85' lang='lat' dir='ltr'>juin.</span> 
     </span>
    </p>
   </div>
   <div class='ocr_carea' id='block_1_2' title="bbox 262 600 1631 1206">
    <p class='ocr_par' dir='ltr' id='par_1_2' title="bbox 262 600 1631 1206">
     <span class='ocr_line' id='line_1_2' title="bbox 262 600 1629 694; baseline 0.007 -27"><span class='ocrx_word' id='word_1_6' title='bbox 262 602 373 668; x_wconf 89' lang='lat' dir='ltr'>eidem</span> <span class='ocrx_word' id='word_1_7' title='bbox 384 602 540 688; x_wconf 86' lang='lat' dir='ltr'>Philippo</span> <span class='ocrx_word' id='word_1_8' title='bbox 550 601 731 687; x_wconf 87' lang='lat' dir='ltr'>dignemini</span> <span class='ocrx_word' id='word_1_9' title='bbox 747 600 923 687; x_wconf 90' lang='lat' dir='ltr'>providere</span> <span class='ocrx_word' id='word_1_10' title='bbox 939 622 947 679; x_wconf 91' lang='lat'>;</span> <span class='ocrx_word' id='word_1_11' title='bbox 965 620 1033 667; x_wconf 94' lang='lat' dir='ltr'>non</span> <span class='ocrx_word' id='word_1_12' title='bbox 1049 604 1135 667; x_wconf 91' lang='lat' dir='ltr'>obst.</span> <span class='ocrx_word' id='word_1_13' title='bbox 1152 602 1243 686; x_wconf 92' lang='lat' dir='ltr'>quod</span> <span class='ocrx_word' id='word_1_14' title='bbox 1257 602 1349 669; x_wconf 90' lang='lat' dir='ltr'>idem</span> <span class='ocrx_word' id='word_1_15' title='bbox 1365 604 1540 694; x_wconf 91' lang='lat' dir='ltr'>Philippus</span> <span class='ocrx_word' id='word_1_16' title='bbox 1556 630 1629 676; x_wconf 90' lang='lat' dir='ltr'>can.</span> 
     </span>
     <span class='ocr_line' id='line_1_3' title="bbox 264 705 1630 792; baseline 0.007 -21"><span class='ocrx_word' id='word_1_17' title='bbox 264 714 299 771; x_wconf 90' lang='lat' dir='ltr'>et</span> <span class='ocrx_word' id='word_1_18' title='bbox 313 710 405 792; x_wconf 91' lang='lat' dir='ltr'>preb.</span> <span class='ocrx_word' id='word_1_19' title='bbox 422 707 563 771; x_wconf 86' lang='lat' dir='ltr'>ecclesie</span> <span class='ocrx_word' id='word_1_20' title='bbox 580 706 612 772; x_wconf 59' lang='lat' dir='ltr'>Sa</span> <span class='ocrx_word' id='word_1_21' title='bbox 637 706 727 772; x_wconf 92' lang='lat' dir='ltr'>Petri</span> <span class='ocrx_word' id='word_1_22' title='bbox 744 705 938 786; x_wconf 76' lang='lat' dir='ltr'>Insidensis,</span> <span class='ocrx_word' id='word_1_23' title='bbox 953 706 1044 771; x_wconf 91' lang='lat' dir='ltr'>dicte</span> <span class='ocrx_word' id='word_1_24' title='bbox 1060 705 1249 773; x_wconf 88' lang='lat' dir='ltr'>Tomacen.</span> <span class='ocrx_word' id='word_1_25' title='bbox 1265 708 1363 790; x_wconf 79' lang='lat' dir='ltr'>dioc,</span> <span class='ocrx_word' id='word_1_26' title='bbox 1379 711 1530 778; x_wconf 88' lang='lat' dir='ltr'>noscitur</span> <span class='ocrx_word' id='word_1_27' title='bbox 1545 716 1630 781; x_wconf 91' lang='lat' dir='ltr'>obti-</span> 
     </span>
     <span class='ocr_line' id='line_1_4' title="bbox 265 807 837 876; baseline -0.002 -1"><span class='ocrx_word' id='word_1_28' title='bbox 265 830 356 876; x_wconf 88' lang='lat' dir='ltr'>nere.</span> <span class='ocrx_word' id='word_1_29' title='bbox 371 849 415 859; x_wconf 96' lang='lat'>-</span> <span class='ocrx_word' id='word_1_30' title='bbox 432 807 508 875; x_wconf 91' lang='lat' dir='ltr'>Fiat</span> <span class='ocrx_word' id='word_1_31' title='bbox 522 807 562 875; x_wconf 90' lang='lat' dir='ltr'>R.</span> <span class='ocrx_word' id='word_1_32' title='bbox 836 812 837 817; x_wconf 76' lang='grc'>’</span> 
     </span>
     <span class='ocr_line' id='line_1_5' title="bbox 310 912 1631 1001; baseline 0.009 -24"><span class='ocrx_word' id='word_1_33' title='bbox 310 912 398 979; x_wconf 92' lang='lat' dir='ltr'>ltem</span> <span class='ocrx_word' id='word_1_34' title='bbox 428 932 523 998; x_wconf 89' lang='lat' dir='ltr'>supp.</span> <span class='ocrx_word' id='word_1_35' title='bbox 548 914 639 998; x_wconf 93' lang='lat' dir='ltr'>quod</span> <span class='ocrx_word' id='word_1_36' title='bbox 667 915 775 1000; x_wconf 86' lang='lat' dir='ltr'>possit</span> <span class='ocrx_word' id='word_1_37' title='bbox 806 913 928 999; x_wconf 84' lang='lat' dir='ltr'>eligere</span> <span class='ocrx_word' id='word_1_38' title='bbox 959 913 1194 996; x_wconf 71' lang='lat' dir='ltr'>confessorem,</span> <span class='ocrx_word' id='word_1_39' title='bbox 1225 917 1281 1001; x_wconf 90' lang='lat' dir='ltr'>qui</span> <span class='ocrx_word' id='word_1_40' title='bbox 1311 918 1415 983; x_wconf 86' lang='lat' dir='ltr'>semel</span> <span class='ocrx_word' id='word_1_41' title='bbox 1450 920 1484 985; x_wconf 94' lang='lat' dir='ltr'>in</span> <span class='ocrx_word' id='word_1_42' title='bbox 1513 923 1631 988; x_wconf 90' lang='lat' dir='ltr'>mortis</span> 
     </span>
     <span class='ocr_line' id='line_1_6' title="bbox 266 1015 1596 1103; baseline 0.006 -20"><span class='ocrx_word' id='word_1_43' title='bbox 266 1017 407 1083; x_wconf 91' lang='lat' dir='ltr'>articulo</span> <span class='ocrx_word' id='word_1_44' title='bbox 423 1036 500 1081; x_wconf 91' lang='lat' dir='ltr'>eum</span> <span class='ocrx_word' id='word_1_45' title='bbox 517 1037 537 1082; x_wconf 95' lang='lat' dir='ltr'>a</span> <span class='ocrx_word' id='word_1_46' title='bbox 551 1037 640 1102; x_wconf 88' lang='lat' dir='ltr'>pena</span> <span class='ocrx_word' id='word_1_47' title='bbox 657 1027 692 1084; x_wconf 92' lang='lat' dir='ltr'>et</span> <span class='ocrx_word' id='word_1_48' title='bbox 707 1019 807 1103; x_wconf 87' lang='lat' dir='ltr'>culpa</span> <span class='ocrx_word' id='word_1_49' title='bbox 823 1015 972 1103; x_wconf 88' lang='lat' dir='ltr'>plenarie</span> <span class='ocrx_word' id='word_1_50' title='bbox 987 1019 1151 1099; x_wconf 82' lang='lat' dir='ltr'>absolvat,</span> <span class='ocrx_word' id='word_1_51' title='bbox 1167 1027 1205 1084; x_wconf 93' lang='lat' dir='ltr'>ut</span> <span class='ocrx_word' id='word_1_52' title='bbox 1220 1019 1255 1083; x_wconf 93' lang='lat' dir='ltr'>in</span> <span class='ocrx_word' id='word_1_53' title='bbox 1270 1019 1387 1088; x_wconf 86' lang='lat' dir='ltr'>forma.</span> <span class='ocrx_word' id='word_1_54' title='bbox 1403 1062 1447 1072; x_wconf 93' lang='lat'><em>-</em></span> <span class='ocrx_word' id='word_1_55' title='bbox 1462 1022 1541 1089; x_wconf 89' lang='lat' dir='ltr'>Fiat</span> <span class='ocrx_word' id='word_1_56' title='bbox 1557 1023 1596 1091; x_wconf 92' lang='lat' dir='ltr'>R.</span> 
     </span>
     <span class='ocr_line' id='line_1_7' title="bbox 310 1119 1002 1206; baseline 0 -22"><span class='ocrx_word' id='word_1_57' title='bbox 310 1122 390 1185; x_wconf 89' lang='lat' dir='ltr'>Dat.</span> <span class='ocrx_word' id='word_1_58' title='bbox 408 1120 507 1185; x_wconf 80' lang='lat' dir='ltr'>Avin.</span> <span class='ocrx_word' id='word_1_59' title='bbox 524 1142 544 1205; x_wconf 83' lang='lat'>4</span> <span class='ocrx_word' id='word_1_60' title='bbox 568 1119 633 1187; x_wconf 89' lang='lat' dir='ltr'>kal.</span> <span class='ocrx_word' id='word_1_61' title='bbox 646 1122 718 1206; x_wconf 91' lang='lat' dir='ltr'>julii</span> <span class='ocrx_word' id='word_1_62' title='bbox 736 1128 770 1186; x_wconf 89' lang='lat' dir='ltr'>a⁰</span> <span class='ocrx_word' id='word_1_63' title='bbox 786 1123 828 1186; x_wconf 86' lang='lat'>8⁰.</span> <span class='ocrx_word' id='word_1_64' title='bbox 847 1121 916 1204; x_wconf 88' lang='lat'>(19,</span> <span class='ocrx_word' id='word_1_65' title='bbox 935 1121 1002 1204; x_wconf 87' lang='lat'><strong>54).</strong></span> 
     </span>
    </p>
   </div>
   <div class='ocr_carea' id='block_1_3' title="bbox 267 1257 1630 1981">
    <p class='ocr_par' dir='ltr' id='par_1_3' title="bbox 321 1257 1586 1364">
     <span class='ocr_line' id='line_1_8' title="bbox 321 1257 1586 1364; baseline 0.006 -24"><span class='ocrx_word' id='word_1_66' title='bbox 321 1257 462 1341; x_wconf 87' lang='grc'><strong>1750.</strong></span> <span class='ocrx_word' id='word_1_67' title='bbox 1334 1297 1354 1341; x_wconf 82' lang='grc' dir='ltr'><em>Ι</em></span> <span class='ocrx_word' id='word_1_68' title='bbox 1353 1298 1430 1364; x_wconf 76' lang='lat'>349,</span> <span class='ocrx_word' id='word_1_69' title='bbox 1446 1284 1490 1346; x_wconf 82' lang='lat'>28</span> <span class='ocrx_word' id='word_1_70' title='bbox 1498 1280 1586 1362; x_wconf 75' lang='lat' dir='ltr'>y&#39;rtr&#39;n.</span> 
     </span>
    </p>

    <p class='ocr_par' dir='ltr' id='par_1_4' title="bbox 267 1376 1630 1981">
     <span class='ocr_line' id='line_1_9' title="bbox 311 1376 1630 1467; baseline 0.002 -23"><span class='ocrx_word' id='word_1_71' title='bbox 311 1379 507 1467; x_wconf 86' lang='lat' dir='ltr'>Supplicant</span> <span class='ocrx_word' id='word_1_72' title='bbox 525 1378 741 1463; x_wconf 89' lang='lat' dir='ltr'>Marghareta</span> <span class='ocrx_word' id='word_1_73' title='bbox 757 1376 799 1442; x_wconf 91' lang='lat' dir='ltr'>de</span> <span class='ocrx_word' id='word_1_74' title='bbox 813 1377 846 1441; x_wconf 90' lang='lat' dir='ltr'>le</span> <span class='ocrx_word' id='word_1_75' title='bbox 862 1377 996 1458; x_wconf 88' lang='lat' dir='ltr'>Donne,</span> <span class='ocrx_word' id='word_1_76' title='bbox 1020 1377 1155 1442; x_wconf 89' lang='lat' dir='ltr'>humilis</span> <span class='ocrx_word' id='word_1_77' title='bbox 1169 1378 1325 1463; x_wconf 88' lang='lat' dir='ltr'>priorissa</span> <span class='ocrx_word' id='word_1_78' title='bbox 1339 1380 1418 1447; x_wconf 91' lang='lat' dir='ltr'>novi</span> <span class='ocrx_word' id='word_1_79' title='bbox 1434 1382 1630 1447; x_wconf 86' lang='lat' dir='ltr'>monasterii</span> 
     </span>
     <span class='ocr_line' id='line_1_10' title="bbox 268 1480 1629 1570; baseline 0.004 -24"><span class='ocrx_word' id='word_1_80' title='bbox 268 1481 306 1549; x_wconf 91' lang='lat' dir='ltr'>B.</span> <span class='ocrx_word' id='word_1_81' title='bbox 324 1482 374 1549; x_wconf 90' lang='lat' dir='ltr'>M.</span> <span class='ocrx_word' id='word_1_82' title='bbox 391 1484 582 1566; x_wconf 87' lang='lat' dir='ltr'>insulensis,</span> <span class='ocrx_word' id='word_1_83' title='bbox 598 1483 617 1561; x_wconf 90' lang='lat' dir='ltr'>J</span> <span class='ocrx_word' id='word_1_84' title='bbox 620 1484 747 1548; x_wconf 89' lang='lat' dir='ltr'>acobus</span> <span class='ocrx_word' id='word_1_85' title='bbox 761 1480 912 1561; x_wconf 88' lang='lat' dir='ltr'>Amaldi,</span> <span class='ocrx_word' id='word_1_86' title='bbox 930 1489 1065 1547; x_wconf 86' lang='lat' dir='ltr'>curatus</span> <span class='ocrx_word' id='word_1_87' title='bbox 1080 1481 1123 1547; x_wconf 89' lang='lat' dir='ltr'>de</span> <span class='ocrx_word' id='word_1_88' title='bbox 1134 1483 1166 1546; x_wconf 92' lang='lat' dir='ltr'>le</span> <span class='ocrx_word' id='word_1_89' title='bbox 1183 1480 1302 1564; x_wconf 86' lang='lat' dir='ltr'>Faves,</span> <span class='ocrx_word' id='word_1_90' title='bbox 1319 1484 1457 1570; x_wconf 89' lang='lat' dir='ltr'>Egidius</span> <span class='ocrx_word' id='word_1_91' title='bbox 1469 1484 1629 1567; x_wconf 90' lang='lat' dir='ltr'>Kavines,</span> 
     </span>
     <span class='ocr_line' id='line_1_11' title="bbox 268 1583 1630 1671; baseline 0.003 -20"><span class='ocrx_word' id='word_1_92' title='bbox 268 1589 449 1654; x_wconf 90' lang='lat' dir='ltr'>canonicus</span> <span class='ocrx_word' id='word_1_93' title='bbox 464 1590 495 1655; x_wconf 92' lang='lat' dir='ltr'>S.</span> <span class='ocrx_word' id='word_1_94' title='bbox 513 1588 599 1653; x_wconf 90' lang='lat' dir='ltr'>Piati</span> <span class='ocrx_word' id='word_1_95' title='bbox 624 1585 837 1666; x_wconf 87' lang='lat' dir='ltr'>Sicliniensis,</span> <span class='ocrx_word' id='word_1_96' title='bbox 863 1583 1064 1650; x_wconf 80' lang='lat' dir='ltr'>Waulrerius</span> <span class='ocrx_word' id='word_1_97' title='bbox 1091 1584 1244 1666; x_wconf 87' lang='lat' dir='ltr'>Clenkes,</span> <span class='ocrx_word' id='word_1_98' title='bbox 1269 1588 1352 1653; x_wconf 79' lang='lat' dir='ltr'>ciris</span> <span class='ocrx_word' id='word_1_99' title='bbox 1379 1588 1569 1671; x_wconf 90' lang='lat' dir='ltr'>Insulensis,</span> <span class='ocrx_word' id='word_1_100' title='bbox 1594 1597 1630 1655; x_wconf 91' lang='lat' dir='ltr'>et</span> 
     </span>
     <span class='ocr_line' id='line_1_12' title="bbox 268 1688 1628 1779; baseline 0.003 -25"><span class='ocrx_word' id='word_1_101' title='bbox 268 1688 432 1757; x_wconf 82' lang='lat' dir='ltr'>Katenna</span> <span class='ocrx_word' id='word_1_102' title='bbox 447 1694 518 1779; x_wconf 89' lang='lat' dir='ltr'>ejus</span> <span class='ocrx_word' id='word_1_103' title='bbox 532 1712 626 1773; x_wconf 85' lang='lat' dir='ltr'>uxor,</span> <span class='ocrx_word' id='word_1_104' title='bbox 632 1698 724 1776; x_wconf 89' lang='lat' dir='ltr'>quat.</span> <span class='ocrx_word' id='word_1_105' title='bbox 730 1689 778 1755; x_wconf 90' lang='lat' dir='ltr'>eis</span> <span class='ocrx_word' id='word_1_106' title='bbox 792 1709 882 1775; x_wconf 91' lang='lat' dir='ltr'>spec.</span> <span class='ocrx_word' id='word_1_107' title='bbox 894 1709 942 1773; x_wconf 85' lang='lat' dir='ltr'>gr.</span> <span class='ocrx_word' id='word_1_108' title='bbox 952 1688 1253 1774; x_wconf 88' lang='lat' dir='ltr'>facientes,...quod</span> <span class='ocrx_word' id='word_1_109' title='bbox 1268 1692 1397 1776; x_wconf 88' lang='lat' dir='ltr'>possint</span> <span class='ocrx_word' id='word_1_110' title='bbox 1412 1693 1534 1779; x_wconf 87' lang='lat' dir='ltr'>eligere</span> <span class='ocrx_word' id='word_1_111' title='bbox 1549 1715 1628 1760; x_wconf 93' lang='lat' dir='ltr'>con-</span> 
     </span>
     <span class='ocr_line' id='line_1_13' title="bbox 267 1793 1628 1883; baseline 0.004 -26"><span class='ocrx_word' id='word_1_112' title='bbox 267 1793 426 1861; x_wconf 82' lang='lat' dir='ltr'>fessorem</span> <span class='ocrx_word' id='word_1_113' title='bbox 442 1796 625 1882; x_wconf 85' lang='lat' dir='ltr'>ydoneum,</span> <span class='ocrx_word' id='word_1_114' title='bbox 642 1794 697 1880; x_wconf 92' lang='lat' dir='ltr'>qui</span> <span class='ocrx_word' id='word_1_115' title='bbox 714 1814 773 1858; x_wconf 92' lang='lat' dir='ltr'>eos</span> <span class='ocrx_word' id='word_1_116' title='bbox 788 1814 807 1857; x_wconf 91' lang='lat' dir='ltr'>a</span> <span class='ocrx_word' id='word_1_117' title='bbox 824 1813 912 1878; x_wconf 92' lang='lat' dir='ltr'>pena</span> <span class='ocrx_word' id='word_1_118' title='bbox 927 1801 963 1857; x_wconf 89' lang='lat' dir='ltr'>et</span> <span class='ocrx_word' id='word_1_119' title='bbox 978 1793 1077 1878; x_wconf 89' lang='lat' dir='ltr'>culpa</span> <span class='ocrx_word' id='word_1_120' title='bbox 1092 1794 1195 1858; x_wconf 91' lang='lat' dir='ltr'>semel</span> <span class='ocrx_word' id='word_1_121' title='bbox 1206 1861 1209 1866; x_wconf 72' lang='grc'><strong>,</strong></span> <span class='ocrx_word' id='word_1_122' title='bbox 1219 1794 1253 1858; x_wconf 91' lang='grc'>111</span> <span class='ocrx_word' id='word_1_123' title='bbox 1267 1796 1386 1862; x_wconf 91' lang='lat' dir='ltr'>mortis</span> <span class='ocrx_word' id='word_1_124' title='bbox 1401 1798 1543 1863; x_wconf 89' lang='lat' dir='ltr'>articulo</span> <span class='ocrx_word' id='word_1_125' title='bbox 1559 1798 1628 1883; x_wconf 90' lang='lat' dir='ltr'>ple-</span> 
     </span>
     <span class='ocr_line' id='line_1_14' title="bbox 268 1894 989 1981; baseline 0 -20"><span class='ocrx_word' id='word_1_126' title='bbox 268 1898 362 1962; x_wconf 85' lang='lat' dir='ltr'>narie</span> <span class='ocrx_word' id='word_1_127' title='bbox 377 1900 541 1981; x_wconf 88' lang='lat' dir='ltr'>absolvat,</span> <span class='ocrx_word' id='word_1_128' title='bbox 558 1908 596 1965; x_wconf 92' lang='lat' dir='ltr'>ut</span> <span class='ocrx_word' id='word_1_129' title='bbox 612 1898 646 1963; x_wconf 92' lang='lat' dir='ltr'>in</span> <span class='ocrx_word' id='word_1_130' title='bbox 662 1898 780 1963; x_wconf 81' lang='lat' dir='ltr'>forma.</span> <span class='ocrx_word' id='word_1_131' title='bbox 795 1935 839 1945; x_wconf 97' lang='lat'>-</span> <span class='ocrx_word' id='word_1_132' title='bbox 856 1894 932 1961; x_wconf 90' lang='lat' dir='ltr'>Fiat</span> <span class='ocrx_word' id='word_1_133' title='bbox 949 1895 989 1961; x_wconf 89' lang='lat' dir='ltr'>R.</span> 
     </span>
    </p>
   </div>
   <div class='ocr_carea' id='block_1_4' title="bbox 310 1998 1003 2088">
    <p class='ocr_par' dir='ltr' id='par_1_5' title="bbox 310 1998 1003 2088">
     <span class='ocr_line' id='line_1_15' title="bbox 310 1998 1003 2088; baseline -0.001 -22"><span class='ocrx_word' id='word_1_134' title='bbox 310 2002 390 2068; x_wconf 92' lang='lat' dir='ltr'>Dat.</span> <span class='ocrx_word' id='word_1_135' title='bbox 404 2003 505 2069; x_wconf 86' lang='lat' dir='ltr'>Avin.</span> <span class='ocrx_word' id='word_1_136' title='bbox 522 2026 542 2088; x_wconf 86' lang='lat'>4</span> <span class='ocrx_word' id='word_1_137' title='bbox 558 2000 625 2068; x_wconf 90' lang='lat' dir='ltr'>kal.</span> <span class='ocrx_word' id='word_1_138' title='bbox 634 2000 705 2087; x_wconf 87' lang='lat' dir='ltr'>julii</span> <span class='ocrx_word' id='word_1_139' title='bbox 722 2008 755 2065; x_wconf 90' lang='lat' dir='ltr'>a⁰</span> <span class='ocrx_word' id='word_1_140' title='bbox 771 2002 813 2065; x_wconf 88' lang='lat'>8⁰.</span> <span class='ocrx_word' id='word_1_141' title='bbox 832 1998 904 2085; x_wconf 88' lang='grc'><strong>(19,</strong></span> <span class='ocrx_word' id='word_1_142' title='bbox 920 2000 1003 2083; x_wconf 70' lang='lat'><strong>54&#39;).</strong></span> 
     </span>
    </p>
   </div>
   <div class='ocr_carea' id='block_1_5' title="bbox 264 2138 1627 2552">
    <p class='ocr_par' dir='ltr' id='par_1_6' title="bbox 318 2138 1584 2237">
     <span class='ocr_line' id='line_1_16' title="bbox 318 2138 1584 2237; baseline 0.002 -19"><span class='ocrx_word' id='word_1_143' title='bbox 318 2138 453 2222; x_wconf 86' lang='lat'>1751.</span> <span class='ocrx_word' id='word_1_144' title='bbox 1327 2172 1427 2237; x_wconf 64' lang='lat'>1349,</span> <span class='ocrx_word' id='word_1_145' title='bbox 1441 2175 1486 2237; x_wconf 79' lang='lat'>30</span> <span class='ocrx_word' id='word_1_146' title='bbox 1496 2152 1584 2236; x_wconf 86' lang='lat' dir='ltr'>juin.</span> 
     </span>
    </p>

    <p class='ocr_par' dir='ltr' id='par_1_7' title="bbox 264 2256 1627 2552">
     <span class='ocr_line' id='line_1_17' title="bbox 308 2256 1627 2344; baseline 0.002 -23"><span class='ocrx_word' id='word_1_147' title='bbox 308 2257 410 2343; x_wconf 90' lang='lat' dir='ltr'>Supp.</span> <span class='ocrx_word' id='word_1_148' title='bbox 427 2256 589 2341; x_wconf 88' lang='lat' dir='ltr'>P(etrus),</span> <span class='ocrx_word' id='word_1_149' title='bbox 606 2258 709 2343; x_wconf 89' lang='lat' dir='ltr'>episc.</span> <span class='ocrx_word' id='word_1_150' title='bbox 726 2256 924 2337; x_wconf 87' lang='lat' dir='ltr'>Penestrin.,</span> <span class='ocrx_word' id='word_1_151' title='bbox 941 2264 1032 2340; x_wconf 86' lang='lat' dir='ltr'>quat.</span> <span class='ocrx_word' id='word_1_152' title='bbox 1045 2257 1221 2341; x_wconf 88' lang='lat' dir='ltr'>capellano</span> <span class='ocrx_word' id='word_1_153' title='bbox 1236 2277 1297 2322; x_wconf 92' lang='lat' dir='ltr'>suo</span> <span class='ocrx_word' id='word_1_154' title='bbox 1306 2265 1341 2322; x_wconf 91' lang='lat' dir='ltr'>et</span> <span class='ocrx_word' id='word_1_155' title='bbox 1356 2258 1496 2343; x_wconf 87' lang='lat' dir='ltr'>phisico,</span> <span class='ocrx_word' id='word_1_156' title='bbox 1508 2259 1627 2344; x_wconf 84' lang='lat' dir='ltr'>magis·</span> 
     </span>
     <span class='ocr_line' id='line_1_18' title="bbox 264 2360 1627 2446; baseline 0.001 -21"><span class='ocrx_word' id='word_1_157' title='bbox 264 2369 317 2426; x_wconf 93' lang='lat' dir='ltr'>tro</span> <span class='ocrx_word' id='word_1_158' title='bbox 333 2361 494 2428; x_wconf 88' lang='lat' dir='ltr'>Durando</span> <span class='ocrx_word' id='word_1_159' title='bbox 508 2360 691 2445; x_wconf 83' lang='lat' dir='ltr'>Aymerici,</span> <span class='ocrx_word' id='word_1_160' title='bbox 714 2360 899 2446; x_wconf 90' lang='lat' dir='ltr'>presbitero</span> <span class='ocrx_word' id='word_1_161' title='bbox 914 2360 1047 2425; x_wconf 86' lang='lat' dir='ltr'>Albien.</span> <span class='ocrx_word' id='word_1_162' title='bbox 1064 2360 1162 2441; x_wconf 78' lang='lat' dir='ltr'>dioc,</span> <span class='ocrx_word' id='word_1_163' title='bbox 1184 2360 1361 2446; x_wconf 85' lang='lat' dir='ltr'>providere</span> <span class='ocrx_word' id='word_1_164' title='bbox 1387 2360 1569 2446; x_wconf 88' lang='lat' dir='ltr'>dignemini</span> <span class='ocrx_word' id='word_1_165' title='bbox 1584 2363 1627 2429; x_wconf 89' lang='lat' dir='ltr'>de</span> 
     </span>
     <span class='ocr_line' id='line_1_19' title="bbox 264 2463 1627 2552; baseline 0.001 -21"><span class='ocrx_word' id='word_1_166' title='bbox 264 2486 339 2531; x_wconf 91' lang='lat' dir='ltr'>can.</span> <span class='ocrx_word' id='word_1_167' title='bbox 356 2475 390 2531; x_wconf 90' lang='lat' dir='ltr'>et</span> <span class='ocrx_word' id='word_1_168' title='bbox 413 2468 505 2551; x_wconf 90' lang='lat' dir='ltr'>preb.</span> <span class='ocrx_word' id='word_1_169' title='bbox 522 2465 664 2531; x_wconf 87' lang='lat' dir='ltr'>ecclesie</span> <span class='ocrx_word' id='word_1_170' title='bbox 680 2464 711 2531; x_wconf 94' lang='lat' dir='ltr'>S.</span> <span class='ocrx_word' id='word_1_171' title='bbox 728 2464 911 2531; x_wconf 88' lang='lat' dir='ltr'>Audomari</span> <span class='ocrx_word' id='word_1_172' title='bbox 927 2463 970 2529; x_wconf 90' lang='lat' dir='ltr'>de</span> <span class='ocrx_word' id='word_1_173' title='bbox 997 2464 1029 2529; x_wconf 92' lang='lat' dir='ltr'>S.</span> <span class='ocrx_word' id='word_1_174' title='bbox 1045 2464 1250 2545; x_wconf 85' lang='lat' dir='ltr'>Andomaro,</span> <span class='ocrx_word' id='word_1_175' title='bbox 1268 2464 1437 2531; x_wconf 89' lang='lat' dir='ltr'>Morinen.</span> <span class='ocrx_word' id='word_1_176' title='bbox 1452 2466 1550 2547; x_wconf 79' lang='lat' dir='ltr'>dioc,</span> <span class='ocrx_word' id='word_1_177' title='bbox 1566 2487 1627 2552; x_wconf 93' lang='lat' dir='ltr'>pro</span> 
     </span>
    </p>
   </div>
   <div class='ocr_carea' id='block_1_6' title="bbox 263 2567 1627 3384">
    <p class='ocr_par' dir='ltr' id='par_1_8' title="bbox 263 2567 1627 3384">
     <span class='ocr_line' id='line_1_20' title="bbox 264 2567 1626 2655; baseline 0.001 -21"><span class='ocrx_word' id='word_1_178' title='bbox 264 2590 305 2635; x_wconf 90' lang='grc' dir='ltr'>6ο</span> <span class='ocrx_word' id='word_1_179' title='bbox 329 2590 403 2636; x_wconf 87' lang='lat' dir='ltr'>vac.</span> <span class='ocrx_word' id='word_1_180' title='bbox 429 2590 488 2635; x_wconf 90' lang='lat' dir='ltr'>seu</span> <span class='ocrx_word' id='word_1_181' title='bbox 515 2569 547 2633; x_wconf 92' lang='lat' dir='ltr'>in</span> <span class='ocrx_word' id='word_1_182' title='bbox 584 2568 739 2655; x_wconf 89' lang='lat' dir='ltr'>proximo</span> <span class='ocrx_word' id='word_1_183' title='bbox 762 2568 941 2649; x_wconf 86' lang='lat' dir='ltr'>vacaturis,</span> <span class='ocrx_word' id='word_1_184' title='bbox 968 2568 1059 2652; x_wconf 93' lang='lat' dir='ltr'>quod</span> <span class='ocrx_word' id='word_1_185' title='bbox 1086 2567 1285 2634; x_wconf 87' lang='lat' dir='ltr'>Guillelmus</span> <span class='ocrx_word' id='word_1_186' title='bbox 1307 2569 1351 2634; x_wconf 89' lang='lat' dir='ltr'>de</span> <span class='ocrx_word' id='word_1_187' title='bbox 1377 2568 1589 2635; x_wconf 88' lang='lat' dir='ltr'>Cominhano</span> <span class='ocrx_word' id='word_1_188' title='bbox 1604 2584 1626 2651; x_wconf 88' lang='lat'>¹,</span> 
     </span>
     <span class='ocr_line' id='line_1_21' title="bbox 264 2672 1626 2759; baseline 0.001 -22"><span class='ocrx_word' id='word_1_189' title='bbox 264 2674 406 2739; x_wconf 88' lang='lat' dir='ltr'>ecclesie</span> <span class='ocrx_word' id='word_1_190' title='bbox 428 2673 558 2759; x_wconf 74' lang='lat' dir='ltr'>prefate</span> <span class='ocrx_word' id='word_1_191' title='bbox 573 2673 763 2753; x_wconf 89' lang='lat' dir='ltr'>canonicus,</span> <span class='ocrx_word' id='word_1_192' title='bbox 790 2672 833 2739; x_wconf 95' lang='lat' dir='ltr'>ad</span> <span class='ocrx_word' id='word_1_193' title='bbox 848 2680 930 2738; x_wconf 89' lang='lat' dir='ltr'>vota</span> <span class='ocrx_word' id='word_1_194' title='bbox 956 2673 1104 2757; x_wconf 89' lang='lat' dir='ltr'>laycalia</span> <span class='ocrx_word' id='word_1_195' title='bbox 1118 2693 1178 2757; x_wconf 91' lang='lat' dir='ltr'>per</span> <span class='ocrx_word' id='word_1_196' title='bbox 1193 2680 1405 2739; x_wconf 87' lang='lat' dir='ltr'>contractum</span> <span class='ocrx_word' id='word_1_197' title='bbox 1421 2674 1626 2739; x_wconf 85' lang='lat' dir='ltr'>matrimonii</span> 
     </span>
     <span class='ocr_line' id='line_1_22' title="bbox 263 2775 1626 2857; baseline 0.001 -14"><span class='ocrx_word' id='word_1_198' title='bbox 263 2797 299 2843; x_wconf 92' lang='lat' dir='ltr'>se</span> <span class='ocrx_word' id='word_1_199' title='bbox 326 2776 448 2844; x_wconf 88' lang='lat' dir='ltr'>dicitnr</span> <span class='ocrx_word' id='word_1_200' title='bbox 473 2775 682 2843; x_wconf 89' lang='lat' dir='ltr'>transtulisse</span> <span class='ocrx_word' id='word_1_201' title='bbox 708 2777 762 2842; x_wconf 91' lang='lat' dir='ltr'>vel</span> <span class='ocrx_word' id='word_1_202' title='bbox 789 2776 1030 2842; x_wconf 89' lang='lat' dir='ltr'>translaturum</span> <span class='ocrx_word' id='word_1_203' title='bbox 1054 2776 1088 2840; x_wconf 93' lang='grc'>111</span> <span class='ocrx_word' id='word_1_204' title='bbox 1113 2776 1217 2857; x_wconf 89' lang='lat' dir='ltr'>brevi,</span> <span class='ocrx_word' id='word_1_205' title='bbox 1250 2775 1380 2843; x_wconf 83' lang='lat' dir='ltr'>etiamsi</span> <span class='ocrx_word' id='word_1_206' title='bbox 1404 2785 1530 2844; x_wconf 89' lang='lat' dir='ltr'>vacent</span> <span class='ocrx_word' id='word_1_207' title='bbox 1558 2777 1626 2844; x_wconf 89' lang='lat' dir='ltr'>alio</span> 
     </span>
     <span class='ocr_line' id='line_1_23' title="bbox 264 2878 1626 2966; baseline 0 -20"><span class='ocrx_word' id='word_1_208' title='bbox 264 2882 497 2966; x_wconf 88' lang='lat' dir='ltr'>quovismodo</span> <span class='ocrx_word' id='word_1_209' title='bbox 510 2903 519 2960; x_wconf 89' lang='lat'>;</span> <span class='ocrx_word' id='word_1_210' title='bbox 536 2901 606 2947; x_wconf 91' lang='lat' dir='ltr'>non</span> <span class='ocrx_word' id='word_1_211' title='bbox 622 2883 779 2947; x_wconf 89' lang='lat' dir='ltr'>obstante</span> <span class='ocrx_word' id='word_1_212' title='bbox 792 2880 882 2965; x_wconf 91' lang='lat' dir='ltr'>quod</span> <span class='ocrx_word' id='word_1_213' title='bbox 898 2881 933 2944; x_wconf 93' lang='lat' dir='ltr'>in</span> <span class='ocrx_word' id='word_1_214' title='bbox 945 2881 1088 2945; x_wconf 86' lang='lat' dir='ltr'>ecclesia</span> <span class='ocrx_word' id='word_1_215' title='bbox 1103 2878 1286 2965; x_wconf 90' lang='lat' dir='ltr'>Legionen.</span> <span class='ocrx_word' id='word_1_216' title='bbox 1302 2901 1377 2946; x_wconf 89' lang='lat' dir='ltr'>can.</span> <span class='ocrx_word' id='word_1_217' title='bbox 1393 2889 1428 2945; x_wconf 89' lang='lat' dir='ltr'>et</span> <span class='ocrx_word' id='word_1_218' title='bbox 1442 2883 1537 2966; x_wconf 88' lang='lat' dir='ltr'>preb.</span> <span class='ocrx_word' id='word_1_219' title='bbox 1549 2901 1626 2946; x_wconf 90' lang='lat' dir='ltr'>cum</span> 
     </span>
     <span class='ocr_line' id='line_1_24' title="bbox 264 2983 1625 3070; baseline 0.001 -22"><span class='ocrx_word' id='word_1_220' title='bbox 264 2983 499 3070; x_wconf 78' lang='lat' dir='ltr'>prestimoniiS,</span> <span class='ocrx_word' id='word_1_221' title='bbox 527 2993 561 3048; x_wconf 91' lang='lat' dir='ltr'>et</span> <span class='ocrx_word' id='word_1_222' title='bbox 585 2984 738 3070; x_wconf 89' lang='lat' dir='ltr'>parroch.</span> <span class='ocrx_word' id='word_1_223' title='bbox 766 2985 946 3049; x_wconf 90' lang='lat' dir='ltr'>ecclesiam</span> <span class='ocrx_word' id='word_1_224' title='bbox 970 2983 1002 3047; x_wconf 93' lang='lat' dir='ltr'>S.</span> <span class='ocrx_word' id='word_1_225' title='bbox 1020 2983 1110 3048; x_wconf 88' lang='lat' dir='ltr'>Petri</span> <span class='ocrx_word' id='word_1_226' title='bbox 1136 2983 1179 3048; x_wconf 88' lang='lat' dir='ltr'>de</span> <span class='ocrx_word' id='word_1_227' title='bbox 1205 2983 1328 3063; x_wconf 85' lang='lat' dir='ltr'>Anicis,</span> <span class='ocrx_word' id='word_1_228' title='bbox 1354 2983 1504 3050; x_wconf 87' lang='lat' dir='ltr'>Castren.</span> <span class='ocrx_word' id='word_1_229' title='bbox 1528 2983 1625 3066; x_wconf 74' lang='lat' dir='ltr'>dioc,</span> 
     </span>
     <span class='ocr_line' id='line_1_25' title="bbox 264 3088 1627 3173; baseline 0.001 -20"><span class='ocrx_word' id='word_1_230' title='bbox 264 3109 399 3154; x_wconf 88' lang='lat' dir='ltr'>necnon</span> <span class='ocrx_word' id='word_1_231' title='bbox 424 3097 459 3154; x_wconf 93' lang='lat' dir='ltr'>et</span> <span class='ocrx_word' id='word_1_232' title='bbox 485 3108 560 3154; x_wconf 89' lang='lat' dir='ltr'>can.</span> <span class='ocrx_word' id='word_1_233' title='bbox 586 3089 726 3155; x_wconf 87' lang='lat' dir='ltr'>ecclesie</span> <span class='ocrx_word' id='word_1_234' title='bbox 751 3088 883 3154; x_wconf 76' lang='grc'><strong>11111611.</strong></span> <span class='ocrx_word' id='word_1_235' title='bbox 911 3091 973 3154; x_wconf 89' lang='lat' dir='ltr'>sub</span> <span class='ocrx_word' id='word_1_236' title='bbox 1000 3108 1076 3173; x_wconf 84' lang='lat' dir='ltr'>exp.</span> <span class='ocrx_word' id='word_1_237' title='bbox 1100 3091 1192 3173; x_wconf 90' lang='lat' dir='ltr'>preb.</span> <span class='ocrx_word' id='word_1_238' title='bbox 1215 3089 1366 3154; x_wconf 88' lang='lat' dir='ltr'>noscitur</span> <span class='ocrx_word' id='word_1_239' title='bbox 1395 3089 1557 3156; x_wconf 87' lang='lat' dir='ltr'>obtinere.</span> <span class='ocrx_word' id='word_1_240' title='bbox 1583 3128 1627 3138; x_wconf 96' lang='lat'>-</span> 
     </span>
     <span class='ocr_line' id='line_1_26' title="bbox 267 3191 407 3258; baseline 0.014 -2"><span class='ocrx_word' id='word_1_241' title='bbox 267 3191 345 3258; x_wconf 91' lang='lat' dir='ltr'>Fiat</span> <span class='ocrx_word' id='word_1_242' title='bbox 366 3193 407 3258; x_wconf 93' lang='lat' dir='ltr'>R.</span> 
     </span>
     <span class='ocr_line' id='line_1_27' title="bbox 309 3296 992 3384; baseline -0.001 -23"><span class='ocrx_word' id='word_1_243' title='bbox 309 3296 389 3362; x_wconf 90' lang='lat' dir='ltr'>Dat.</span> <span class='ocrx_word' id='word_1_244' title='bbox 405 3297 502 3362; x_wconf 86' lang='lat' dir='ltr'>Avin.</span> <span class='ocrx_word' id='word_1_245' title='bbox 520 3317 538 3362; x_wconf 92' lang='lat'>2</span> <span class='ocrx_word' id='word_1_246' title='bbox 556 3297 621 3362; x_wconf 90' lang='lat' dir='ltr'>kal.</span> <span class='ocrx_word' id='word_1_247' title='bbox 634 3297 758 3384; x_wconf 32' lang='lat' dir='ltr'>julii-a⁰</span> <span class='ocrx_word' id='word_1_248' title='bbox 775 3299 817 3363; x_wconf 85' lang='lat'>8⁰.</span> <span class='ocrx_word' id='word_1_249' title='bbox 835 3298 904 3382; x_wconf 87' lang='grc'><strong>(19,</strong></span> <span class='ocrx_word' id='word_1_250' title='bbox 924 3296 992 3380; x_wconf 87' lang='lat'><strong>66).</strong></span> 
     </span>
    </p>
   </div>
   <div class='ocr_carea' id='block_1_7' title="bbox 319 3433 1582 3531">
    <p class='ocr_par' dir='ltr' id='par_1_9' title="bbox 319 3433 1582 3531">
     <span class='ocr_line' id='line_1_28' title="bbox 319 3433 1582 3531; baseline -0.001 -19"><span class='ocrx_word' id='word_1_251' title='bbox 319 3433 622 3516; x_wconf 80' lang='lat'>1752-1754.</span> <span class='ocrx_word' id='word_1_252' title='bbox 1329 3467 1426 3531; x_wconf 75' lang='lat'>1349,</span> <span class='ocrx_word' id='word_1_253' title='bbox 1440 3468 1485 3531; x_wconf 77' lang='lat'>30</span> <span class='ocrx_word' id='word_1_254' title='bbox 1494 3445 1582 3528; x_wconf 81' lang='lat' dir='ltr'><em>juin.</em></span> 
     </span>
    </p>
   </div>
   <div class='ocr_carea' id='block_1_8' title="bbox 263 3550 1626 4656">
    <p class='ocr_par' dir='ltr' id='par_1_10' title="bbox 266 3550 1626 3742">
     <span class='ocr_line' id='line_1_29' title="bbox 308 3550 1626 3638; baseline 0 -22"><span class='ocrx_word' id='word_1_255' title='bbox 308 3551 577 3638; x_wconf 88' lang='lat' dir='ltr'>Supplicationes</span> <span class='ocrx_word' id='word_1_256' title='bbox 592 3554 820 3619; x_wconf 90' lang='lat' dir='ltr'>desolatorum</span> <span class='ocrx_word' id='word_1_257' title='bbox 836 3553 1162 3636; x_wconf 88' lang='lat' dir='ltr'>consanguineomm</span> <span class='ocrx_word' id='word_1_258' title='bbox 1178 3554 1266 3616; x_wconf 88' lang='lat' dir='ltr'>bone</span> <span class='ocrx_word' id='word_1_259' title='bbox 1282 3571 1384 3618; x_wconf 91' lang='lat' dir='ltr'>mem.</span> <span class='ocrx_word' id='word_1_260' title='bbox 1400 3550 1420 3628; x_wconf 93' lang='lat' dir='ltr'>J</span> <span class='ocrx_word' id='word_1_261' title='bbox 1423 3550 1568 3617; x_wconf 92' lang='lat' dir='ltr'>ohannis</span> <span class='ocrx_word' id='word_1_262' title='bbox 1583 3550 1626 3616; x_wconf 89' lang='lat' dir='ltr'>de</span> 
     </span>
     <span class='ocr_line' id='line_1_30' title="bbox 266 3655 1222 3742; baseline 0.001 -23"><span class='ocrx_word' id='word_1_263' title='bbox 266 3655 468 3742; x_wconf 88' lang='lat' dir='ltr'>Colnmpna,</span> <span class='ocrx_word' id='word_1_264' title='bbox 484 3655 655 3740; x_wconf 87' lang='lat' dir='ltr'>quondam</span> <span class='ocrx_word' id='word_1_265' title='bbox 671 3655 702 3721; x_wconf 93' lang='lat' dir='ltr'>S.</span> <span class='ocrx_word' id='word_1_266' title='bbox 719 3657 839 3740; x_wconf 88' lang='lat' dir='ltr'>Angeli</span> <span class='ocrx_word' id='word_1_267' title='bbox 855 3656 988 3722; x_wconf 88' lang='lat' dir='ltr'>diaconi</span> <span class='ocrx_word' id='word_1_268' title='bbox 1006 3655 1222 3721; x_wconf 88' lang='lat' dir='ltr'>cardinalis...</span> 
     </span>
    </p>

    <p class='ocr_par' dir='ltr' id='par_1_11' title="bbox 263 3756 1625 4656">
     <span class='ocr_line' id='line_1_31' title="bbox 308 3756 1624 3847; baseline -0.001 -24"><span class='ocrx_word' id='word_1_269' title='bbox 308 3758 478 3846; x_wconf 87' lang='lat' dir='ltr'>inprimis</span> <span class='ocrx_word' id='word_1_270' title='bbox 501 3781 597 3847; x_wconf 94' lang='lat' dir='ltr'>supp.</span> <span class='ocrx_word' id='word_1_271' title='bbox 622 3759 822 3845; x_wconf 72' lang='lat' dir='ltr'>Stephanus</span> <span class='ocrx_word' id='word_1_272' title='bbox 848 3767 947 3824; x_wconf 90' lang='lat' dir='ltr'>natus</span> <span class='ocrx_word' id='word_1_273' title='bbox 971 3759 1142 3843; x_wconf 85' lang='lat' dir='ltr'>quondam</span> <span class='ocrx_word' id='word_1_274' title='bbox 1167 3758 1328 3844; x_wconf 86' lang='lat' dir='ltr'>Stephani</span> <span class='ocrx_word' id='word_1_275' title='bbox 1355 3758 1397 3824; x_wconf 93' lang='lat' dir='ltr'>de</span> <span class='ocrx_word' id='word_1_276' title='bbox 1425 3756 1624 3843; x_wconf 89' lang='lat' dir='ltr'>Columpna,</span> 
     </span>
     <span class='ocr_line' id='line_1_32' title="bbox 263 3860 1625 3948; baseline -0.001 -21"><span class='ocrx_word' id='word_1_277' title='bbox 263 3863 517 3945; x_wconf 85' lang='lat' dir='ltr'>militis,domini</span> <span class='ocrx_word' id='word_1_278' title='bbox 533 3863 633 3929; x_wconf 86' lang='lat' dir='ltr'>castri</span> <span class='ocrx_word' id='word_1_279' title='bbox 649 3863 691 3929; x_wconf 93' lang='lat' dir='ltr'>de</span> <span class='ocrx_word' id='word_1_280' title='bbox 707 3861 930 3943; x_wconf 89' lang='lat' dir='ltr'>Bellovidere,</span> <span class='ocrx_word' id='word_1_281' title='bbox 946 3884 1053 3948; x_wconf 91' lang='lat' dir='ltr'>nepos</span> <span class='ocrx_word' id='word_1_282' title='bbox 1079 3861 1257 3928; x_wconf 86' lang='lat' dir='ltr'>cardinalis</span> <span class='ocrx_word' id='word_1_283' title='bbox 1281 3860 1430 3946; x_wconf 90' lang='lat' dir='ltr'>ejusdem</span> <span class='ocrx_word' id='word_1_284' title='bbox 1458 3873 1504 3926; x_wconf 79' lang='lat' dir='ltr'>ac·</span> <span class='ocrx_word' id='word_1_285' title='bbox 1513 3869 1625 3926; x_wconf 87' lang='lat' dir='ltr'>vestre</span> 
     </span>
     <span class='ocr_line' id='line_1_33' title="bbox 263 3965 1624 4053; baseline -0.003 -21"><span class='ocrx_word' id='word_1_286' title='bbox 263 3967 482 4033; x_wconf 86' lang='lat' dir='ltr'>beatitudinis</span> <span class='ocrx_word' id='word_1_287' title='bbox 506 3967 699 4053; x_wconf 89' lang='lat' dir='ltr'>capellanus</span> <span class='ocrx_word' id='word_1_288' title='bbox 717 3983 780 4047; x_wconf 83' lang='lat'>²,...</span> <span class='ocrx_word' id='word_1_289' title='bbox 808 3975 899 4052; x_wconf 89' lang='lat' dir='ltr'>quat.</span> <span class='ocrx_word' id='word_1_290' title='bbox 925 3987 998 4032; x_wconf 94' lang='lat' dir='ltr'>can.</span> <span class='ocrx_word' id='word_1_291' title='bbox 1026 3974 1061 4031; x_wconf 89' lang='lat' dir='ltr'>et</span> <span class='ocrx_word' id='word_1_292' title='bbox 1087 3968 1180 4052; x_wconf 88' lang='lat' dir='ltr'>preb.</span> <span class='ocrx_word' id='word_1_293' title='bbox 1207 3985 1248 4030; x_wconf 88' lang='lat' dir='ltr'>ac</span> <span class='ocrx_word' id='word_1_294' title='bbox 1273 3965 1518 4051; x_wconf 83' lang='lat' dir='ltr'>preposituram</span> <span class='ocrx_word' id='word_1_295' title='bbox 1542 3965 1624 4029; x_wconf 90' lang='lat' dir='ltr'>eccl.</span> 
     </span>
     <span class='ocr_line' id='line_1_34' title="bbox 264 4069 1624 4154; baseline -0.002 -19"><span class='ocrx_word' id='word_1_296' title='bbox 264 4070 295 4136; x_wconf 88' lang='lat' dir='ltr'>S.</span> <span class='ocrx_word' id='word_1_297' title='bbox 311 4070 496 4137; x_wconf 92' lang='lat' dir='ltr'>Audomari</span> <span class='ocrx_word' id='word_1_298' title='bbox 512 4071 555 4136; x_wconf 90' lang='lat' dir='ltr'>de</span> <span class='ocrx_word' id='word_1_299' title='bbox 571 4071 603 4135; x_wconf 93' lang='lat' dir='ltr'>S.</span> <span class='ocrx_word' id='word_1_300' title='bbox 619 4070 823 4152; x_wconf 84' lang='lat' dir='ltr'>Andomaro,</span> <span class='ocrx_word' id='word_1_301' title='bbox 841 4069 1009 4136; x_wconf 87' lang='lat' dir='ltr'>Morinen.</span> <span class='ocrx_word' id='word_1_302' title='bbox 1032 4070 1131 4150; x_wconf 74' lang='lat' dir='ltr'>dioc,</span> <span class='ocrx_word' id='word_1_303' title='bbox 1148 4089 1224 4135; x_wconf 91' lang='lat' dir='ltr'>cum</span> <span class='ocrx_word' id='word_1_304' title='bbox 1240 4089 1300 4154; x_wconf 88' lang='lat' dir='ltr'>per</span> <span class='ocrx_word' id='word_1_305' title='bbox 1314 4088 1436 4134; x_wconf 90' lang='lat' dir='ltr'>munus</span> <span class='ocrx_word' id='word_1_306' title='bbox 1451 4087 1624 4134; x_wconf 83' lang='lat' dir='ltr'>consecra-</span> 
     </span>
     <span class='ocr_line' id='line_1_35' title="bbox 263 4171 1625 4261; baseline -0.005 -20"><span class='ocrx_word' id='word_1_307' title='bbox 263 4176 366 4241; x_wconf 90' lang='lat' dir='ltr'>tionis</span> <span class='ocrx_word' id='word_1_308' title='bbox 393 4175 604 4261; x_wconf 89' lang='lat' dir='ltr'>suscipiende</span> <span class='ocrx_word' id='word_1_309' title='bbox 641 4195 700 4261; x_wconf 90' lang='lat' dir='ltr'>per</span> <span class='ocrx_word' id='word_1_310' title='bbox 726 4174 817 4241; x_wconf 90' lang='lat' dir='ltr'>dom.</span> <span class='ocrx_word' id='word_1_311' title='bbox 845 4173 1036 4254; x_wconf 85' lang='lat' dir='ltr'>Nicolaum,</span> <span class='ocrx_word' id='word_1_312' title='bbox 1061 4175 1207 4238; x_wconf 89' lang='lat' dir='ltr'>electum</span> <span class='ocrx_word' id='word_1_313' title='bbox 1239 4171 1411 4256; x_wconf 89' lang='lat' dir='ltr'>Urgellen.</span> <span class='ocrx_word' id='word_1_314' title='bbox 1435 4181 1456 4252; x_wconf 85' lang='lat'>³,</span> <span class='ocrx_word' id='word_1_315' title='bbox 1481 4192 1539 4236; x_wconf 91' lang='lat' dir='ltr'>seu</span> <span class='ocrx_word' id='word_1_316' title='bbox 1564 4191 1625 4257; x_wconf 89' lang='lat' dir='ltr'>per</span> 
     </span>
     <span class='ocr_line' id='line_1_36' title="bbox 263 4276 1624 4366; baseline -0.001 -22"><span class='ocrx_word' id='word_1_317' title='bbox 263 4281 395 4366; x_wconf 89' lang='lat' dir='ltr'>lapsum</span> <span class='ocrx_word' id='word_1_318' title='bbox 411 4279 573 4365; x_wconf 91' lang='lat' dir='ltr'>temporis</span> <span class='ocrx_word' id='word_1_319' title='bbox 588 4279 630 4345; x_wconf 89' lang='lat' dir='ltr'>de</span> <span class='ocrx_word' id='word_1_320' title='bbox 647 4279 884 4346; x_wconf 90' lang='lat' dir='ltr'>consecrandis</span> <span class='ocrx_word' id='word_1_321' title='bbox 898 4280 1106 4365; x_wconf 88' lang='lat' dir='ltr'>episcopis...,</span> <span class='ocrx_word' id='word_1_322' title='bbox 1123 4279 1194 4343; x_wconf 85' lang='lat' dir='ltr'>sive</span> <span class='ocrx_word' id='word_1_323' title='bbox 1208 4297 1268 4364; x_wconf 90' lang='lat' dir='ltr'>per</span> <span class='ocrx_word' id='word_1_324' title='bbox 1282 4276 1542 4361; x_wconf 88' lang='lat' dir='ltr'>resignationem</span> <span class='ocrx_word' id='word_1_325' title='bbox 1565 4285 1624 4342; x_wconf 89' lang='lat' dir='ltr'>aut</span> 
     </span>
     <span class='ocr_line' id='line_1_37' title="bbox 264 4381 1623 4468; baseline -0.004 -19"><span class='ocrx_word' id='word_1_326' title='bbox 264 4384 449 4449; x_wconf 88' lang='lat' dir='ltr'>cessionem</span> <span class='ocrx_word' id='word_1_327' title='bbox 466 4403 586 4450; x_wconf 90' lang='lat' dir='ltr'>vacare</span> <span class='ocrx_word' id='word_1_328' title='bbox 602 4382 791 4468; x_wconf 89' lang='lat' dir='ltr'>contigerit,</span> <span class='ocrx_word' id='word_1_329' title='bbox 808 4382 916 4450; x_wconf 87' lang='lat' dir='ltr'>eidem</span> <span class='ocrx_word' id='word_1_330' title='bbox 933 4381 1333 4468; x_wconf 88' lang='lat' dir='ltr'>Stephano...dignemini</span> <span class='ocrx_word' id='word_1_331' title='bbox 1348 4399 1538 4460; x_wconf 80' lang='lat' dir='ltr'>reservare;</span> <span class='ocrx_word' id='word_1_332' title='bbox 1555 4400 1623 4445; x_wconf 91' lang='lat' dir='ltr'>non</span> 
     </span>
     <span class='ocr_line' id='line_1_38' title="bbox 264 4483 1623 4572; baseline -0.004 -20"><span class='ocrx_word' id='word_1_333' title='bbox 264 4489 351 4552; x_wconf 88' lang='lat' dir='ltr'>obst.</span> <span class='ocrx_word' id='word_1_334' title='bbox 368 4485 458 4571; x_wconf 91' lang='lat' dir='ltr'>quod</span> <span class='ocrx_word' id='word_1_335' title='bbox 474 4487 508 4552; x_wconf 92' lang='lat' dir='ltr'>in</span> <span class='ocrx_word' id='word_1_336' title='bbox 525 4485 686 4572; x_wconf 88' lang='lat' dir='ltr'>Brugensi</span> <span class='ocrx_word' id='word_1_337' title='bbox 699 4495 735 4551; x_wconf 90' lang='lat' dir='ltr'>et</span> <span class='ocrx_word' id='word_1_338' title='bbox 749 4487 783 4551; x_wconf 92' lang='lat' dir='ltr'>in</span> <span class='ocrx_word' id='word_1_339' title='bbox 801 4485 990 4553; x_wconf 90' lang='lat' dir='ltr'>Nicosiensi</span> <span class='ocrx_word' id='word_1_340' title='bbox 1007 4506 1082 4552; x_wconf 92' lang='lat' dir='ltr'>can.</span> <span class='ocrx_word' id='word_1_341' title='bbox 1098 4493 1132 4550; x_wconf 89' lang='lat' dir='ltr'>et</span> <span class='ocrx_word' id='word_1_342' title='bbox 1148 4487 1252 4570; x_wconf 78' lang='lat' dir='ltr'>preb,</span> <span class='ocrx_word' id='word_1_343' title='bbox 1265 4492 1300 4550; x_wconf 90' lang='lat' dir='ltr'>et</span> <span class='ocrx_word' id='word_1_344' title='bbox 1315 4483 1500 4550; x_wconf 88' lang='lat' dir='ltr'>Coronensi</span> <span class='ocrx_word' id='word_1_345' title='bbox 1517 4484 1623 4550; x_wconf 88' lang='lat' dir='ltr'>eccle·</span> 
     </span>
     <span class='ocr_line' id='line_1_39' title="bbox 264 4589 1092 4656; baseline 0 -1"><span class='ocrx_word' id='word_1_346' title='bbox 264 4590 319 4656; x_wconf 91' lang='lat' dir='ltr'>siis</span> <span class='ocrx_word' id='word_1_347' title='bbox 335 4591 539 4656; x_wconf 90' lang='lat' dir='ltr'>decanatum</span> <span class='ocrx_word' id='word_1_348' title='bbox 554 4591 703 4656; x_wconf 90' lang='lat' dir='ltr'>noscitur</span> <span class='ocrx_word' id='word_1_349' title='bbox 720 4590 882 4656; x_wconf 91' lang='lat' dir='ltr'>obtinere.</span> <span class='ocrx_word' id='word_1_350' title='bbox 899 4628 941 4640; x_wconf 94' lang='lat'><em>-</em></span> <span class='ocrx_word' id='word_1_351' title='bbox 958 4589 1036 4655; x_wconf 90' lang='lat' dir='ltr'>Fiat</span> <span class='ocrx_word' id='word_1_352' title='bbox 1053 4591 1092 4655; x_wconf 92' lang='lat' dir='ltr'>R.</span> 
     </span>
    </p>
   </div>
   <div class='ocr_carea' id='block_1_9' title="bbox 263 4819 1622 4958">
    <p class='ocr_par' dir='ltr' id='par_1_12' title="bbox 263 4819 1622 4958">
     <span class='ocr_line' id='line_1_40' title="bbox 297 4819 1622 4886; baseline -0.003 -13"><span class='ocrx_word' id='word_1_353' title='bbox 297 4827 318 4874; x_wconf 89' lang='grc'>1.</span> <span class='ocrx_word' id='word_1_354' title='bbox 336 4823 419 4875; x_wconf 84' lang='lat' dir='ltr'>Vidal.</span> <span class='ocrx_word' id='word_1_355' title='bbox 432 4837 457 4871; x_wconf 92' lang='grc'>11.</span> <span class='ocrx_word' id='word_1_356' title='bbox 471 4824 570 4871; x_wconf 72' lang='grc'><strong>1111-</strong></span> <span class='ocrx_word' id='word_1_357' title='bbox 589 4821 687 4870; x_wconf 76' lang='lat' dir='ltr'>avoir</span> <span class='ocrx_word' id='word_1_358' title='bbox 705 4835 730 4869; x_wconf 90' lang='lat' dir='ltr'>n.</span> <span class='ocrx_word' id='word_1_359' title='bbox 750 4822 819 4882; x_wconf 80' lang='lat'>1162,</span> <span class='ocrx_word' id='word_1_360' title='bbox 841 4822 910 4880; x_wconf 83' lang='grc'><strong>1163,</strong></span> <span class='ocrx_word' id='word_1_361' title='bbox 924 4823 1039 4870; x_wconf 73' lang='grc'><strong>1551-</strong></span> <span class='ocrx_word' id='word_1_362' title='bbox 1057 4823 1080 4872; x_wconf 84' lang='grc'>3.</span> <span class='ocrx_word' id='word_1_363' title='bbox 1099 4821 1203 4872; x_wconf 80' lang='lat' dir='ltr'>Nioolas</span> <span class='ocrx_word' id='word_1_364' title='bbox 1222 4821 1338 4885; x_wconf 80' lang='lat' dir='ltr'>Cepooci,</span> <span class='ocrx_word' id='word_1_365' title='bbox 1350 4819 1484 4886; x_wconf 68' lang='lat' dir='ltr'>prdrbtde</span> <span class='ocrx_word' id='word_1_366' title='bbox 1497 4820 1622 4882; x_wconf 70' lang='lat' dir='ltr'>flbOnrer,</span> 
     </span>
     <span class='ocr_line' id='line_1_41' title="bbox 263 4893 823 4958; baseline -0.002 -12"><span class='ocrx_word' id='word_1_367' title='bbox 263 4896 365 4946; x_wconf 72' lang='lat' dir='ltr'>nomnre</span> <span class='ocrx_word' id='word_1_368' title='bbox 376 4897 399 4946; x_wconf 89' lang='lat' dir='ltr'>le</span> <span class='ocrx_word' id='word_1_369' title='bbox 413 4899 443 4944; x_wconf 83' lang='lat'>13</span> <span class='ocrx_word' id='word_1_370' title='bbox 457 4894 515 4958; x_wconf 84' lang='lat' dir='ltr'>juin</span> <span class='ocrx_word' id='word_1_371' title='bbox 529 4895 591 4944; x_wconf 86' lang='grc'><strong>1318</strong></span> <span class='ocrx_word' id='word_1_372' title='bbox 604 4893 707 4956; x_wconf 84' lang='lat' dir='ltr'>(Eubel,</span> <span class='ocrx_word' id='word_1_373' title='bbox 722 4895 741 4954; x_wconf 88' lang='lat' dir='ltr'>l,</span> <span class='ocrx_word' id='word_1_374' title='bbox 754 4895 823 4956; x_wconf 78' lang='lat'>538).</span> 
     </span>
    </p>
   </div>
   <div class='ocr_carea' id='block_1_10' title="bbox 0 0 1832 5675">
    <p class='ocr_par' dir='ltr' id='par_1_13' title="bbox 0 0 1832 5675">
     <span class='ocr_line' id='line_1_42' title="bbox 0 0 1832 5675; baseline 0 0"><span class='ocrx_word' id='word_1_375' title='bbox 0 0 1832 5675; x_wconf 95' lang='lat' dir='ltr'> </span> 
     </span>
    </p>
   </div>
  </div>
 </body>
</html>
