3650 5675
277 486 338 550 536
804 485 893 563 1350,
916 484 1014 549 20-26
1035 488 1114 550 aollt.

330 638 476 721 2056.
1337 672 1432 736 1350,
1450 676 1492 719 20
1511 660 1598 721 oortl.

322 756 422 842 Supp.
443 756 589 839 H(ugo'),
606 754 732 819 electus
748 753 922 834 Biterren,
946 762 1039 838 quat.
1067 753 1106 820 E.
1134 754 1165 819 S.
1182 755 1336 838 dignetur
1358 756 1534 840 providere
1556 779 1642 843 mag.

279 860 464 944 Reginaldo
491 860 533 924 de
559 857 715 939 Neomio,
744 856 960 923 Lemovicen.
987 858 1085 937 dioc,
1106 859 1160 924 lic.
1184 859 1216 923 in
1240 861 1314 943 leg,
1340 859 1382 924 de
1409 880 1483 925 can.
1500 870 1536 925 et
1550 866 1643 947 preb.

277 963 306 1028 T
308 984 464 1028 ornacen.
490 983 565 1028 rac.
589 983 649 1048 per
671 962 930 1047 resignationem
953 961 1033 1026 dicti
1051 963 1149 1027 electi
1164 974 1170 997 ¹
1188 985 1196 1041 3
1214 984 1281 1027 non
1299 966 1384 1028 obst.
1401 964 1491 1046 quod
1505 966 1642 1051 paroch.

279 1069 360 1132 eccl.
377 1068 430 1131 SS.
449 1066 683 1132 Innocentium
697 1066 866 1146 Parisien,
883 1074 918 1130 et
934 1085 1008 1131 can.
1025 1074 1059 1130 et
1074 1070 1167 1151 preb.
1184 1067 1215 1130 S.
1232 1068 1436 1152 Austregisili
1460 1068 1503 1133 de
1526 1068 1642 1134 Gratia

279 1192 355 1236 cum
374 1172 514 1237 ecclesia
530 1171 590 1235 sibi
607 1190 747 1250 annexa,
764 1169 945 1235 Bituricen.
960 1170 1058 1251 dioc,
1075 1172 1205 1236 obtinet
1221 1175 1280 1236 sub
1297 1192 1372 1257 exp.
1395 1176 1486 1259 preb.
1510 1174 1542 1237 in
1559 1176 1642 1239 eccl.

279 1273 532 1340 Cenomamren.
556 1312 598 1319 —
623 1273 699 1340 Fiat
723 1273 762 1337 R.

322 1378 401 1443 Dat.
418 1379 517 1442 nnn.
539 1398 575 1461 13
591 1377 657 1443 kal.
674 1386 758 1463 sept.
777 1392 813 1442 a0
830 1392 875 1458 90.
893 1378 907 1459 t
910 1382 970 1457 20,
988 1381 1088 1463 118l).

329 1539 641 1622 2057-2058.
1336 1563 1595 1639 155o23a01u.

321 1658 422 1743 Supp.
436 1657 633 1723 Guillelmus
648 1657 690 1722 de
707 1656 828 1737 Bosc0,
845 1656 990 1736 scutifer,
1006 1656 1062 1740 qui
1072 1663 1084 1690 ¹¹
1101 1656 1133 1720 in
1149 1658 1273 1741 guerris
1297 1656 1395 1723 ltalie
1410 1680 1472 1745 pro
1489 1660 1644 1726 Romana

277 1761 417 1826 ecclesia
443 1763 567 1826 multos
594 1763 724 1826 labores
751 1761 918 1839 sustinuit,
945 1769 1037 1843 quat.
1067 1760 1334 1846 [consanguineo
1358 1784 1418 1829 suo
1444 1762 1575 1840 Jacobo
1598 1764 1642 1829 de

276 1864 498 1929 Abbatisvilla
510 1876 530 1945 ²,
547 1866 691 1930 diacono
706 1864 926 1949 Tomacen.],
942 1864 985 1929 de
999 1884 1093 1949 perp.
1109 1866 1271 1950 capellan.
1288 1865 1327 1931 B.
1344 1866 1394 1932 M.
1406 1868 1504 1952 juxta
1527 1869 1642 1933 aulam

276 1968 403 2051 regiam
439 1968 660 2048 insulensem,
690 1968 878 2033 Tornacen.
913 1967 1011 2048 dioc,
1050 1989 1124 2033 vac.
1155 1989 1214 2054 per
1245 1972 1298 2035 ob.
1319 1971 1427 2036 ultimi
1458 1972 1643 2036 obtinentis

276 2071 442 2137 eundemb
458 2081 493 2136 et
517 2080 618 2137 antea
644 2079 822 2151 reservata,
846 2071 1030 2155 dignemini
1054 2072 1229 2156 providere
1241 2098 1250 2153 ;
1275 2094 1343 2139 non
1367 2076 1453 2141 obst.
1468 2075 1642 2140 beneficiis

276 2196 340 2259 que
357 2178 487 2242 obtinet
503 2178 536 2241 in
557 2176 757 2243 cancellaria
772 2176 991 2257 declarandis,
1008 2184 1073 2242 etc.
1089 2218 1132 2226 —
1149 2176 1225 2242 Fiat
1241 2177 1281 2242 R.

319 2344 429 2404 2058.
447 2341 535 2408 Item
550 2352 643 2427 quat.
659 2342 678 2421 J
682 2342 805 2408 ohanni
822 2342 864 2407 de
881 2341 1002 2424 Bosc0,
1018 2343 1101 2407 alias
1116 2342 1158 2407 de
1174 2342 1276 2419 Sirau,
1290 2343 1412 2409 clerico
1424 2343 1641 2409 Cameracen.

236 2461 239 2468 '
274 2445 371 2526 dioc„
387 2448 429 2513 de
444 2451 520 2513 ben.
538 2468 566 2513 c.
584 2469 612 2513 c.
628 2448 684 2511 vel
700 2469 725 2512 s.
741 2467 781 2527 c.,
798 2452 974 2531 spectante
999 2446 1221 2518 communiter
1247 2447 1302 2511 rel
1327 2447 1459 2512 divisim
1481 2447 1523 2511 ad
1538 2448 1642 2511 colla-

274 2551 401 2615 tionem
427 2561 491 2617 etc.
519 2552 666 2638 episcopi
683 2560 718 2616 et
734 2550 872 2636 capituli
888 2570 930 2615 ac
945 2550 1148 2633 singulorum
1176 2550 1416 2615 canonicorum
1432 2558 1467 2615 et
1480 2570 1642 2636 persona-

274 2676 347 2719 rum
363 2657 502 2722 ecclesie
519 2638 735 2721 Cameracen.
752 2676 826 2720 vac.
842 2655 896 2719 vel
913 2661 1033 2733 vacat,
1050 2653 1231 2737 dignemini
1247 2653 1433 2739 providere,
1451 2674 1527 2719 cum
1550 2655 1642 2718 clau-

274 2760 352 2823 sulis
375 2760 557 2847 oportunis.
581 2802 624 2809 —
648 2760 724 2824 Fiat
747 2767 811 2824 etc.
837 2758 877 2823 R.
901 2799 945 2807 -
968 2758 1021 2821 De
1043 2757 1231 2823 Tornacen.
1257 2756 1298 2822 R.

319 2864 397 2929 Dat.
414 2866 512 2929 Arin.
535 2886 571 2930 ro
587 2865 654 2930 kal.
671 2871 755 2950 sept.
773 2879 809 2928 a0
827 2877 871 2944 9⁰.
889 2863 966 2946 (20,
988 2865 1063 2945 118)
1311 2847 1316 2856 ’

327 3025 477 3108 2059.
1337 3059 1355 3103 r
1355 3060 1376 3122 5
1376 3058 1432 3120 50,
1449 3061 1468 3102 2
1468 3059 1489 3122 3
1507 3045 1595 3104 oortt.

320 3144 420 3230 Supp.
439 3144 639 3228 Rostagnus,
662 3143 767 3223 miles,
784 3142 1000 3206 marescallus
1022 3142 1187 3207 exercitus
1201 3163 1263 3228 pro
1280 3142 1311 3208 S.
1329 3142 1368 3208 R.
1387 3143 1426 3209 E.
1441 3144 1475 3208 in
1492 3143 1642 3209 Romen-

276 3247 376 3326 diola,
401 3257 493 3331 quat.
525 3247 601 3332 [suo
628 3247 780 3312 familiari
807 3246 926 3332 Egidio
943 3245 1093 3325 Riclrart,
1110 3245 1248 3332 clerico]
1268 3245 1454 3312 Tornacen.
1470 3247 1568 3328 dioc,
1585 3249 1643 3332 qui

277 3351 337 3416 sibi
363 3351 561 3435 legalissime
586 3351 722 3416 servivit
738 3350 771 3414 in
788 3349 879 3415 dicto
907 3350 1065 3428 exercitu,
1092 3349 1213 3413 nullius
1237 3357 1353 3414 tamen
1378 3350 1645 3434 irnegularitatis

277 3463 396 3520 notam
412 3455 558 3535 incurrit,
581 3454 781 3521 beneficium
798 3452 880 3519 eccl.
896 3452 939 3518 ad
955 3453 1031 3518 coll.
1048 3453 1197 3538 episcopi
1213 3461 1249 3518 et
1264 3453 1401 3539 capituli
1426 3454 1643 3520 Cameracen.

278 3558 461 3643 dignemini
477 3579 653 3623 reservare.
666 3599 709 3607 —
725 3556 802 3622 Fiat
819 3555 860 3621 R.

322 3663 401 3728 Dat.
418 3664 518 3728 Arin.
539 3683 576 3728 ro
592 3661 658 3727 kal.
683 3670 767 3748 sept.
784 3669 817 3725 a⁰
842 3667 884 3742 9⁰.
902 3660 978 3744 (20,
1000 3660 1075 3743 120)

329 3827 480 3910 2060.
1025 3826 1028 3831 ’
1340 3856 1436 3919 1550,
1453 3838 1494 3900 26
1510 3844 1598 3902 aortt.

322 3945 423 4030 Supp.
435 3944 607 4023 Jolmnnes
617 3943 692 4030 Gay
708 3944 750 4009 de
763 3942 1129 4024 Malomonte,clericus
1139 3941 1355 4007 Lemovicen.
1365 3942 1463 4022 dioc,
1474 3942 1645 4008 familiaris

279 4046 317 4112 B.
335 4045 490 4128 Lorbelh,
515 4055 607 4133 quat.
632 4048 693 4113 sibi
720 4047 762 4112 de
777 4047 916 4134 paroch.
933 4047 1015 4112 eccl.
1031 4045 1070 4111 B.
1088 4045 1137 4110 M.
1153 4045 1196 4111 de
1210 4045 1358 4110 Tamisia
1372 4067 1432 4111 seu
1447 4048 1553 4111 altera
1567 4066 1647 4131 por-

278 4151 381 4232 tione,
398 4150 586 4218 Tornacen.
610 4152 707 4233 dioc,
731 4173 804 4217 vac.
821 4172 880 4237 per
896 4153 951 4216 ob.
967 4150 1076 4215 ultimi
1091 4149 1231 4215 rectoris
1245 4149 1429 4234 dignemini
1445 4149 1621 4235 providere
1636 4175 1644 4230 ;

278 4276 347 4321 000
364 4259 449 4321 obst.
475 4257 565 4340 quod
588 4255 630 4322 ad
647 4256 863 4322 collationem
879 4255 981 4342 episc.
998 4263 1032 4320 et
1049 4254 1185 4340 capituli
1202 4253 1338 4320 Uticen.
1359 4254 1509 4320 noscitur
1523 4273 1647 4338 expec-

276 4367 359 4426 tare.
374 4399 417 4409 -
433 4358 511 4425 Fiat
534 4359 578 4438 R.

324 4464 405 4530 Dat.
421 4464 520 4529 Arin.
539 4483 556 4547 7
573 4463 639 4530 kal.
656 4473 740 4550 sept.
756 4479 794 4528 a⁰
810 4476 875 4544 90.c
892 4465 969 4549 (20,
990 4464 1090 4548 159⁸).

313 4653 338 4716 n)
355 4652 412 4703 Cor.
430 4653 511 4710 Quod.
523 4681 555 4688 —
568 4653 597 4714 b)
614 4651 673 4702 eud.
684 4651 789 4702 Eadem.
801 4681 833 4690 -
844 4655 869 4713 c)
882 4652 919 4700 La
930 4649 1056 4714 premiere
1068 4651 1129 4700 (late
1140 4649 1205 4699 ctait
1217 4649 1253 4698 id.
1263 4649 1340 4698 0000.
1352 4650 1392 4698 Εο
1404 4663 1492 4711 merge
1504 4665 1510 4696 :
1525 4647 1645 4697 Corra-lu

282 4725 345 4776 dua
359 4728 385 4774 in
396 4728 459 4790 tuly.
467 4742 516 4790 por·
528 4726 630 4774 electum
648 4725 892 4788 (buaruupuutunum
905 4724 937 4772 de.
943 4729 1064 4790 precepto
1075 4722 1171 4773 dunrini
1184 4725 1261 4774 nosue·
1274 4727 1297 4774 et
1309 4723 1351 4772 luc
1359 4739 1408 4788 per·
1419 4739 1457 4773 rue
1468 4722 1500 4772 P.
1516 4723 1650 4772 Germani»

317 4931 338 4978 1.
351 4928 413 4976 Voir
430 4942 455 4976 n.
473 4929 544 4976 2055.
556 4953 588 4962 -
601 4927 624 4976 2.
636 4925 698 4974 Voir
710 4940 735 4974 n.
748 4927 802 4984 735,
817 4927 887 4986 1419,
907 4928 977 4975 1577.
