3650 5675
623 548 711 622 1342,
734 546 768 611 31
792 545 897 609 uolt-8
920 546 1095 626 septembre.
1504 550 1546 615 39

179 698 214 763 in
237 699 357 765 eadem
380 698 540 785 Brugensi
565 700 733 784 quandam
756 698 963 763 scolastriam
987 698 1136 764 noscitur
1159 699 1321 765 obtinere.
1339 740 1381 749 —
1404 700 1482 766 Fiat
1504 701 1545 768 R.
1672 764 1675 768 .

226 803 304 867 Dat.
321 823 376 889 ap.
394 802 642 869 villamnovam
661 823 677 888 3
695 802 760 867 kal.
776 809 861 887 sept.
877 810 909 866 a⁰
930 809 969 867 1⁰.
986 801 1029 885 (I,
1052 804 1138 886 165).

235 949 346 1032 190.
1243 982 1337 1053 1312,
1351 982 1395 1045 31
1413 968 1500 1029 αοιῖί.

226 1067 328 1153 Supp.
344 1066 513 1131 Walterus
535 1065 578 1130 de
600 1064 751 1149 Tungris,
776 1062 921 1149 pellifex,
938 1062 1098 1129 Leodien.
1123 1065 1220 1145 dioc.,
1246 1063 1346 1130 officii
1372 1066 1544 1153 pelliparie

182 1172 213 1236 S.
230 1170 270 1235 V.
287 1180 322 1235 et
345 1170 435 1236 curie
459 1168 613 1235 Romane
640 1169 697 1234 diu
721 1169 871 1249 servitor,
898 1175 989 1253 quat.
1015 1170 1144 1254 [nepoti
1172 1188 1232 1234 suo
1250 1168 1459 1249 Hermanno,
1475 1170 1545 1236 filio

182 1274 354 1359 quondam
381 1273 551 1339 Wilhelnri
580 1273 686 1339 Gurre
712 1273 754 1338 de
781 1271 932 1356 TongriS,
950 1273 1027 1338 cler.
1049 1272 1208 1337 Leodien.
1235 1274 1346 1357 dioc.],
1363 1272 1404 1338 de
1421 1295 1493 1339 can.
1510 1283 1544 1339 et

183 1382 273 1465 preb.
291 1380 373 1445 eccl.
395 1380 426 1445 S.
443 1379 584 1445 Servatii
609 1377 840 1463 TrajectensiS,
865 1375 1015 1460 ejusdem
1039 1376 1136 1457 dioc.,
1160 1376 1341 1461 dignemini
1369 1369 1544 1463 providere

186 1486 272 1567 [vac.
289 1485 343 1548 vel
359 1487 483 1569 vacat]
498 1525 541 1533 —
558 1482 635 1548 Fiat
651 1483 692 1548 R.
1322 1497 1325 1502 ’

230 1586 310 1653 Dat.
325 1593 380 1673 ap'.
397 1588 647 1653 villamnovam
665 1607 682 1650 2
701 1586 767 1651 kal.
784 1593 867 1671 sept.
884 1590 917 1649 a⁰
936 1591 976 1650 1⁰.
993 1582 1036 1667 (Ι,
1057 1588 1158 1668 1671).

237 1731 339 1814 191.
506 1728 511 1737 ’
1144 1764 1238 1828 1342,
1255 1750 1298 1808 1⁰¹
1312 1744 1501 1830 septembre.

228 1852 329 1937 Supp.
346 1849 463 1930 Gasto,
480 1868 594 1914 comes
612 1848 783 1930 Forensis,
801 1856 890 1932 quat.
907 1847 1067 1932 [Johanni
1085 1846 1133 1912 Le
1150 1846 1260 1913 Maire
1284 1846 1326 1913 al.
1343 1849 1435 1914 dicto
1460 1846 1546 1913 Len-

185 1943 277 2042 gleis,
294 1956 371 2021 cler.
396 1954 596 2019 Ambianen.
623 1952 733 2039 dyoc.,
761 1953 872 2017 Iocum
897 1952 1042 2036 tenenti]
1065 1951 1260 2016 thesaurarii
1290 1972 1482 2037 guerrarum
1514 1950 1546 2014 in

187 2061 298 2143 lingua
328 2058 493 2123 Occitana
532 2059 592 2122 sub
622 2054 783 2141 regimine
813 2055 903 2121 dom.
935 2054 1036 2141 episc.
1067 2053 1258 2136 belvacen,
1289 2054 1331 2120 de
1362 2076 1435 2121 can.
1466 2055 1547 2120 eccl.

189 2162 388 2229 Ambianen.
405 2161 581 2248 providere
596 2159 778 2245 dignemini
792 2168 826 2224 et
838 2162 930 2245 preb.
943 2179 1121 2239 reservare,
1135 2159 1189 2222 vel
1200 2159 1273 2223 sim.
1285 2158 1427 2243 gratiam
1441 2159 1548 2224 facere

190 2269 223 2331 in
239 2268 320 2332 eccl.
337 2266 454 2350 colleg.
470 2266 513 2331 de
530 2264 653 2345 Insula,
677 2262 863 2329 Tornacen.
881 2262 980 2349 dyoc.
997 2261 1132 2327 —Fiat
1149 2260 1188 2327 R.

233 2370 312 2435 Dat.
329 2390 383 2455 ap.
400 2368 651 2437 Villannrovam
667 2367 734 2433 kal.
751 2375 835 2454 sept.
853 2376 884 2433 a⁰
905 2377 944 2433 1⁰.
961 2367 1005 2451 (I,
1026 2368 1113 2451 170).

245 2515 347 2598 192.
1171 2547 1265 2610 1342,
1283 2548 1302 2589 2
1318 2528 1507 2611 septembre.

233 2635 334 2719 Supp.
351 2632 538 2698 Galhardus
553 2630 595 2696 de
611 2629 738 2710 Gorsia,
756 2628 857 2694 famil.
874 2636 908 2693 et
924 2628 1128 2694 domesticus
1139 2628 1336 2695 domicellus
1350 2628 1440 2694 dom.
1451 2628 1551 2709 Petri,

190 2738 303 2823 episc·
318 2735 505 2801 Penestrini
530 2744 548 2815 ¹,
576 2734 609 2799 in
636 2735 786 2819 partibus
815 2731 957 2797 Francie
984 2740 1019 2797 et
1045 2733 1175 2817 Anglie,
1204 2740 1295 2817 quat.
1323 2733 1484 2822 [Johanni
1510 2732 1552 2797 de

191 2839 319 2922 Gorsia,
337 2840 405 2905 filio
422 2861 482 2906 suo
498 2839 670 2922 studentip,
687 2859 760 2904 can.
777 2838 859 2902 eccl.
875 2836 1077 2901 Ambianen.
1095 2840 1155 2902 sub
1172 2858 1248 2923 exp.
1265 2841 1357 2924 preb.
1370 2835 1552 2923 dignemini

191 2946 340 3011 conferre
355 2985 397 2995 —-
413 2945 468 3010 rel
484 2945 518 3008 in
542 2945 623 3008 eccl.
640 2944 671 3008 S.
688 2941 870 3007 Audonrari
899 2942 941 3007 de
968 2941 1000 3006 S.
1027 2939 1230 3021 Audomaro,
1260 2939 1427 3006 Morimen.
1453 2940 1552 3026 dyoc.

236 3049 322 3218 bibi
331 3048 384 3240 alp.
402 3151 650 3216 Villanrnovanr
667 3173 686 3234 4
704 3169 782 3215 non.
799 3158 883 3234 sept.
901 3156 934 3213 an
955 3156 992 3213 1⁰.
1011 3151 1025 3233 (
1029 3149 1054 3231 I,
1077 3152 1151 3235 172)

244 3300 350 3382 193.
1170 3328 1265 3390 1342,
1279 3327 1300 3390 3
1317 3309 1509 3393 septembre.

235 3417 334 3503 Supp.
351 3415 593 3501 G(uillelmus),
608 3412 769 3499 Aptensis
784 3412 906 3497 episcf,
924 3411 1013 3495 quat.
1030 3410 1192 3495 [Jobanni
1207 3410 1250 3475 de
1270 3409 1437 3491 Nexonio,
1448 3411 1553 3476 famil.

192 3519 322 3603 suo],de
336 3540 410 3586 can.
423 3526 458 3583 et
470 3520 562 3603 preb.
576 3517 606 3581 S.
620 3515 796 3600 Gangetici
810 3513 1038 3593 Cameracen,
1049 3535 1123 3579 vac.
1135 3514 1225 3598 apud
1240 3514 1354 3579 sedern
1370 3523 1477 3600 apost.
1493 3535 1553 3601 per

191 3623 451 3689 reservationem
476 3621 530 3685 fel.
555 3640 622 3685 rec.
645 3620 735 3685 donr.
762 3617 937 3683 Benedicti
962 3638 1049 3703 pape
1075 3616 1155 3696 XII,
1171 3639 1213 3682 ex
1227 3619 1336 3702 gratia
1358 3639 1418 3703 per
1443 3619 1551 3703 ipsum

193 3727 278 3792 lacta
294 3726 395 3792 Petro
412 3725 552 3791 Doliarii
569 3725 611 3790 de
622 3727 715 3810 preb.
727 3722 914 3802 Ebroiccn.,
925 3722 968 3786 de
980 3743 1045 3806 qua
1057 3729 1109 3788 est
1118 3722 1362 3808 possessionem
1373 3723 1550 3806 pacificam

192 3838 371 3910 assecutus,
381 3827 564 3912 dignemini
575 3827 759 3913 providere,
771 3845 839 3890 non
856 3827 942 3890 obst.
955 3825 1045 3910 quod
1056 3826 1205 3910 parrocb.
1219 3827 1300 3889 eccl.
1311 3823 1353 3889 de
1366 3823 1549 3906 ConneteS,

193 3931 358 4000 Morimen.
374 3934 472 4013 dioc.,
489 3931 640 3998 obtinere
656 3937 822 3996 noscatur.
838 3967 881 3977 —
898 3928 974 3994 Fiat
991 3929 1030 3994 R.

236 4037 313 4104 Dat.
330 4059 384 4123 ap.
402 4037 651 4102 Villamnovam
669 4055 686 4118 3
703 4055 781 4100 non.
797 4042 881 4120 sept.
899 4043 933 4097 a⁰
953 4043 992 4098 1⁰.
1010 4038 1021 4107 (
1027 4031 1053 4112 I,
1076 4034 1150 4115 174)

245 4177 352 4260 194.
1169 4203 1263 4267 1542,
1281 4185 1302 4245 S
1317 4183 1505 4269 septembre.

236 4295 336 4382 Supp.
362 4293 545 4384 Gobelinps
571 4287 613 4356 de
641 4290 852 4375 Catheneyn,
879 4288 1008 4353 Meteri.
1035 4288 1120 4354 dioc.
1148 4289 1236 4367 cler,
1258 4286 1312 4371 qui
1338 4285 1486 4363 Jolranni
1510 4285 1553 4351 de

196 4399 335 4464 Pistorio
353 4407 372 4479 ³,
389 4396 595 4482 registratori
619 4405 741 4476 vestro,
762 4396 795 4459 in
822 4394 973 4474 Boemia,
991 4392 1135 4457 Francia
1161 4400 1196 4457 et
1211 4391 1391 4457 Alanrania
1407 4411 1447 4458 ac
1463 4391 1553 4458 curia

197 4503 290 4569 Rom.
306 4505 409 4588 longo
424 4510 577 4586 ternpore
593 4499 739 4580 servivit,
746 4507 838 4583 quat.
855 4499 916 4565 sibi
933 4498 975 4565 de
992 4519 1065 4564 can.
1082 4498 1162 4563 eccl.
1180 4497 1211 4563 S.
1229 4497 1382 4584 Dyonisii
1395 4495 1553 4563 L'eodien.

195 4614 228 4670 et
243 4609 333 4692 preb.
349 4627 424 4671 vac.
441 4607 496 4670 vel
512 4611 623 4670 vacat.
640 4603 821 4688 dignemini
838 4602 1015 4688 providere
1030 4613 1050 4666 ⁴.
1066 4641 1110 4650 -
1126 4599 1204 4666 Fiat
1221 4601 1261 4667 R.

238 4710 317 4774 Dat.
333 4730 388 4794 ap.
403 4709 654 4772 Villamnovam
674 4711 691 4770 6
709 4705 751 4771 id.
769 4713 853 4792 sept.
871 4715 904 4772 u⁰
925 4713 963 4771 1⁰.
983 4705 1026 4790 (1,
1048 4706 1135 4790 15²)·

200 4987 208 5034 l
230 4916 250 4964 1.
270 4915 358 5036 lPierre
379 4913 488 4978 Desprbs
507 4915 610 4977 (Enbel,
634 4915 652 4974 I,
666 4916 715 4975 36).
729 4943 761 4949 --
779 4915 916 4964 11111111ο
935 4917 972 4965 13.
984 4943 994 4950 -
1009 4944 1016 4949 -
1034 4917 1056 4966 3.
1068 4915 1130 4963 Voir
1142 4930 1166 4964 n.
1182 4917 1235 4964 171.
1247 4943 1278 4950 —
1296 4917 1317 4963 4.
1333 4915 1398 4961 tlon.
1419 4915 1471 4962 tm.
1485 4912 1557 4969 Rota,

199 5001 255 5039 ·.n.
284 4991 323 5037 112.
