3650 5675
699 495 785 569 1848,
808 495 895 558 20-21
920 495 988 560 mai.
1468 503 1523 568 851

168 649 303 735 capituli
319 649 531 731 Ambiauen.,
547 649 770 716 communiter
794 649 848 713 vel
871 647 1044 729 divisim‚a
1060 650 1092 716 S.
1117 649 1155 716 V.
1178 650 1319 734 gratiam
1334 653 1526 722 obtinuerit.

170 791 210 802 -
227 751 305 817 Fiat
321 751 361 818 R.

212 856 289 921 Dat.
306 856 405 922 Avin.
425 866 462 940 14
479 856 547 923 kal.
560 856 644 942 junii
660 865 694 923 a⁰
711 863 753 941 7⁰.
769 858 843 938 (30,
861 855 897 921 P.
915 855 961 938 II,
979 859 1024 941 7).

221 993 359 1076 1324·
1235 1009 1330 1092 1348,
1347 1030 1389 1072 ao
1405 1012 1482 1075 mai.

212 1110 300 1196 Sign.
326 1111 358 1177 S.
382 1110 423 1177 V.
449 1111 644 1192 Anibaldus‚
669 1110 769 1196 episc.
796 1108 986 1190 Tusculan,
1002 1109 1093 1194 quod
1119 1109 1246 1176 dudum
1274 1109 1402 1176 Eadem
1418 1112 1459 1195 S.,
1481 1113 1525 1179 ad

169 1213 448 1300 supplicationem
475 1214 623 1300 ejusdem
647 1213 806 1301 episcopi,
833 1212 979 1297 gratiose
1002 1213 1145 1279 contulit
1173 1211 1274 1279 Petro
1300 1214 1342 1280 de
1358 1213 1526 1300 Trajecto,

168 1317 329 1401 magistro
344 1317 377 1381 in
394 1318 529 1399 artibus,
547 1316 710 1383 Leodien.
727 1315 825 1397 dioc,
842 1335 917 1382 can.
933 1323 969 1380 et
995 1318 1086 1400 preb.
1100 1315 1241 1381 ecclesie
1258 1313 1296 1381 B.
1317 1315 1366 1384 M.
1383 1316 1526 1403 Magda-

169 1423 245 1486 lene
271 1420 313 1487 de
341 1418 472 1501 Monte,
495 1420 705 1486 Suessionen.
731 1419 818 1485 dioc.
832 1441 841 1499 ;
857 1439 974 1483 verum
1002 1439 1079 1485 cum
1106 1418 1139 1483 in
1163 1419 1270 1503 gratia
1285 1421 1434 1505 predicta
1458 1443 1527 1488 non

169 1524 267 1589 inerit
280 1524 371 1591 facta
386 1526 516 1590 mentio
532 1524 623 1609 quod
638 1523 748 1589 dictus
763 1523 891 1604 Petrus,
905 1523 1030 1588 virtute
1046 1523 1180 1588 alterius
1195 1523 1299 1608 gratie
1315 1524 1424 1590 eidem
1440 1525 1527 1592 facte

168 1650 227 1716 per
242 1629 282 1695 E.
298 1629 330 1695 S.
345 1630 379 1693 in
396 1628 502 1694 forma
519 1628 699 1709 communi,
716 1628 760 1694 ad
775 1628 851 1693 coll.
868 1627 1040 1713 prepositi,
1056 1627 1139 1693 alias
1154 1626 1275 1693 dicti...
1291 1629 1420 1694 abbatis
1435 1649 1527 1695 secu·

169 1733 246 1798 laris
260 1732 401 1799 ecclesie
418 1733 450 1798 S.
467 1732 517 1798 M.
533 1730 768 1817 Trajectensis,
784 1731 875 1797 dicte
898 1730 1058 1798 Leodien.
1074 1731 1172 1812 dioc,
1200 1739 1437 1818 acceptaverat
1453 1753 1528 1800 ean.

170 1842 204 1899 et
220 1838 311 1921 preb.
327 1834 423 1901 dicte.
433 1835 575 1902 ecclesie
601 1835 633 1902 S.
662 1834 711 1902 M.
738 1834 963 1920 Trajectensis
978 1843 1059 1901 tunc
1074 1856 1148 1901 vac.
1164 1858 1173 1916 ;
1187 1856 1282 1922 supp.
1294 1835 1385 1901 idem
1401 1837 1528 1924 episco-

170 1959 231 2024 pus
246 1947 337 2022 quat.
346 1939 508 2005 mandare
523 1939 706 2024 dignemini
718 1939 809 2024 quod
824 1939 859 2002 in
870 1938 990 2003 litteris
1002 1940 1195 2026 apostolicis
1205 1940 1419 2007 conficiendis
1431 1961 1529 2027 super

171 2041 261 2108 dicta
275 2043 382 2126 gratia
397 2043 533 2129 speciali
550 2045 610 2108 sub
627 2043 765 2128 antiqua
779 2040 861 2107 data
872 2042 932 2107 fiat
944 2043 1072 2109 mentio
1087 2043 1129 2108 de
1146 2043 1251 2128 gratia
1267 2044 1300 2108 in
1317 2044 1422 2110 forma
1438 2065 1529 2110 com·

171 2147 263 2212 muni
279 2167 357 2212 cum
372 2148 607 2232 acceptatione
622 2146 790 2233 predictis.
806 2181 849 2190 —
865 2144 943 2212 Fiat
959 2146 1000 2213 R.

215 2251 295 2316 Dat.
311 2249 410 2316 Avin.
430 2270 466 2335 13
490 2250 557 2317 kal.
571 2251 654 2336 junii
671 2258 704 2316 a⁰
722 2259 763 2336 7⁰.
781 2251 855 2335 (30,
880 2250 917 2316 Ρ.
935 2249 980 2331 II,
998 2253 1058 2335 γ’).

225 2387 522 2474 1325-1326.
1236 2405 1331 2486 1348,
1349 2423 1389 2467 2.
1408 2405 1485 2468 ma.

214 2505 303 2590 Sign.
318 2505 350 2570 S.
367 2503 407 2570 V.
424 2504 545 2585 Maria,
562 2503 755 2590 imperatrix
782 2501 1170 2590 Constantinopolitana,
1186 2505 1382 2592 principissa
1391 2503 1528 2569 Tarenti

171 2616 206 2673 et
219 2607 361 2693 Achaye
378 2621 398 2689 ¹,
414 2608 504 2692 quod
520 2607 599 2673 olim
616 2607 659 2673 ad
684 2604 867 2671 sedandum
894 2626 1027 2689 guerras
1047 2614 1082 2672 et
1108 2607 1341 2688 dissensiones,
1363 2627 1428 2692 que
1443 2607 1530 2672 inter

172 2712 299 2778 amicos
322 2719 357 2776 et
383 2711 647 2795 consanguineos
681 2709 802 2775 nobilis
828 2708 888 2773 viri
916 2707 936 2786 J
939 2709 1081 2774 ohannis
1106 2709 1148 2774 de
1165 2709 1338 2791 Pollanne,
1355 2709 1478 2790 militis,
1495 2718 1530 2774 et
1601 2720 1608 2734 ⁴

172 2816 293 2884 nobilis
317 2817 464 2883 mulieris
490 2815 641 2902 Aleydis,
671 2814 808 2881 domine
833 2813 876 2881 de
902 2811 1133 2895 Crenendonc,
1161 2814 1332 2898 quondam
1359 2812 1528 2879 Guillelmi

172 2921 299 2987 domini
315 2921 358 2986 de
374 2920 513 2986 Hoerne
530 2930 609 2985 nate
618 2930 638 3001 ²,
663 2919 851 3003 Trajecten.
867 2925 903 2982 et
930 2917 1091 2984 Leodien.
1114 2916 1213 2998 dieo,
1228 2918 1392 2983 hactenus
1417 2917 1530 3003 vigue-

171 3032 258 3107 rant,
274 3034 374 3111 prout
389 3025 559 3109 vigebant,
576 3032 612 3089 et
627 3030 765 3108 propter
779 3043 861 3106 quas
887 3022 1018 3087 diverse
1033 3041 1149 3105 guerre
1166 3022 1252 3087 inter
1267 3021 1434 3107 principes
1450 3042 1529 3088 con-

172 3127 302 3194 vicinos
316 3128 504 3212 frequentet
518 3134 635 3191 exorte
651 3126 790 3205 fuerant,
806 3125 893 3189 inter
917 3124 1025 3191 dictos
1049 3124 1176 3190 amicos
1190 3124 1299 3191 nudus
1314 3146 1373 3191 seu
1387 3125 1530 3191 verbalis

172 3239 336 3298 tractatus
350 3232 411 3297 fuit
437 3232 582 3311 habitus,
597 3238 636 3295 ut
660 3228 834 3307 Johannes
859 3239 895 3293 et
921 3227 1061 3313 Aleydis
1084 3227 1224 3313 predicti
1240 3228 1531 3294 matrimonialiter

168 3336 386 3421 jungerentur
404 3357 412 3415 3
429 3336 487 3401 sed
503 3334 581 3417 quia
596 3341 717 3416 quarto
744 3331 1042 3416 consanguinitatis
1057 3330 1160 3416 gradu
1176 3352 1211 3397 se
1228 3331 1373 3398 invicem
1400 3332 1530 3399 contin-

171 3442 307 3524 gebant,
329 3438 580 3504 matrimonium
597 3437 683 3502 inter
698 3456 733 3501 se
756 3435 941 3519 nequibant
957 3434 1154 3500 contrahere
1169 3434 1418 3521 dispensatione
1434 3456 1530 3522 apos

172 3543 276 3608 tolica
299 3563 368 3608 non
393 3544 560 3621 obtenta;
592 3541 710 3624 quibus
740 3539 895 3604 omnibus
919 3538 1098 3603 Sanctitati
1116 3537 1233 3603 Vestre
1249 3538 1417 3624 expositis,
1442 3539 1481 3605 E.
1499 3540 1530 3606 S.

173 3646 333 3733 episcopo
347 3645 535 3730 Trajecteu.
551 3643 645 3710 dedit
659 3642 779 3709 vestris
800 3642 921 3707 litteris
937 3642 971 3707 in
986 3640 1157 3707 mandatis
1172 3649 1219 3724 ut,
1235 3643 1262 3707 si
1278 3650 1366 3707 esset
1380 3642 1437 3724 ita,
1455 3662 1531 3707 cum

173 3750 300 3815 eisdem
313 3747 334 3827 J
337 3749 471 3815 ohanne
486 3756 521 3814 et
536 3746 669 3832 Aleyde
684 3766 782 3832 snper
797 3746 863 3812 hoc
874 3745 1078 3811 auctoritate
1093 3752 1201 3831 apost.
1213 3745 1432 3832 dispensaret.
1445 3744 1531 3811 Cum

174 3861 297 3935 autem,
313 3860 410 3940 pater
424 3853 490 3935 Sffl‘,
506 3861 690 3937 antequam
714 3849 758 3916 ad
773 3850 933 3916 ulteriora
948 3849 1185 3935 procederetur
1201 3849 1286 3915 inter
1302 3849 1391 3936 ipsos
1405 3849 1425 3927 J
1429 3852 1532 3916 oban-

175 3977 254 4022 nem
268 3963 304 4022 et
318 3958 487 4043 Aleydim,
503 3956 622 4022 eadem
636 3954 777 4040 Aleydis
792 3953 1085 4040 supervenientem
1100 3953 1289 4039 patiebatur
1303 3953 1532 4021 infirmi-tatem

175 4066 211 4125 et
225 4060 334 4127 adbuc
349 4062 485 4147 patitur,
501 4060 549 4125 ita
564 4058 655 4143 quod
669 4056 749 4145 ipsis
764 4064 800 4123 et
815 4076 932 4123 eorum
947 4056 1065 4123 amicis
1080 4076 1149 4121 non
1164 4056 1339 4123 videbatur
1355 4066 1532 4144 expectare

176 4162 265 4247 qnod
279 4162 468 4248 hujusmodi
484 4171 678 4230 contractus
702 4160 908 4227 matrimonii
924 4161 1019 4225 tieret
1041 4160 1211 4242 intereos
1228 4170 1263 4227 et
1278 4164 1321 4227 ob
1337 4162 1403 4228 hoc
1418 4170 1453 4227 et
1468 4164 1533 4229 alia

175 4266 365 4351 supradicta
389 4267 478 4333 idem
499 4265 672 4343 Johannes
691 4273 727 4329 et
741 4264 827 4345 Oda‚
843 4284 937 4330 soror
964 4263 1065 4350 ipsius
1090 4265 1241 4350 Aleydis,
1269 4286 1311 4331 ex
1334 4274 1482 4333 tractatu
1498 4276 1533 4335 et

174 4369 349 4435 voluntate
364 4370 547 4436 amicorum
562 4368 733 4452 utriusque
759 4367 918 4453 ipsomm,
945 4367 1196 4433 matrimonium
1224 4367 1268 4433 ad
1293 4368 1438 4437 invicem
1453 4390 1532 4435 con-

175 4481 356 4554 traxerunt,
372 4474 498 4539 carnali
513 4474 600 4542 inter
615 4492 674 4538 eos
697 4472 819 4557 copula
846 4473 1044 4552 subsecuta;
1070 4470 1240 4537 humiliter
1266 4494 1361 4560 supp.
1378 4482 1468 4559 quat.
1490 4475 1533 4541 ad

177 4574 359 4642 sedandum
374 4576 534 4663 premissa
551 4584 586 4641 et
596 4574 800 4642 obviandum
813 4574 968 4659 gravibus
981 4573 1242 4641 dissensionibus
1258 4596 1298 4643 ac
1313 4597 1532 4663 personarum

177 4687 212 4743 et
226 4698 336 4745 rerum
350 4681 513 4766 periculis,
531 4701 596 4765 que
611 4700 655 4745 ex
669 4679 817 4765 ipsorum
832 4677 979 4744 divortio
1001 4676 1202 4744 timerentur
1218 4680 1441 4746 verisimiliter
1456 4700 1531 4769 pro·

212 4924 238 4971 l.
246 4921 327 4973 Marie
337 4922 369 4972 de
380 4923 499 4973 Bourbon
511 4939 517 4981 ;
530 4924 585 4970 voir
596 4936 622 4972 n.
634 4924 705 4974 1329.
716 4950 749 4957 —
760 4926 783 4973 2.
794 4923 856 4971 VoIr
867 4937 892 4972 n.
904 4923 967 4983 444;
981 4922 1072 4984 Brom,
1085 4920 1159 4971 Ball.
1170 4921 1246 4986 Praj..
1259 4936 1284 4974 n.
1297 4924 1369 4973 1248.
