3650 5675
305 516 362 580 142
809 516 896 590 1344,
922 514 1004 579 12-17
1023 513 1151 596 Janvier.

306 669 398 735 roch.
414 669 495 734 eccl.
512 669 554 734 de
571 668 856 748 Montemaurino,
874 667 1015 732 Remen.
1032 667 1162 747 dioc.,...
1179 666 1210 730 S.
1239 665 1278 730 V.
1305 687 1411 753 nuper
1434 667 1566 735 duxerit
1591 692 1667 757 pro-

306 772 499 837 videndum.
514 813 558 820 —
574 771 651 837 Fiat
669 772 708 836 R.

350 874 428 940 Dat.
444 875 544 939 Avin.
563 895 580 958 3
598 875 642 940 id.
654 875 783 959 januar.
799 883 832 940 a⁰
849 884 891 942 2⁰.
909 877 958 960 (3,
976 875 1013 940 P.
1032 874 1077 955 II,
1099 877 1185 958 118).

357 1010 466 1094 619.
1315 1047 1410 1111 1344,
1427 1046 1467 1091 12
1478 1025 1621 1107 scitarier.

349 1132 450 1217 Supp.
465 1151 524 1194 rex
540 1127 689 1208 Boemie,
706 1137 798 1213 quat.
818 1128 982 1215 [Johanni
999 1129 1041 1196 de
1055 1129 1247 1218 Hetzingin,
1262 1131 1356 1218 clen]
1376 1129 1551 1195 Colonien.
1567 1130 1664 1210 dioc,

304 1236 436 1300 decan.
452 1235 534 1300 eccl.
551 1232 583 1297 S.
599 1233 739 1296 Servatii
765 1231 999 1318 Traiectensis,
1016 1232 1176 1300 Leodien.
1201 1235 1298 1316 dioc,
1327 1235 1418 1322 [vac.
1446 1235 1500 1298 vel
1526 1233 1664 1320 vacat.],

305 1339 488 1424 dignemini
504 1337 690 1424 providere.
705 1376 749 1385 —
765 1335 842 1400 Fiat
859 1335 899 1401 R.
918 1345 936 1401 ¹.

350 1440 437 1507 Item
464 1462 559 1528 supp.
576 1442 664 1507 idem
680 1460 739 1505 rex
764 1438 912 1520 Boemie,
930 1448 1020 1523 quat.
1049 1439 1268 1526 [Hermanno
1294 1442 1336 1507 de
1358 1440 1552 1524 Hetzingin,
1568 1439 1662 1526 cler]

306 1546 397 1612 dicte
413 1546 590 1612 Colonien.
606 1544 703 1624 dioc,
720 1543 851 1609 decan.
868 1545 950 1608 eccl.
967 1542 1005 1609 B.
1024 1542 1073 1610 M.
1089 1547 1265 1629 Aquensis,
1282 1545 1443 1612 Leodien.
1459 1545 1556 1625 dioc,
1575 1543 1664 1630 [vac.

307 1651 361 1714 vel
376 1648 518 1735 vacat.],
534 1647 717 1733 dignemini
733 1646 919 1733 providere.
936 1687 979 1696 -
995 1645 1072 1712 Fiat
1090 1646 1129 1714 R.
1146 1658 1165 1715 ².

350 1752 431 1818 Dat.
447 1754 548 1818 Avin.
565 1774 582 1817 2
599 1751 644 1817 id.
656 1752 788 1836 januar.
804 1757 837 1816 a⁰
854 1758 896 1816 2⁰.
914 1752 963 1833 (3,
980 1750 1017 1816 Ρ.
1034 1748 1079 1831 ΙΙ,
1101 1753 1188 1836 119).

357 1889 1407 1987 620.1344,
1428 1922 1468 1967 12
1478 1901 1621 1984 jcrnnier.

349 2009 451 2094 Supp.
467 2007 655 2093 provisores
671 2007 795 2073 fabrice
812 2010 892 2073 eccl.
910 2005 949 2072 B.
967 2004 1017 2073 M.
1034 2006 1343 2092 Ardemburgensis,
1365 2008 1551 2073 Tomacen.
1567 2007 1663 2088 dioc,

305 2119 409 2197 quat,
426 2111 552 2176 cumin
569 2111 660 2177 dicta
676 2113 757 2177 eccl.
774 2111 1012 2197 pretiosissime
1040 2111 1187 2196 reliquie,
1204 2111 1361 2176 videlicet
1382 2111 1518 2197 pretiosi
1534 2111 1665 2195 sangui·

306 2215 358 2279 nis
373 2214 595 2299 redemptoris
611 2212 656 2280 N.
673 2214 716 2280 D.
732 2213 763 2291 J.
788 2214 836 2296 C.,
853 2214 990 2299 singulis
1005 2215 1122 2281 diebus
1137 2215 1272 2281 fluentis
1284 2236 1342 2280 seu
1358 2215 1529 2296 currentis,
1542 2224 1576 2280 et
1585 2214 1664 2299 ligni

305 2339 385 2383 vere
401 2317 526 2398 Crucis,
543 2317 577 2380 in
594 2339 661 2402 quo
675 2318 785 2384 dictus
809 2317 1001 2404 redemptor
1026 2327 1141 2384 noster
1165 2339 1226 2405 pro
1252 2322 1360 2384 salute
1382 2319 1521 2384 humani
1537 2319 1666 2404 generis

306 2421 505 2509 passusfuit,
521 2441 561 2486 ac
576 2421 675 2487 lactis
691 2422 889 2487 intemerate
906 2421 946 2487 V.
964 2421 1085 2488 Matris
1100 2423 1180 2507 ejus,
1200 2430 1234 2488 et
1259 2424 1440 2488 multorum
1456 2424 1595 2488 aliorum
1612 2422 1665 2487 SS.

307 2526 548 2612 apostolorum,
576 2534 772 2610 martyrum,
789 2526 1016 2592 confessorum
1032 2533 1133 2610 atque
1158 2526 1323 2612 virginum
1346 2526 1556 2606 habeantur3
1585 2547 1665 2610 quo-

306 2651 379 2694 rum
391 2629 568 2695 occasione
583 2630 775 2695 Altissimus
789 2636 802 2663 ²
817 2632 923 2696 multa
940 2630 1019 2695 inibi
1045 2630 1205 2696 miracula
1231 2639 1397 2717 operatur,
1414 2637 1449 2694 et
1463 2630 1506 2695 ad
1522 2630 1664 2695 eandem

306 2734 456 2800 confluat
483 2734 759 2800 circovicinorum
787 2735 935 2801 fidelium
965 2733 1155 2816 multitudo,
1186 2734 1367 2820 dignemini
1398 2733 1552 2799 omnibus
1585 2753 1664 2797 vere

305 2840 535 2925 penitentibus
550 2847 585 2905 et
601 2840 770 2919 confessis,
787 2840 842 2924 qui
859 2840 940 2905 feria
964 2840 1063 2905 tertia
1090 2848 1167 2924 post
1194 2840 1314 2905 festum
1332 2838 1578 2904 Pentlrecosten
1594 2835 1664 2903 dic·

306 2954 376 3009 tam
394 2943 508 3008 villam
524 2944 816 3029 processionaliter
831 2965 907 3010 cum
924 2944 1022 3011 dictis
1031 2944 1177 3029 reliquiis
1193 2944 1249 3009 illa
1263 2943 1318 3010 die
1333 2942 1464 3030 publice
1480 2940 1663 3007 deferendis

308 3046 531 3128 circuiverint,
548 3047 695 3131 quinque
711 3068 819 3113 annos
845 3057 879 3113 et
905 3048 1053 3132 quinque
1068 3048 1306 3133 quadragenas,
1323 3067 1456 3112 necnon
1473 3045 1536 3111 illis
1559 3045 1613 3129 qui
1630 3044 1663 3108 in

308 3149 477 3234 quindena
492 3149 656 3236 prefatam
671 3151 806 3215 tertiam
823 3150 939 3216 feriam
956 3149 1150 3217 immediate
1175 3159 1336 3235 sequente
1351 3149 1477 3215 dictam
1490 3148 1666 3214 ecclesiam

307 3254 528 3331 visitaverint,
543 3261 578 3318 et
594 3276 713 3319 manus
728 3254 770 3320 ad
786 3254 946 3320 fabricam
972 3254 1061 3320 dicte
1088 3255 1229 3321 ecclesie
1253 3254 1461 3341 porrexerint
1489 3252 1666 3337 adjutrices

308 3365 446 3422 centum
469 3357 550 3439 dies,
575 3358 713 3443 singulis
738 3357 896 3424 videlicet
923 3357 1040 3423 diebus
1067 3359 1169 3444 ipsius
1193 3357 1372 3443 quindene,
1397 3356 1516 3441 quibus
1540 3356 1667 3421 dictam

310 3461 485 3526 ecclesiam
510 3460 704 3542 visitabunt,
721 3468 755 3525 et
780 3482 897 3527 manus
921 3461 1101 3547 adjutrices
1127 3462 1344 3547 porrexerint,
1372 3461 1414 3528 de
1442 3460 1597 3545 injunctis
1620 3458 1667 3523 eis

308 3564 504 3649 penitentiis
526 3564 784 3631 misericorditer
812 3567 985 3645 relaxare;
1011 3587 1090 3631 nam
1117 3565 1171 3631 fel.
1185 3562 1263 3631 'rec
1287 3566 1378 3631 dom.
1396 3564 1552 3629 Clemens
1578 3583 1667 3649 papa

310 3666 339 3728 V
365 3667 490 3733 similes
506 3667 730 3753 indulgentias
756 3668 896 3735 ecclesie
912 3669 944 3734 S.
961 3667 1075 3733 Basilii
1091 3668 1134 3735 de
1157 3668 1284 3754 BrugiS,
1301 3669 1391 3735 dicte
1407 3669 1504 3749 dioc,
1521 3667 1669 3733 noscitur

310 3772 514 3837 concessisse
529 3788 551 3838 ³.
567 3812 610 3821 —
627 3772 704 3837 Fiat
719 3772 753 3836 in
769 3772 823 3838 die
838 3772 928 3839 dicte
953 3772 1174 3859 processionis
1198 3774 1240 3840 de
1256 3794 1324 3839 uno
1340 3794 1431 3839 anno
1446 3781 1481 3837 et
1496 3792 1563 3838 una
1589 3790 1670 3855 qua-

308 3876 463 3960 dragena,
480 3885 515 3941 et
531 3878 604 3943 aliis
619 3877 736 3943 diebus
763 3886 843 3944 octo
869 3876 1094 3962 sequentibus,
1111 3877 1260 3961 qualibet
1285 3878 1350 3958 die,
1374 3877 1417 3943 de
1441 3883 1576 3943 centum
1601 3874 1670 3939 die-

307 3981 380 4045 bus.
397 3979 438 4047 R.

355 4083 433 4150 Dat.
448 4086 550 4152 Avin.
568 4106 585 4150 2
603 4085 646 4152 id.
658 4087 789 4171 januar.
805 4094 838 4151 a⁰
855 4093 897 4152 2⁰.
915 4089 963 4171 (3,
985 4084 1021 4149 P.
1039 4084 1084 4166 II,
1105 4086 1192 4169 129).

361 4222 468 4304 621.
1311 4257 1406 4322 1344,
1431 4254 1472 4319 17
1481 4234 1626 4318 junvr'er.

354 4342 409 4405 δι”Θ
425 4340 534 4407 Pater.
551 4340 637 4405 Cum
654 4341 695 4406 R.
711 4340 748 4406 P.
764 4341 854 4407 dom.
871 4338 892 4418 J
894 4340 1077 4425 (ohannes)
1094 4341 1136 4406 de
1164 4340 1363 4425 Columpna,
1388 4341 1420 4405 S.
1436 4340 1557 4425 Angeli
1582 4338 1668 4405 diac.

310 4443 411 4525 card,
428 4465 501 4511 can.
527 4452 562 4510 et
590 4448 681 4530 preb.
708 4443 877 4525 Parisien,
905 4452 939 4509 et
966 4443 1139 4531 Philippus
1163 4445 1205 4511 de
1230 4444 1394 4510 Arbosi0⁴
1409 4442 1611 4509 decanatum
1638 4440 1670 4505 S.

342 4649 372 4709 a)
389 4648 445 4696 (nl.
459 4649 598 4699 ditissimo.

346 4886 367 4932 l.
388 4883 456 4931 Mau.
474 4881 819 4941 l'ar.1n›n.‚1‚n.2at.2a·›.
856 4913 863 4917 -
882 4885 905 4931 2.
928 4882 972 4934 In..
991 4884 1044 4942 284,
1058 4884 1114 4931 28⁴3.
1137 4912 1143 4917 -
1163 4912 1168 4917 -
1187 4886 1210 4931 3.
1231 4883 1267 4931 Lo
1288 4883 1320 4929 l“
1331 4880 1387 4943 juin
1401 4883 1464 4930 1310
1476 4880 1608 4943 (Miratus,
1624 4880 1671 4943 Op.

312 4955 384 5020 dipl,
400 4956 447 5016 111,
462 4957 566 5003 lan-int
582 4956 727 5014 :Gilliodts
742 4957 816 5009 [AB.
830 4959 943 5016 clunes,
957 4957 976 5016 l,
989 4958 1057 5018 303).
1070 4986 1100 4992 —-
1113 4960 1135 5006 4.
1148 4957 1211 5004 Voir
1222 4970 1246 5004 n.
1261 4957 1314 5004 lan.
