<?xml version="1.0" encoding="UTF-8"?>
<!DOCTYPE html PUBLIC "-//W3C//DTD XHTML 1.0 Transitional//EN"
    "http://www.w3.org/TR/xhtml1/DTD/xhtml1-transitional.dtd">
<html xmlns="http://www.w3.org/1999/xhtml" xml:lang="en" lang="en">
 <head>
  <title>
</title>
<meta http-equiv="Content-Type" content="text/html;charset=utf-8" />
  <meta name='ocr-system' content='tesseract 3.04.00' />
  <meta name='ocr-capabilities' content='ocr_page ocr_carea ocr_par ocr_line ocrx_word'/>
</head>
<body>
  <div class='ocr_page' id='page_1' title='image "./suppliquesdeclm00berlgoog_0272.png"; bbox 0 0 3650 5675; ppageno 0'>
   <div class='ocr_carea' id='block_1_1' title="bbox 661 516 1535 603">
    <p class='ocr_par' dir='ltr' id='par_1_1' title="bbox 661 516 1535 603">
     <span class='ocr_line' id='line_1_1' title="bbox 661 516 1535 603; baseline 0.005 -16"><span class='ocrx_word' id='word_1_1' title='bbox 661 523 747 595; x_wconf 75' lang='lat' dir='ltr'>rato.</span> <span class='ocrx_word' id='word_1_2' title='bbox 772 525 843 589; x_wconf 82' lang='grc'>9-19</span> <span class='ocrx_word' id='word_1_3' title='bbox 865 522 1037 603; x_wconf 79' lang='lat' dir='ltr'><strong>septembre.</strong></span> <span class='ocrx_word' id='word_1_4' title='bbox 1473 516 1535 591; x_wconf 69' lang='lat'>227</span> 
     </span>
    </p>
   </div>
   <div class='ocr_carea' id='block_1_2' title="bbox 174 673 1535 1799">
    <p class='ocr_par' dir='ltr' id='par_1_2' title="bbox 174 673 1535 1799">
     <span class='ocr_line' id='line_1_2' title="bbox 174 673 1535 763; baseline 0.002 -25"><span class='ocrx_word' id='word_1_5' title='bbox 174 673 266 739; x_wconf 92' lang='lat' dir='ltr'>modi</span> <span class='ocrx_word' id='word_1_6' title='bbox 283 674 575 761; x_wconf 85' lang='lat' dir='ltr'>provocationibus</span> <span class='ocrx_word' id='word_1_7' title='bbox 590 684 625 741; x_wconf 89' lang='lat' dir='ltr'>et</span> <span class='ocrx_word' id='word_1_8' title='bbox 640 674 921 763; x_wconf 83' lang='lat' dir='ltr'>appellationibus</span> <span class='ocrx_word' id='word_1_9' title='bbox 930 674 1090 741; x_wconf 88' lang='lat' dir='ltr'>laicorum</span> <span class='ocrx_word' id='word_1_10' title='bbox 1102 674 1271 756; x_wconf 87' lang='lat' dir='ltr'>adherere,</span> <span class='ocrx_word' id='word_1_11' title='bbox 1284 683 1320 740; x_wconf 89' lang='lat' dir='ltr'>et</span> <span class='ocrx_word' id='word_1_12' title='bbox 1335 674 1535 742; x_wconf 86' lang='lat' dir='ltr'>adherentes</span> 
     </span>
     <span class='ocr_line' id='line_1_3' title="bbox 175 776 1534 866; baseline 0.002 -25"><span class='ocrx_word' id='word_1_13' title='bbox 175 777 364 862; x_wconf 90' lang='lat' dir='ltr'>hujusmodi</span> <span class='ocrx_word' id='word_1_14' title='bbox 380 798 502 864; x_wconf 90' lang='lat' dir='ltr'>penam</span> <span class='ocrx_word' id='word_1_15' title='bbox 518 778 876 846; x_wconf 88' lang='lat' dir='ltr'>excommunicationis</span> <span class='ocrx_word' id='word_1_16' title='bbox 897 778 1063 844; x_wconf 88' lang='lat' dir='ltr'>incurrere</span> <span class='ocrx_word' id='word_1_17' title='bbox 1087 778 1161 865; x_wconf 90' lang='lat' dir='ltr'>ipso</span> <span class='ocrx_word' id='word_1_18' title='bbox 1181 776 1271 844; x_wconf 87' lang='lat' dir='ltr'>facto</span> <span class='ocrx_word' id='word_1_19' title='bbox 1286 801 1295 858; x_wconf 79' lang='lat'><em>3</em></span> <span class='ocrx_word' id='word_1_20' title='bbox 1312 779 1534 866; x_wconf 89' lang='lat' dir='ltr'>precipientes</span> 
     </span>
     <span class='ocr_line' id='line_1_4' title="bbox 175 880 1533 968; baseline 0.003 -23"><span class='ocrx_word' id='word_1_21' title='bbox 175 880 324 947; x_wconf 87' lang='lat' dir='ltr'>districte</span> <span class='ocrx_word' id='word_1_22' title='bbox 340 884 399 947; x_wconf 88' lang='lat' dir='ltr'>sub</span> <span class='ocrx_word' id='word_1_23' title='bbox 410 882 534 949; x_wconf 88' lang='lat' dir='ltr'>virtute</span> <span class='ocrx_word' id='word_1_24' title='bbox 549 892 664 950; x_wconf 86' lang='lat' dir='ltr'>sancte</span> <span class='ocrx_word' id='word_1_25' title='bbox 680 883 870 949; x_wconf 88' lang='lat' dir='ltr'>obedientie</span> <span class='ocrx_word' id='word_1_26' title='bbox 886 882 1115 949; x_wconf 90' lang='lat' dir='ltr'>sacerdotibus</span> <span class='ocrx_word' id='word_1_27' title='bbox 1129 890 1164 947; x_wconf 92' lang='lat' dir='ltr'>et</span> <span class='ocrx_word' id='word_1_28' title='bbox 1179 881 1251 947; x_wconf 89' lang='lat' dir='ltr'>aliis</span> <span class='ocrx_word' id='word_1_29' title='bbox 1262 882 1412 968; x_wconf 90' lang='lat' dir='ltr'>personis</span> <span class='ocrx_word' id='word_1_30' title='bbox 1426 884 1533 949; x_wconf 87' lang='lat' dir='ltr'>ecele-</span> 
     </span>
     <span class='ocr_line' id='line_1_5' title="bbox 175 984 1534 1072; baseline 0.001 -22"><span class='ocrx_word' id='word_1_31' title='bbox 175 984 316 1050; x_wconf 89' lang='lat' dir='ltr'>siasticis</span> <span class='ocrx_word' id='word_1_32' title='bbox 328 994 490 1051; x_wconf 86' lang='lat' dir='ltr'>terrarum</span> <span class='ocrx_word' id='word_1_33' title='bbox 501 986 699 1072; x_wconf 88' lang='lat' dir='ltr'>hujusmodi,</span> <span class='ocrx_word' id='word_1_34' title='bbox 710 985 800 1071; x_wconf 89' lang='lat' dir='ltr'>quod</span> <span class='ocrx_word' id='word_1_35' title='bbox 815 985 999 1052; x_wconf 90' lang='lat' dir='ltr'>sententias</span> <span class='ocrx_word' id='word_1_36' title='bbox 1014 985 1372 1052; x_wconf 86' lang='lat' dir='ltr'>excommunicationis</span> <span class='ocrx_word' id='word_1_37' title='bbox 1387 993 1422 1051; x_wconf 89' lang='lat' dir='ltr'>et</span> <span class='ocrx_word' id='word_1_38' title='bbox 1432 986 1534 1051; x_wconf 54' lang='lat' dir='ltr'>iuter*</span> 
     </span>
     <span class='ocr_line' id='line_1_6' title="bbox 175 1088 1534 1177; baseline 0 -22"><span class='ocrx_word' id='word_1_39' title='bbox 175 1088 256 1155; x_wconf 91' lang='lat' dir='ltr'>dicti</span> <span class='ocrx_word' id='word_1_40' title='bbox 272 1098 308 1155; x_wconf 89' lang='lat' dir='ltr'>et</span> <span class='ocrx_word' id='word_1_41' title='bbox 322 1090 404 1156; x_wconf 86' lang='lat' dir='ltr'>alias</span> <span class='ocrx_word' id='word_1_42' title='bbox 420 1110 574 1157; x_wconf 88' lang='lat' dir='ltr'>censuras</span> <span class='ocrx_word' id='word_1_43' title='bbox 589 1092 833 1159; x_wconf 86' lang='lat' dir='ltr'>ecclesiasticas</span> <span class='ocrx_word' id='word_1_44' title='bbox 847 1110 907 1177; x_wconf 92' lang='lat' dir='ltr'>per</span> <span class='ocrx_word' id='word_1_45' title='bbox 922 1110 1038 1157; x_wconf 90' lang='lat' dir='ltr'>eorum</span> <span class='ocrx_word' id='word_1_46' title='bbox 1061 1089 1244 1157; x_wconf 86' lang='lat' dir='ltr'>ordinarios</span> <span class='ocrx_word' id='word_1_47' title='bbox 1254 1091 1339 1157; x_wconf 87' lang='lat' dir='ltr'>latas</span> <span class='ocrx_word' id='word_1_48' title='bbox 1355 1093 1534 1156; x_wconf 87' lang='lat' dir='ltr'>observent</span> 
     </span>
     <span class='ocr_line' id='line_1_7' title="bbox 174 1192 1532 1281; baseline 0 -20"><span class='ocrx_word' id='word_1_49' title='bbox 174 1194 411 1261; x_wconf 89' lang='lat' dir='ltr'>inviolabiliter</span> <span class='ocrx_word' id='word_1_50' title='bbox 425 1204 460 1261; x_wconf 88' lang='lat' dir='ltr'>et</span> <span class='ocrx_word' id='word_1_51' title='bbox 473 1195 632 1275; x_wconf 74' lang='lat' dir='ltr'>fideliter,</span> <span class='ocrx_word' id='word_1_52' title='bbox 649 1194 737 1261; x_wconf 92' lang='lat' dir='ltr'>datis</span> <span class='ocrx_word' id='word_1_53' title='bbox 757 1215 855 1281; x_wconf 90' lang='lat' dir='ltr'>super</span> <span class='ocrx_word' id='word_1_54' title='bbox 870 1195 937 1261; x_wconf 93' lang='lat' dir='ltr'>hoc</span> <span class='ocrx_word' id='word_1_55' title='bbox 952 1192 1195 1275; x_wconf 80' lang='lat' dir='ltr'>executoribus,</span> <span class='ocrx_word' id='word_1_56' title='bbox 1212 1194 1267 1278; x_wconf 93' lang='lat' dir='ltr'>qui</span> <span class='ocrx_word' id='word_1_57' title='bbox 1282 1214 1343 1281; x_wconf 91' lang='lat' dir='ltr'>per</span> <span class='ocrx_word' id='word_1_58' title='bbox 1358 1214 1532 1261; x_wconf 88' lang='lat' dir='ltr'>censuram</span> 
     </span>
     <span class='ocr_line' id='line_1_8' title="bbox 175 1297 1533 1387; baseline -0.001 -19"><span class='ocrx_word' id='word_1_59' title='bbox 175 1298 438 1368; x_wconf 87' lang='lat' dir='ltr'>ecclesiasticam</span> <span class='ocrx_word' id='word_1_60' title='bbox 455 1299 727 1381; x_wconf 88' lang='lat' dir='ltr'>contradictores,</span> <span class='ocrx_word' id='word_1_61' title='bbox 743 1297 1009 1387; x_wconf 81' lang='lat' dir='ltr'>prophanatoree</span> <span class='ocrx_word' id='word_1_62' title='bbox 1024 1306 1060 1366; x_wconf 86' lang='lat' dir='ltr'>et</span> <span class='ocrx_word' id='word_1_63' title='bbox 1082 1299 1222 1364; x_wconf 89' lang='lat' dir='ltr'>rebelles</span> <span class='ocrx_word' id='word_1_64' title='bbox 1237 1320 1278 1365; x_wconf 91' lang='lat' dir='ltr'>ac</span> <span class='ocrx_word' id='word_1_65' title='bbox 1294 1320 1408 1366; x_wconf 91' lang='lat' dir='ltr'>eorum</span> <span class='ocrx_word' id='word_1_66' title='bbox 1424 1299 1533 1367; x_wconf 79' lang='lat' dir='ltr'>lauto</span> 
     </span>
     <span class='ocr_line' id='line_1_9' title="bbox 175 1401 1533 1489; baseline 0.002 -22"><span class='ocrx_word' id='word_1_67' title='bbox 175 1422 228 1467; x_wconf 91' lang='lat' dir='ltr'>res</span> <span class='ocrx_word' id='word_1_68' title='bbox 251 1404 468 1489; x_wconf 87' lang='lat' dir='ltr'>compellant,</span> <span class='ocrx_word' id='word_1_69' title='bbox 484 1402 725 1470; x_wconf 90' lang='lat' dir='ltr'>constitutione</span> <span class='ocrx_word' id='word_1_70' title='bbox 740 1423 940 1488; x_wconf 90' lang='lat' dir='ltr'>quacunque</span> <span class='ocrx_word' id='word_1_71' title='bbox 950 1402 1118 1470; x_wconf 86' lang='lat' dir='ltr'>contraria</span> <span class='ocrx_word' id='word_1_72' title='bbox 1132 1423 1201 1470; x_wconf 92' lang='lat' dir='ltr'>non</span> <span class='ocrx_word' id='word_1_73' title='bbox 1218 1406 1385 1470; x_wconf 86' lang='lat' dir='ltr'>obstante.</span> <span class='ocrx_word' id='word_1_74' title='bbox 1398 1442 1438 1455; x_wconf 89' lang='lat'>—</span> <span class='ocrx_word' id='word_1_75' title='bbox 1456 1401 1533 1470; x_wconf 88' lang='lat' dir='ltr'>Fiat</span> 
     </span>
     <span class='ocr_line' id='line_1_10' title="bbox 175 1504 1534 1595; baseline 0.001 -23"><span class='ocrx_word' id='word_1_76' title='bbox 175 1526 274 1593; x_wconf 89' lang='lat' dir='ltr'>super</span> <span class='ocrx_word' id='word_1_77' title='bbox 295 1504 361 1573; x_wconf 92' lang='lat' dir='ltr'>hoc</span> <span class='ocrx_word' id='word_1_78' title='bbox 376 1508 410 1573; x_wconf 90' lang='lat' dir='ltr'>in</span> <span class='ocrx_word' id='word_1_79' title='bbox 427 1508 627 1574; x_wconf 88' lang='lat' dir='ltr'>cancellaria</span> <span class='ocrx_word' id='word_1_80' title='bbox 642 1506 801 1593; x_wconf 91' lang='lat' dir='ltr'>quicquid</span> <span class='ocrx_word' id='word_1_81' title='bbox 814 1507 940 1594; x_wconf 80' lang='lat' dir='ltr'>poterit</span> <span class='ocrx_word' id='word_1_82' title='bbox 966 1506 1036 1573; x_wconf 88' lang='lat' dir='ltr'>fieri</span> <span class='ocrx_word' id='word_1_83' title='bbox 1052 1507 1086 1573; x_wconf 91' lang='lat' dir='ltr'>in</span> <span class='ocrx_word' id='word_1_84' title='bbox 1109 1506 1257 1573; x_wconf 86' lang='lat' dir='ltr'>favorem</span> <span class='ocrx_word' id='word_1_85' title='bbox 1273 1508 1534 1595; x_wconf 91' lang='lat' dir='ltr'>supplicantium</span> 
     </span>
     <span class='ocr_line' id='line_1_11' title="bbox 176 1608 839 1694; baseline -0.006 -17"><span class='ocrx_word' id='word_1_86' title='bbox 176 1620 212 1679; x_wconf 89' lang='lat' dir='ltr'>et</span> <span class='ocrx_word' id='word_1_87' title='bbox 227 1608 377 1689; x_wconf 90' lang='lat' dir='ltr'>ecclesie,</span> <span class='ocrx_word' id='word_1_88' title='bbox 394 1608 463 1673; x_wconf 92' lang='lat' dir='ltr'>sine</span> <span class='ocrx_word' id='word_1_89' title='bbox 477 1608 604 1694; x_wconf 86' lang='lat' dir='ltr'>justitie</span> <span class='ocrx_word' id='word_1_90' title='bbox 618 1608 754 1674; x_wconf 86' lang='lat' dir='ltr'>lesione.</span> <span class='ocrx_word' id='word_1_91' title='bbox 772 1608 802 1673; x_wconf 89' lang='lat' dir='ltr'><strong>R</strong></span> <span class='ocrx_word' id='word_1_92' title='bbox 819 1624 839 1673; x_wconf 89' lang='lat'>¹.</span> 
     </span>
     <span class='ocr_line' id='line_1_12' title="bbox 223 1712 892 1799; baseline -0.001 -19"><span class='ocrx_word' id='word_1_93' title='bbox 223 1715 300 1781; x_wconf 91' lang='lat' dir='ltr'>Dat.</span> <span class='ocrx_word' id='word_1_94' title='bbox 315 1714 417 1779; x_wconf 81' lang='lat' dir='ltr'>Avin.</span> <span class='ocrx_word' id='word_1_95' title='bbox 435 1734 451 1798; x_wconf 90' lang='lat'><strong>5</strong></span> <span class='ocrx_word' id='word_1_96' title='bbox 468 1712 512 1779; x_wconf 93' lang='lat' dir='ltr'>id.</span> <span class='ocrx_word' id='word_1_97' title='bbox 528 1721 613 1799; x_wconf 88' lang='lat' dir='ltr'>sept.</span> <span class='ocrx_word' id='word_1_98' title='bbox 629 1722 662 1779; x_wconf 82' lang='lat' dir='ltr'>a⁰</span> <span class='ocrx_word' id='word_1_99' title='bbox 677 1722 722 1797; x_wconf 84' lang='lat'>4⁰.</span> <span class='ocrx_word' id='word_1_100' title='bbox 737 1714 785 1795; x_wconf 80' lang='lat'>(9,</span> <span class='ocrx_word' id='word_1_101' title='bbox 806 1714 892 1799; x_wconf 87' lang='lat'>175).</span> 
     </span>
    </p>
   </div>
   <div class='ocr_carea' id='block_1_3' title="bbox 223 1851 1537 2060">
    <p class='ocr_par' dir='ltr' id='par_1_3' title="bbox 223 1851 1537 2060">
     <span class='ocr_line' id='line_1_13' title="bbox 229 1851 1494 1950; baseline -0.007 -12"><span class='ocrx_word' id='word_1_102' title='bbox 229 1851 350 1938; x_wconf 82' lang='lat'>909·</span> <span class='ocrx_word' id='word_1_103' title='bbox 1156 1881 1250 1946; x_wconf 69' lang='lat'>1345,</span> <span class='ocrx_word' id='word_1_104' title='bbox 1268 1885 1287 1947; x_wconf 80' lang='lat' dir='ltr'>p</span> <span class='ocrx_word' id='word_1_105' title='bbox 1303 1854 1494 1950; x_wconf 72' lang='lat' dir='ltr'>septembre.</span> 
     </span>
     <span class='ocr_line' id='line_1_14' title="bbox 223 1965 1537 2060; baseline -0.004 -23"><span class='ocrx_word' id='word_1_106' title='bbox 223 1972 324 2060; x_wconf 89' lang='lat' dir='ltr'>Supp.</span> <span class='ocrx_word' id='word_1_107' title='bbox 336 1972 521 2051; x_wconf 87' lang='lat' dir='ltr'>Johannes,</span> <span class='ocrx_word' id='word_1_108' title='bbox 534 1968 634 2056; x_wconf 88' lang='lat' dir='ltr'>episc.</span> <span class='ocrx_word' id='word_1_109' title='bbox 646 1968 816 2047; x_wconf 88' lang='lat' dir='ltr'>Portuen.,</span> <span class='ocrx_word' id='word_1_110' title='bbox 827 1976 919 2054; x_wconf 91' lang='lat' dir='ltr'>quat.</span> <span class='ocrx_word' id='word_1_111' title='bbox 932 1966 1101 2054; x_wconf 89' lang='lat' dir='ltr'>[Henrico</span> <span class='ocrx_word' id='word_1_112' title='bbox 1110 1966 1152 2032; x_wconf 89' lang='lat' dir='ltr'>de</span> <span class='ocrx_word' id='word_1_113' title='bbox 1165 1965 1335 2048; x_wconf 90' lang='lat' dir='ltr'>Binthem,</span> <span class='ocrx_word' id='word_1_114' title='bbox 1347 1966 1437 2055; x_wconf 86' lang='lat' dir='ltr'>can]</span> <span class='ocrx_word' id='word_1_115' title='bbox 1455 1967 1537 2034; x_wconf 89' lang='lat' dir='ltr'>eccl.</span> 
     </span>
    </p>
   </div>
   <div class='ocr_carea' id='block_1_4' title="bbox 178 2070 1544 3210">
    <p class='ocr_par' dir='ltr' id='par_1_4' title="bbox 178 2070 1544 3210">
     <span class='ocr_line' id='line_1_15' title="bbox 179 2070 1539 2163; baseline -0.003 -20"><span class='ocrx_word' id='word_1_116' title='bbox 179 2074 378 2156; x_wconf 87' lang='lat' dir='ltr'>Bunnensis,</span> <span class='ocrx_word' id='word_1_117' title='bbox 395 2074 571 2141; x_wconf 91' lang='lat' dir='ltr'>Colonien.</span> <span class='ocrx_word' id='word_1_118' title='bbox 587 2075 685 2155; x_wconf 82' lang='lat' dir='ltr'>dioc,</span> <span class='ocrx_word' id='word_1_119' title='bbox 701 2074 743 2140; x_wconf 90' lang='lat' dir='ltr'>de</span> <span class='ocrx_word' id='word_1_120' title='bbox 767 2075 849 2139; x_wconf 88' lang='lat' dir='ltr'>eccl.</span> <span class='ocrx_word' id='word_1_121' title='bbox 865 2072 1018 2159; x_wconf 79' lang='lat' dir='ltr'>patrocli.</span> <span class='ocrx_word' id='word_1_122' title='bbox 1035 2072 1068 2137; x_wconf 89' lang='lat' dir='ltr'>in</span> <span class='ocrx_word' id='word_1_123' title='bbox 1095 2070 1211 2151; x_wconf 87' lang='lat' dir='ltr'>Bakel,</span> <span class='ocrx_word' id='word_1_124' title='bbox 1228 2070 1389 2139; x_wconf 90' lang='lat' dir='ltr'>Leodien.</span> <span class='ocrx_word' id='word_1_125' title='bbox 1416 2072 1503 2139; x_wconf 89' lang='lat' dir='ltr'>dioc.</span> <span class='ocrx_word' id='word_1_126' title='bbox 1519 2083 1539 2163; x_wconf 85' lang='lat'>²,</span> 
     </span>
     <span class='ocr_line' id='line_1_16' title="bbox 178 2174 1539 2268; baseline -0.004 -21"><span class='ocrx_word' id='word_1_127' title='bbox 178 2203 253 2248; x_wconf 88' lang='lat' dir='ltr'>vac.</span> <span class='ocrx_word' id='word_1_128' title='bbox 264 2201 325 2268; x_wconf 92' lang='lat' dir='ltr'>pro</span> <span class='ocrx_word' id='word_1_129' title='bbox 334 2202 376 2247; x_wconf 91' lang='lat' dir='ltr'>eo</span> <span class='ocrx_word' id='word_1_130' title='bbox 386 2177 706 2265; x_wconf 90' lang='lat' dir='ltr'>quodTheodericus</span> <span class='ocrx_word' id='word_1_131' title='bbox 715 2178 757 2245; x_wconf 94' lang='lat' dir='ltr'>de</span> <span class='ocrx_word' id='word_1_132' title='bbox 768 2176 966 2258; x_wconf 88' lang='lat' dir='ltr'>Gemenich,</span> <span class='ocrx_word' id='word_1_133' title='bbox 977 2178 1054 2242; x_wconf 89' lang='lat' dir='ltr'>cler.</span> <span class='ocrx_word' id='word_1_134' title='bbox 1064 2176 1154 2241; x_wconf 88' lang='lat' dir='ltr'>dicte</span> <span class='ocrx_word' id='word_1_135' title='bbox 1165 2174 1339 2242; x_wconf 89' lang='lat' dir='ltr'>Colonien.</span> <span class='ocrx_word' id='word_1_136' title='bbox 1349 2176 1447 2259; x_wconf 72' lang='lat' dir='ltr'>dioc„</span> <span class='ocrx_word' id='word_1_137' title='bbox 1457 2177 1539 2243; x_wconf 90' lang='lat' dir='ltr'>eccl.</span> 
     </span>
     <span class='ocr_line' id='line_1_17' title="bbox 179 2280 1540 2375; baseline -0.006 -22"><span class='ocrx_word' id='word_1_138' title='bbox 179 2286 333 2375; x_wconf 89' lang='lat' dir='ltr'>parroch.</span> <span class='ocrx_word' id='word_1_139' title='bbox 351 2286 383 2350; x_wconf 92' lang='lat' dir='ltr'>in</span> <span class='ocrx_word' id='word_1_140' title='bbox 401 2284 588 2365; x_wconf 87' lang='lat' dir='ltr'>Sechteme,</span> <span class='ocrx_word' id='word_1_141' title='bbox 604 2283 733 2369; x_wconf 87' lang='lat' dir='ltr'>prefate</span> <span class='ocrx_word' id='word_1_142' title='bbox 744 2282 921 2348; x_wconf 89' lang='lat' dir='ltr'>Colonien.</span> <span class='ocrx_word' id='word_1_143' title='bbox 937 2280 1034 2363; x_wconf 76' lang='lat' dir='ltr'>dioc,</span> <span class='ocrx_word' id='word_1_144' title='bbox 1048 2302 1147 2365; x_wconf 88' lang='lat' dir='ltr'>quam</span> <span class='ocrx_word' id='word_1_145' title='bbox 1163 2280 1315 2366; x_wconf 90' lang='lat' dir='ltr'>primitus</span> <span class='ocrx_word' id='word_1_146' title='bbox 1330 2289 1365 2347; x_wconf 91' lang='lat' dir='ltr'>et</span> <span class='ocrx_word' id='word_1_147' title='bbox 1380 2302 1448 2347; x_wconf 89' lang='lat' dir='ltr'>una</span> <span class='ocrx_word' id='word_1_148' title='bbox 1464 2301 1540 2347; x_wconf 91' lang='lat' dir='ltr'>cum</span> 
     </span>
     <span class='ocr_line' id='line_1_18' title="bbox 180 2386 1543 2473; baseline -0.007 -15"><span class='ocrx_word' id='word_1_149' title='bbox 180 2391 271 2458; x_wconf 87' lang='lat' dir='ltr'>dicta</span> <span class='ocrx_word' id='word_1_150' title='bbox 287 2390 416 2457; x_wconf 87' lang='lat' dir='ltr'>ecelin</span> <span class='ocrx_word' id='word_1_151' title='bbox 433 2386 550 2469; x_wconf 87' lang='lat' dir='ltr'>Bakel,</span> <span class='ocrx_word' id='word_1_152' title='bbox 563 2408 665 2473; x_wconf 88' lang='lat' dir='ltr'>quam</span> <span class='ocrx_word' id='word_1_153' title='bbox 681 2386 801 2453; x_wconf 90' lang='lat' dir='ltr'>deinde</span> <span class='ocrx_word' id='word_1_154' title='bbox 816 2386 958 2473; x_wconf 91' lang='lat' dir='ltr'>pacifice</span> <span class='ocrx_word' id='word_1_155' title='bbox 973 2386 1086 2451; x_wconf 83' lang='lat' dir='ltr'>extitit</span> <span class='ocrx_word' id='word_1_156' title='bbox 1097 2393 1277 2466; x_wconf 91' lang='lat' dir='ltr'>assecutus,</span> <span class='ocrx_word' id='word_1_157' title='bbox 1287 2394 1365 2471; x_wconf 88' lang='lat' dir='ltr'>post</span> <span class='ocrx_word' id='word_1_158' title='bbox 1376 2392 1412 2452; x_wconf 89' lang='lat' dir='ltr'>et</span> <span class='ocrx_word' id='word_1_159' title='bbox 1424 2394 1543 2451; x_wconf 90' lang='lat' dir='ltr'>coutra</span> 
     </span>
     <span class='ocr_line' id='line_1_19' title="bbox 181 2486 1542 2581; baseline -0.008 -18"><span class='ocrx_word' id='word_1_160' title='bbox 181 2495 458 2563; x_wconf 88' lang='lat' dir='ltr'>constitutionem</span> <span class='ocrx_word' id='word_1_161' title='bbox 474 2513 538 2578; x_wconf 90' lang='lat' dir='ltr'>que</span> <span class='ocrx_word' id='word_1_162' title='bbox 555 2492 671 2581; x_wconf 91' lang='lat' dir='ltr'>incipit</span> <span class='ocrx_word' id='word_1_163' title='bbox 687 2490 957 2557; x_wconf 72' lang='lat' dir='ltr'>«Execrabr&#39;b&#39;s»</span> <span class='ocrx_word' id='word_1_164' title='bbox 974 2511 994 2555; x_wconf 93' lang='lat' dir='ltr'>a</span> <span class='ocrx_word' id='word_1_165' title='bbox 1009 2488 1028 2567; x_wconf 95' lang='lat' dir='ltr'>J</span> <span class='ocrx_word' id='word_1_166' title='bbox 1032 2488 1167 2554; x_wconf 89' lang='lat' dir='ltr'>ohanne</span> <span class='ocrx_word' id='word_1_167' title='bbox 1183 2508 1270 2576; x_wconf 83' lang='lat' dir='ltr'>papa</span> <span class='ocrx_word' id='word_1_168' title='bbox 1285 2486 1386 2553; x_wconf 88' lang='lat' dir='ltr'>XXll</span> <span class='ocrx_word' id='word_1_169' title='bbox 1404 2489 1542 2567; x_wconf 87' lang='lat' dir='ltr'>editam,</span> 
     </span>
     <span class='ocr_line' id='line_1_20' title="bbox 180 2591 1543 2689; baseline -0.009 -22"><span class='ocrx_word' id='word_1_170' title='bbox 180 2602 328 2689; x_wconf 91' lang='lat' dir='ltr'>pluribus</span> <span class='ocrx_word' id='word_1_171' title='bbox 351 2598 448 2667; x_wconf 90' lang='lat' dir='ltr'>annis</span> <span class='ocrx_word' id='word_1_172' title='bbox 472 2605 506 2663; x_wconf 89' lang='lat' dir='ltr'>et</span> <span class='ocrx_word' id='word_1_173' title='bbox 531 2619 633 2683; x_wconf 87' lang='lat' dir='ltr'>usque</span> <span class='ocrx_word' id='word_1_174' title='bbox 650 2596 694 2663; x_wconf 86' lang='lat' dir='ltr'>ad</span> <span class='ocrx_word' id='word_1_175' title='bbox 708 2605 863 2682; x_wconf 90' lang='lat' dir='ltr'>tempora</span> <span class='ocrx_word' id='word_1_176' title='bbox 878 2593 996 2660; x_wconf 90' lang='lat' dir='ltr'>mortis</span> <span class='ocrx_word' id='word_1_177' title='bbox 1012 2614 1069 2657; x_wconf 90' lang='lat' dir='ltr'>sue</span> <span class='ocrx_word' id='word_1_178' title='bbox 1085 2592 1276 2677; x_wconf 88' lang='lat' dir='ltr'>occupavit,</span> <span class='ocrx_word' id='word_1_179' title='bbox 1292 2591 1418 2657; x_wconf 83' lang='lat' dir='ltr'>fructus</span> <span class='ocrx_word' id='word_1_180' title='bbox 1437 2592 1543 2677; x_wconf 90' lang='lat' dir='ltr'>perci-</span> 
     </span>
     <span class='ocr_line' id='line_1_21' title="bbox 180 2696 1543 2794; baseline -0.007 -23"><span class='ocrx_word' id='word_1_181' title='bbox 180 2706 276 2794; x_wconf 90' lang='lat' dir='ltr'>piens</span> <span class='ocrx_word' id='word_1_182' title='bbox 300 2728 341 2771; x_wconf 89' lang='lat' dir='ltr'>ex</span> <span class='ocrx_word' id='word_1_183' title='bbox 366 2704 502 2787; x_wconf 90' lang='lat' dir='ltr'>eisdem,</span> <span class='ocrx_word' id='word_1_184' title='bbox 527 2702 710 2789; x_wconf 89' lang='lat' dir='ltr'>dignemini</span> <span class='ocrx_word' id='word_1_185' title='bbox 736 2700 913 2787; x_wconf 88' lang='lat' dir='ltr'>providere</span> <span class='ocrx_word' id='word_1_186' title='bbox 929 2722 937 2779; x_wconf 91' lang='grc'><strong>;</strong></span> <span class='ocrx_word' id='word_1_187' title='bbox 963 2717 1032 2763; x_wconf 93' lang='lat' dir='ltr'>nou</span> <span class='ocrx_word' id='word_1_188' title='bbox 1052 2698 1138 2763; x_wconf 93' lang='lat' dir='ltr'>obst.</span> <span class='ocrx_word' id='word_1_189' title='bbox 1155 2696 1245 2781; x_wconf 92' lang='lat' dir='ltr'>quod</span> <span class='ocrx_word' id='word_1_190' title='bbox 1260 2716 1334 2763; x_wconf 89' lang='lat' dir='ltr'>can.</span> <span class='ocrx_word' id='word_1_191' title='bbox 1350 2705 1384 2761; x_wconf 92' lang='lat' dir='ltr'>et</span> <span class='ocrx_word' id='word_1_192' title='bbox 1400 2699 1493 2783; x_wconf 85' lang='lat' dir='ltr'>preb.</span> <span class='ocrx_word' id='word_1_193' title='bbox 1509 2696 1543 2761; x_wconf 90' lang='lat' dir='ltr'>in</span> 
     </span>
     <span class='ocr_line' id='line_1_22' title="bbox 181 2800 1543 2888; baseline -0.01 -9"><span class='ocrx_word' id='word_1_194' title='bbox 181 2811 273 2879; x_wconf 91' lang='lat' dir='ltr'>dicta</span> <span class='ocrx_word' id='word_1_195' title='bbox 289 2812 370 2878; x_wconf 91' lang='lat' dir='ltr'>eccl.</span> <span class='ocrx_word' id='word_1_196' title='bbox 389 2808 559 2877; x_wconf 90' lang='lat' dir='ltr'>Bunnensi</span> <span class='ocrx_word' id='word_1_197' title='bbox 577 2806 717 2888; x_wconf 89' lang='lat' dir='ltr'>obtinet,</span> <span class='ocrx_word' id='word_1_198' title='bbox 734 2812 769 2870; x_wconf 91' lang='lat' dir='ltr'>et</span> <span class='ocrx_word' id='word_1_199' title='bbox 784 2802 950 2870; x_wconf 91' lang='lat' dir='ltr'>decimam</span> <span class='ocrx_word' id='word_1_200' title='bbox 966 2802 1037 2868; x_wconf 88' lang='lat' dir='ltr'>sive</span> <span class='ocrx_word' id='word_1_201' title='bbox 1052 2800 1277 2867; x_wconf 89' lang='lat' dir='ltr'>obedientiam</span> <span class='ocrx_word' id='word_1_202' title='bbox 1297 2800 1444 2886; x_wconf 85' lang='lat' dir='ltr'>ejusdem</span> <span class='ocrx_word' id='word_1_203' title='bbox 1461 2801 1543 2867; x_wconf 90' lang='lat' dir='ltr'>eccl.</span> 
     </span>
     <span class='ocr_line' id='line_1_23' title="bbox 181 2903 1544 2998; baseline -0.01 -16"><span class='ocrx_word' id='word_1_204' title='bbox 181 2915 371 2982; x_wconf 89' lang='lat' dir='ltr'>Bunnensis</span> <span class='ocrx_word' id='word_1_205' title='bbox 403 2916 436 2980; x_wconf 88' lang='lat' dir='ltr'>iu</span> <span class='ocrx_word' id='word_1_206' title='bbox 469 2910 682 2998; x_wconf 90' lang='lat' dir='ltr'>Dotlindorp,</span> <span class='ocrx_word' id='word_1_207' title='bbox 708 2929 805 2997; x_wconf 89' lang='lat' dir='ltr'>super</span> <span class='ocrx_word' id='word_1_208' title='bbox 843 2928 909 2993; x_wconf 91' lang='lat' dir='ltr'>qua</span> <span class='ocrx_word' id='word_1_209' title='bbox 940 2907 1011 2992; x_wconf 89' lang='lat' dir='ltr'>jam</span> <span class='ocrx_word' id='word_1_210' title='bbox 1039 2912 1117 2970; x_wconf 89' lang='lat' dir='ltr'>actu</span> <span class='ocrx_word' id='word_1_211' title='bbox 1142 2904 1197 2972; x_wconf 89' lang='lat' dir='ltr'>hic</span> <span class='ocrx_word' id='word_1_212' title='bbox 1222 2903 1255 2968; x_wconf 91' lang='lat' dir='ltr'>in</span> <span class='ocrx_word' id='word_1_213' title='bbox 1283 2905 1374 2986; x_wconf 86' lang='lat' dir='ltr'>curia</span> <span class='ocrx_word' id='word_1_214' title='bbox 1395 2904 1544 2971; x_wconf 90' lang='lat' dir='ltr'>noscitur</span> 
     </span>
     <span class='ocr_line' id='line_1_24' title="bbox 181 3017 530 3107; baseline -0.014 -19"><span class='ocrx_word' id='word_1_215' title='bbox 181 3022 321 3107; x_wconf 87' lang='lat' dir='ltr'>litigare.</span> <span class='ocrx_word' id='word_1_216' title='bbox 337 3061 380 3070; x_wconf 97' lang='lat'><em>-</em></span> <span class='ocrx_word' id='word_1_217' title='bbox 397 3018 472 3086; x_wconf 89' lang='lat' dir='ltr'>Fiat</span> <span class='ocrx_word' id='word_1_218' title='bbox 490 3017 530 3084; x_wconf 91' lang='lat' dir='ltr'>R.</span> 
     </span>
     <span class='ocr_line' id='line_1_25' title="bbox 227 3119 902 3210; baseline -0.01 -19"><span class='ocrx_word' id='word_1_219' title='bbox 227 3127 307 3193; x_wconf 90' lang='lat' dir='ltr'>Dat.</span> <span class='ocrx_word' id='word_1_220' title='bbox 322 3125 422 3192; x_wconf 76' lang='lat' dir='ltr'>Avin.</span> <span class='ocrx_word' id='word_1_221' title='bbox 440 3143 457 3210; x_wconf 84' lang='lat'><strong>5</strong></span> <span class='ocrx_word' id='word_1_222' title='bbox 475 3122 519 3189; x_wconf 90' lang='lat' dir='ltr'>id.</span> <span class='ocrx_word' id='word_1_223' title='bbox 535 3129 619 3208; x_wconf 91' lang='lat' dir='ltr'>sept.</span> <span class='ocrx_word' id='word_1_224' title='bbox 636 3127 669 3186; x_wconf 88' lang='lat' dir='ltr'>a⁰</span> <span class='ocrx_word' id='word_1_225' title='bbox 685 3127 728 3206; x_wconf 85' lang='lat'>4⁰.</span> <span class='ocrx_word' id='word_1_226' title='bbox 746 3120 794 3204; x_wconf 83' lang='lat'>(9,</span> <span class='ocrx_word' id='word_1_227' title='bbox 816 3119 902 3203; x_wconf 88' lang='lat'>176).</span> 
     </span>
    </p>
   </div>
   <div class='ocr_carea' id='block_1_5' title="bbox 227 3265 1543 3470">
    <p class='ocr_par' dir='ltr' id='par_1_5' title="bbox 227 3265 1543 3470">
     <span class='ocr_line' id='line_1_26' title="bbox 234 3265 1499 3354; baseline -0.013 -4"><span class='ocrx_word' id='word_1_228' title='bbox 234 3265 346 3350; x_wconf 81' lang='lat'>910.</span> <span class='ocrx_word' id='word_1_229' title='bbox 1141 3287 1235 3351; x_wconf 71' lang='lat'>1345,</span> <span class='ocrx_word' id='word_1_230' title='bbox 1255 3284 1292 3350; x_wconf 78' lang='lat'>13</span> <span class='ocrx_word' id='word_1_231' title='bbox 1310 3267 1499 3354; x_wconf 72' lang='lat' dir='ltr'>septembre.</span> 
     </span>
     <span class='ocr_line' id='line_1_27' title="bbox 227 3369 1543 3470; baseline -0.01 -22"><span class='ocrx_word' id='word_1_232' title='bbox 227 3383 328 3470; x_wconf 87' lang='lat' dir='ltr'>Supp.</span> <span class='ocrx_word' id='word_1_233' title='bbox 353 3379 514 3446; x_wconf 79' lang='lat' dir='ltr'>Nicolaus</span> <span class='ocrx_word' id='word_1_234' title='bbox 537 3377 578 3444; x_wconf 91' lang='lat' dir='ltr'>de</span> <span class='ocrx_word' id='word_1_235' title='bbox 603 3374 724 3442; x_wconf 77' lang='lat' dir='ltr'>Nussia</span> <span class='ocrx_word' id='word_1_236' title='bbox 741 3383 761 3454; x_wconf 84' lang='lat'>³,</span> <span class='ocrx_word' id='word_1_237' title='bbox 787 3381 878 3460; x_wconf 89' lang='lat' dir='ltr'>quat.</span> <span class='ocrx_word' id='word_1_238' title='bbox 906 3373 967 3438; x_wconf 90' lang='lat' dir='ltr'>sibi</span> <span class='ocrx_word' id='word_1_239' title='bbox 983 3373 1026 3440; x_wconf 91' lang='lat' dir='ltr'>de</span> <span class='ocrx_word' id='word_1_240' title='bbox 1042 3373 1124 3438; x_wconf 91' lang='lat' dir='ltr'>eccl.</span> <span class='ocrx_word' id='word_1_241' title='bbox 1147 3370 1181 3436; x_wconf 91' lang='lat' dir='ltr'>in</span> <span class='ocrx_word' id='word_1_242' title='bbox 1206 3369 1308 3436; x_wconf 91' lang='lat' dir='ltr'>Bacel</span> <span class='ocrx_word' id='word_1_243' title='bbox 1331 3381 1366 3437; x_wconf 90' lang='lat' dir='ltr'>et</span> <span class='ocrx_word' id='word_1_244' title='bbox 1390 3371 1504 3438; x_wconf 84' lang='lat' dir='ltr'>Donre</span> <span class='ocrx_word' id='word_1_245' title='bbox 1521 3383 1543 3455; x_wconf 83' lang='lat'>⁴,</span> 
     </span>
    </p>
   </div>
   <div class='ocr_carea' id='block_1_6' title="bbox 180 3474 1544 4403">
    <p class='ocr_par' dir='ltr' id='par_1_6' title="bbox 180 3474 1544 4403">
     <span class='ocr_line' id='line_1_28' title="bbox 182 3474 1543 3567; baseline -0.012 -11"><span class='ocrx_word' id='word_1_246' title='bbox 182 3487 343 3556; x_wconf 88' lang='lat' dir='ltr'>Leodien.</span> <span class='ocrx_word' id='word_1_247' title='bbox 369 3486 466 3566; x_wconf 77' lang='lat' dir='ltr'>dioc,</span> <span class='ocrx_word' id='word_1_248' title='bbox 494 3504 566 3549; x_wconf 86' lang='lat' dir='ltr'>vac.</span> <span class='ocrx_word' id='word_1_249' title='bbox 593 3480 682 3567; x_wconf 92' lang='lat' dir='ltr'>apud</span> <span class='ocrx_word' id='word_1_250' title='bbox 708 3478 822 3545; x_wconf 88' lang='lat' dir='ltr'>sedeur</span> <span class='ocrx_word' id='word_1_251' title='bbox 847 3485 955 3565; x_wconf 88' lang='lat' dir='ltr'>apost.</span> <span class='ocrx_word' id='word_1_252' title='bbox 982 3499 1022 3542; x_wconf 87' lang='lat' dir='ltr'>ex</span> <span class='ocrx_word' id='word_1_253' title='bbox 1054 3498 1095 3542; x_wconf 91' lang='lat' dir='ltr'>eo</span> <span class='ocrx_word' id='word_1_254' title='bbox 1125 3475 1216 3561; x_wconf 89' lang='lat' dir='ltr'>quud</span> <span class='ocrx_word' id='word_1_255' title='bbox 1245 3474 1471 3542; x_wconf 84' lang='lat' dir='ltr'>Theodericus</span> <span class='ocrx_word' id='word_1_256' title='bbox 1501 3476 1543 3542; x_wconf 93' lang='lat' dir='ltr'>de</span> 
     </span>
     <span class='ocr_line' id='line_1_29' title="bbox 181 3579 1543 3670; baseline -0.007 -14"><span class='ocrx_word' id='word_1_257' title='bbox 181 3590 408 3658; x_wconf 84' lang='lat' dir='ltr'>Glrirnnenich</span> <span class='ocrx_word' id='word_1_258' title='bbox 425 3588 550 3654; x_wconf 85' lang='lat' dir='ltr'>dictam</span> <span class='ocrx_word' id='word_1_259' title='bbox 569 3586 650 3652; x_wconf 89' lang='lat' dir='ltr'>cccl.</span> <span class='ocrx_word' id='word_1_260' title='bbox 667 3583 845 3670; x_wconf 88' lang='lat' dir='ltr'>occupavit</span> <span class='ocrx_word' id='word_1_261' title='bbox 870 3602 929 3669; x_wconf 88' lang='lat' dir='ltr'>per</span> <span class='ocrx_word' id='word_1_262' title='bbox 953 3583 1063 3668; x_wconf 87' lang='lat' dir='ltr'>plures</span> <span class='ocrx_word' id='word_1_263' title='bbox 1087 3602 1193 3646; x_wconf 79' lang='lat' dir='ltr'>asinos</span> <span class='ocrx_word' id='word_1_264' title='bbox 1216 3600 1282 3645; x_wconf 87' lang='lat' dir='ltr'>una</span> <span class='ocrx_word' id='word_1_265' title='bbox 1298 3601 1374 3645; x_wconf 88' lang='lat' dir='ltr'>cunr</span> <span class='ocrx_word' id='word_1_266' title='bbox 1390 3579 1543 3665; x_wconf 82' lang='lat' dir='ltr'>parroelr.</span> 
     </span>
     <span class='ocr_line' id='line_1_30' title="bbox 181 3685 1542 3779; baseline -0.011 -16"><span class='ocrx_word' id='word_1_267' title='bbox 181 3698 263 3763; x_wconf 90' lang='lat' dir='ltr'>eccl.</span> <span class='ocrx_word' id='word_1_268' title='bbox 288 3697 319 3762; x_wconf 92' lang='lat' dir='ltr'>in</span> <span class='ocrx_word' id='word_1_269' title='bbox 344 3694 533 3779; x_wconf 85' lang='lat' dir='ltr'>chtlrerne,</span> <span class='ocrx_word' id='word_1_270' title='bbox 550 3689 724 3754; x_wconf 87' lang='lat' dir='ltr'>Colonien.</span> <span class='ocrx_word' id='word_1_271' title='bbox 748 3687 844 3768; x_wconf 72' lang='lat' dir='ltr'>(linc,</span> <span class='ocrx_word' id='word_1_272' title='bbox 868 3687 971 3752; x_wconf 86' lang='lat' dir='ltr'>etiam</span> <span class='ocrx_word' id='word_1_273' title='bbox 991 3685 1024 3750; x_wconf 90' lang='lat' dir='ltr'>in</span> <span class='ocrx_word' id='word_1_274' title='bbox 1040 3687 1259 3772; x_wconf 87' lang='lat' dir='ltr'>presbiterum</span> <span class='ocrx_word' id='word_1_275' title='bbox 1275 3704 1343 3748; x_wconf 86' lang='lat' dir='ltr'>uon</span> <span class='ocrx_word' id='word_1_276' title='bbox 1360 3691 1542 3768; x_wconf 86' lang='lat' dir='ltr'>promotus,</span> 
     </span>
     <span class='ocr_line' id='line_1_31' title="bbox 180 3787 1543 3886; baseline -0.012 -19"><span class='ocrx_word' id='word_1_277' title='bbox 180 3800 362 3886; x_wconf 89' lang='lat' dir='ltr'>dignemini</span> <span class='ocrx_word' id='word_1_278' title='bbox 388 3797 573 3886; x_wconf 87' lang='lat' dir='ltr'>providere,</span> <span class='ocrx_word' id='word_1_279' title='bbox 601 3801 716 3860; x_wconf 88' lang='lat' dir='ltr'>amoto</span> <span class='ocrx_word' id='word_1_280' title='bbox 740 3795 782 3858; x_wconf 89' lang='lat' dir='ltr'>ab</span> <span class='ocrx_word' id='word_1_281' title='bbox 808 3791 925 3857; x_wconf 86' lang='lat' dir='ltr'>eadem</span> <span class='ocrx_word' id='word_1_282' title='bbox 947 3790 1096 3874; x_wconf 84' lang='lat' dir='ltr'>quolibet</span> <span class='ocrx_word' id='word_1_283' title='bbox 1118 3789 1234 3853; x_wconf 83' lang='lat' dir='ltr'>illicito</span> <span class='ocrx_word' id='word_1_284' title='bbox 1252 3787 1452 3864; x_wconf 87' lang='lat' dir='ltr'>detentore;</span> <span class='ocrx_word' id='word_1_285' title='bbox 1475 3806 1543 3851; x_wconf 87' lang='lat' dir='ltr'>nun</span> 
     </span>
     <span class='ocr_line' id='line_1_32' title="bbox 182 3889 1544 3990; baseline -0.014 -18"><span class='ocrx_word' id='word_1_286' title='bbox 182 3903 364 3990; x_wconf 92' lang='lat' dir='ltr'>obst.qu0d</span> <span class='ocrx_word' id='word_1_287' title='bbox 381 3902 468 3968; x_wconf 90' lang='lat' dir='ltr'>idem</span> <span class='ocrx_word' id='word_1_288' title='bbox 487 3899 647 3967; x_wconf 78' lang='lat' dir='ltr'>Nicolaus</span> <span class='ocrx_word' id='word_1_289' title='bbox 663 3917 737 3965; x_wconf 90' lang='lat' dir='ltr'>can.</span> <span class='ocrx_word' id='word_1_290' title='bbox 754 3904 789 3962; x_wconf 92' lang='lat' dir='ltr'>et</span> <span class='ocrx_word' id='word_1_291' title='bbox 804 3898 894 3982; x_wconf 87' lang='lat' dir='ltr'>preb.</span> <span class='ocrx_word' id='word_1_292' title='bbox 912 3915 988 3960; x_wconf 88' lang='lat' dir='ltr'>cunr</span> <span class='ocrx_word' id='word_1_293' title='bbox 1005 3891 1196 3958; x_wconf 89' lang='lat' dir='ltr'>obedientia</span> <span class='ocrx_word' id='word_1_294' title='bbox 1213 3891 1246 3955; x_wconf 90' lang='lat' dir='ltr'>iu</span> <span class='ocrx_word' id='word_1_295' title='bbox 1264 3889 1434 3954; x_wconf 86' lang='lat' dir='ltr'>Bunnensi</span> <span class='ocrx_word' id='word_1_296' title='bbox 1451 3890 1544 3967; x_wconf 85' lang='lat' dir='ltr'>eccl,</span> 
     </span>
     <span class='ocr_line' id='line_1_33' title="bbox 182 3991 1542 4095; baseline -0.011 -23"><span class='ocrx_word' id='word_1_297' title='bbox 182 4009 332 4095; x_wconf 88' lang='lat' dir='ltr'>predicte</span> <span class='ocrx_word' id='word_1_298' title='bbox 349 4005 525 4072; x_wconf 87' lang='lat' dir='ltr'>Colonien.</span> <span class='ocrx_word' id='word_1_299' title='bbox 541 4003 639 4082; x_wconf 80' lang='lat' dir='ltr'>dioc,</span> <span class='ocrx_word' id='word_1_300' title='bbox 656 4011 691 4066; x_wconf 91' lang='lat' dir='ltr'>et</span> <span class='ocrx_word' id='word_1_301' title='bbox 707 4001 739 4066; x_wconf 89' lang='lat' dir='ltr'>in</span> <span class='ocrx_word' id='word_1_302' title='bbox 757 3997 996 4065; x_wconf 80' lang='lat' dir='ltr'>Amaniunensi</span> <span class='ocrx_word' id='word_1_303' title='bbox 1022 3995 1229 4062; x_wconf 86' lang='lat' dir='ltr'>scolastriaur</span> <span class='ocrx_word' id='word_1_304' title='bbox 1246 4001 1280 4058; x_wconf 92' lang='lat' dir='ltr'>et</span> <span class='ocrx_word' id='word_1_305' title='bbox 1299 3993 1331 4056; x_wconf 91' lang='lat' dir='ltr'>in</span> <span class='ocrx_word' id='word_1_306' title='bbox 1349 3992 1390 4059; x_wconf 92' lang='lat' dir='ltr'>de</span> <span class='ocrx_word' id='word_1_307' title='bbox 1408 3991 1542 4058; x_wconf 90' lang='lat' dir='ltr'>Mersen</span> 
     </span>
     <span class='ocr_line' id='line_1_34' title="bbox 183 4095 1544 4188; baseline -0.01 -12"><span class='ocrx_word' id='word_1_308' title='bbox 183 4113 341 4180; x_wconf 87' lang='lat' dir='ltr'>vicariam</span> <span class='ocrx_word' id='word_1_309' title='bbox 366 4107 524 4187; x_wconf 86' lang='lat' dir='ltr'>ecclesiis,</span> <span class='ocrx_word' id='word_1_310' title='bbox 551 4105 710 4172; x_wconf 86' lang='lat' dir='ltr'>Leodien.</span> <span class='ocrx_word' id='word_1_311' title='bbox 737 4105 823 4170; x_wconf 89' lang='lat' dir='ltr'>dioc.</span> <span class='ocrx_word' id='word_1_312' title='bbox 852 4101 1051 4188; x_wconf 86' lang='lat' dir='ltr'>supradicte,</span> <span class='ocrx_word' id='word_1_313' title='bbox 1076 4118 1138 4185; x_wconf 91' lang='lat' dir='ltr'>pro</span> <span class='ocrx_word' id='word_1_314' title='bbox 1165 4117 1231 4182; x_wconf 86' lang='lat' dir='ltr'>qua</span> <span class='ocrx_word' id='word_1_315' title='bbox 1257 4095 1392 4181; x_wconf 88' lang='lat' dir='ltr'>quidem</span> <span class='ocrx_word' id='word_1_316' title='bbox 1419 4095 1544 4162; x_wconf 86' lang='lat' dir='ltr'>vicaria</span> 
     </span>
     <span class='ocr_line' id='line_1_35' title="bbox 183 4200 1544 4302; baseline -0.013 -19"><span class='ocrx_word' id='word_1_317' title='bbox 183 4217 293 4302; x_wconf 87' lang='lat' dir='ltr'>litigat</span> <span class='ocrx_word' id='word_1_318' title='bbox 310 4216 342 4281; x_wconf 96' lang='lat' dir='ltr'>in</span> <span class='ocrx_word' id='word_1_319' title='bbox 360 4213 450 4280; x_wconf 91' lang='lat' dir='ltr'>curia</span> <span class='ocrx_word' id='word_1_320' title='bbox 467 4213 498 4279; x_wconf 87' lang='lat' dir='ltr'>S.</span> <span class='ocrx_word' id='word_1_321' title='bbox 510 4209 560 4291; x_wconf 77' lang='lat' dir='ltr'>l&#39;,</span> <span class='ocrx_word' id='word_1_322' title='bbox 576 4209 725 4276; x_wconf 90' lang='lat' dir='ltr'>noscitur</span> <span class='ocrx_word' id='word_1_323' title='bbox 741 4209 903 4284; x_wconf 89' lang='lat' dir='ltr'>obtinere,</span> <span class='ocrx_word' id='word_1_324' title='bbox 919 4214 954 4270; x_wconf 90' lang='lat' dir='ltr'>et</span> <span class='ocrx_word' id='word_1_325' title='bbox 970 4203 1059 4289; x_wconf 93' lang='lat' dir='ltr'>quod</span> <span class='ocrx_word' id='word_1_326' title='bbox 1075 4223 1121 4286; x_wconf 87' lang='lat' dir='ltr'>gr.</span> <span class='ocrx_word' id='word_1_327' title='bbox 1137 4219 1244 4288; x_wconf 91' lang='lat' dir='ltr'>nuper</span> <span class='ocrx_word' id='word_1_328' title='bbox 1260 4221 1279 4268; x_wconf 88' lang='lat' dir='ltr'>a</span> <span class='ocrx_word' id='word_1_329' title='bbox 1296 4201 1327 4267; x_wconf 86' lang='lat' dir='ltr'>S.</span> <span class='ocrx_word' id='word_1_330' title='bbox 1342 4200 1381 4266; x_wconf 85' lang='lat' dir='ltr'>V.</span> <span class='ocrx_word' id='word_1_331' title='bbox 1398 4201 1544 4266; x_wconf 88' lang='lat' dir='ltr'>obtinuit</span> 
     </span>
     <span class='ocr_line' id='line_1_36' title="bbox 185 4305 1543 4403; baseline -0.011 -16"><span class='ocrx_word' id='word_1_332' title='bbox 185 4320 230 4387; x_wconf 91' lang='lat' dir='ltr'>ad</span> <span class='ocrx_word' id='word_1_333' title='bbox 244 4321 319 4387; x_wconf 94' lang='lat' dir='ltr'>coll.</span> <span class='ocrx_word' id='word_1_334' title='bbox 337 4317 531 4403; x_wconf 88' lang='lat' dir='ltr'>archiepisc.</span> <span class='ocrx_word' id='word_1_335' title='bbox 548 4322 582 4381; x_wconf 92' lang='lat' dir='ltr'>et</span> <span class='ocrx_word' id='word_1_336' title='bbox 599 4334 673 4400; x_wconf 88' lang='lat' dir='ltr'>cap.</span> <span class='ocrx_word' id='word_1_337' title='bbox 690 4311 865 4379; x_wconf 87' lang='lat' dir='ltr'>Colonien.</span> <span class='ocrx_word' id='word_1_338' title='bbox 885 4307 1108 4376; x_wconf 87' lang='lat' dir='ltr'>communiter</span> <span class='ocrx_word' id='word_1_339' title='bbox 1123 4307 1177 4371; x_wconf 89' lang='lat' dir='ltr'>vel</span> <span class='ocrx_word' id='word_1_340' title='bbox 1193 4305 1335 4372; x_wconf 83' lang='lat' dir='ltr'>divisim.</span> <span class='ocrx_word' id='word_1_341' title='bbox 1351 4343 1394 4355; x_wconf 86' lang='lat'>-—</span> <span class='ocrx_word' id='word_1_342' title='bbox 1412 4305 1487 4371; x_wconf 85' lang='lat' dir='ltr'>Fiat</span> <span class='ocrx_word' id='word_1_343' title='bbox 1503 4305 1543 4372; x_wconf 92' lang='lat' dir='ltr'>R.</span> 
     </span>
    </p>
   </div>
   <div class='ocr_carea' id='block_1_7' title="bbox 231 4418 876 4506">
    <p class='ocr_par' dir='ltr' id='par_1_7' title="bbox 231 4418 876 4506">
     <span class='ocr_line' id='line_1_37' title="bbox 231 4418 876 4506; baseline -0.016 -18"><span class='ocrx_word' id='word_1_344' title='bbox 231 4425 307 4490; x_wconf 91' lang='lat' dir='ltr'>Dat.</span> <span class='ocrx_word' id='word_1_345' title='bbox 323 4423 423 4488; x_wconf 79' lang='lat' dir='ltr'>Avin.</span> <span class='ocrx_word' id='word_1_346' title='bbox 436 4421 479 4487; x_wconf 94' lang='lat' dir='ltr'>id.</span> <span class='ocrx_word' id='word_1_347' title='bbox 496 4427 580 4506; x_wconf 87' lang='lat' dir='ltr'>sept.</span> <span class='ocrx_word' id='word_1_348' title='bbox 596 4427 629 4484; x_wconf 85' lang='lat' dir='ltr'>a&#39;&#39;</span> <span class='ocrx_word' id='word_1_349' title='bbox 645 4427 687 4502; x_wconf 79' lang='lat'>4⁰.</span> <span class='ocrx_word' id='word_1_350' title='bbox 705 4423 753 4500; x_wconf 73' lang='lat'>(9,</span> <span class='ocrx_word' id='word_1_351' title='bbox 775 4418 876 4498; x_wconf 55' lang='lat' dir='ltr'>178l&#39;).</span> 
     </span>
    </p>
   </div>
   <div class='ocr_carea' id='block_1_8' title="bbox 231 4561 1546 4766">
    <p class='ocr_par' dir='ltr' id='par_1_8' title="bbox 231 4561 1546 4766">
     <span class='ocr_line' id='line_1_38' title="bbox 237 4561 1503 4648; baseline -0.014 -4"><span class='ocrx_word' id='word_1_352' title='bbox 237 4561 340 4646; x_wconf 76' lang='lat'>911.</span> <span class='ocrx_word' id='word_1_353' title='bbox 823 4603 828 4616; x_wconf 94' lang='lat'><em>·</em></span> <span class='ocrx_word' id='word_1_354' title='bbox 1143 4582 1204 4646; x_wconf 66' lang='lat'>134</span> <span class='ocrx_word' id='word_1_355' title='bbox 1206 4580 1238 4642; x_wconf 86' lang='lat'>5,</span> <span class='ocrx_word' id='word_1_356' title='bbox 1257 4581 1297 4641; x_wconf 80' lang='lat'>19</span> <span class='ocrx_word' id='word_1_357' title='bbox 1313 4562 1503 4648; x_wconf 73' lang='lat' dir='ltr'>septembre.</span> 
     </span>
     <span class='ocr_line' id='line_1_39' title="bbox 231 4662 1546 4766; baseline -0.012 -21"><span class='ocrx_word' id='word_1_358' title='bbox 231 4681 318 4766; x_wconf 86' lang='lat' dir='ltr'>Sign.</span> <span class='ocrx_word' id='word_1_359' title='bbox 335 4679 508 4758; x_wconf 88' lang='lat' dir='ltr'>Jolrannes</span> <span class='ocrx_word' id='word_1_360' title='bbox 530 4676 571 4742; x_wconf 92' lang='lat' dir='ltr'>de</span> <span class='ocrx_word' id='word_1_361' title='bbox 598 4673 750 4752; x_wconf 84' lang='lat' dir='ltr'>Herzele,</span> <span class='ocrx_word' id='word_1_362' title='bbox 770 4673 846 4737; x_wconf 86' lang='lat' dir='ltr'>cler.</span> <span class='ocrx_word' id='word_1_363' title='bbox 864 4669 1081 4733; x_wconf 74' lang='lat' dir='ltr'>cameracen.</span> <span class='ocrx_word' id='word_1_364' title='bbox 1098 4667 1194 4742; x_wconf 80' lang='lat' dir='ltr'>dioc,</span> <span class='ocrx_word' id='word_1_365' title='bbox 1212 4663 1301 4750; x_wconf 88' lang='lat' dir='ltr'>quod</span> <span class='ocrx_word' id='word_1_366' title='bbox 1316 4665 1440 4731; x_wconf 92' lang='lat' dir='ltr'>dudum</span> <span class='ocrx_word' id='word_1_367' title='bbox 1458 4665 1489 4730; x_wconf 78' lang='lat' dir='ltr'>S.</span> <span class='ocrx_word' id='word_1_368' title='bbox 1507 4662 1546 4729; x_wconf 81' lang='lat' dir='ltr'>v.</span> 
     </span>
    </p>
   </div>
   <div class='ocr_carea' id='block_1_9' title="bbox 189 4901 1543 5053">
    <p class='ocr_par' dir='ltr' id='par_1_9' title="bbox 189 4901 1543 5053">
     <span class='ocr_line' id='line_1_40' title="bbox 224 4901 1543 4975; baseline -0.015 -5"><span class='ocrx_word' id='word_1_369' title='bbox 224 4925 243 4970; x_wconf 97' lang='lat' dir='ltr'>l.</span> <span class='ocrx_word' id='word_1_370' title='bbox 262 4921 391 4974; x_wconf 77' lang='lat' dir='ltr'>Bormuns.</span> <span class='ocrx_word' id='word_1_371' title='bbox 415 4919 519 4972; x_wconf 80' lang='lat' dir='ltr'>(lu-tul..</span> <span class='ocrx_word' id='word_1_372' title='bbox 536 4918 577 4974; x_wconf 80' lang='lat' dir='ltr'>tv,</span> <span class='ocrx_word' id='word_1_373' title='bbox 597 4918 635 4974; x_wconf 74' lang='grc'>36,</span> <span class='ocrx_word' id='word_1_374' title='bbox 654 4917 738 4964; x_wconf 66' lang='lat' dir='ltr'>(lorino</span> <span class='ocrx_word' id='word_1_375' title='bbox 756 4913 877 4974; x_wconf 76' lang='lat' dir='ltr'>l&#39;urrulysc</span> <span class='ocrx_word' id='word_1_376' title='bbox 893 4909 995 4975; x_wconf 74' lang='lat' dir='ltr'>d&#39;aprbs</span> <span class='ocrx_word' id='word_1_377' title='bbox 1012 4911 1036 4960; x_wconf 87' lang='lat' dir='ltr'>lc</span> <span class='ocrx_word' id='word_1_378' title='bbox 1054 4909 1100 4958; x_wconf 71' lang='lat' dir='ltr'>ltu</span> <span class='ocrx_word' id='word_1_379' title='bbox 1119 4909 1207 4959; x_wconf 82' lang='lat' dir='ltr'>Rotho.</span> <span class='ocrx_word' id='word_1_380' title='bbox 1220 4935 1252 4945; x_wconf 87' lang='lat'><em>-</em></span> <span class='ocrx_word' id='word_1_381' title='bbox 1269 4910 1291 4956; x_wconf 84' lang='lat'>2.</span> <span class='ocrx_word' id='word_1_382' title='bbox 1305 4905 1344 4956; x_wconf 83' lang='lat' dir='ltr'>Ci.</span> <span class='ocrx_word' id='word_1_383' title='bbox 1363 4905 1462 4964; x_wconf 77' lang='lat' dir='ltr'>Kimeh,</span> <span class='ocrx_word' id='word_1_384' title='bbox 1475 4901 1543 4951; x_wconf 77' lang='lat' dir='ltr'>Ir&#39;rdl.</span> 
     </span>
     <span class='ocr_line' id='line_1_41' title="bbox 189 4990 827 5053; baseline -0.016 -7"><span class='ocrx_word' id='word_1_385' title='bbox 189 4997 245 5053; x_wconf 73' lang='lat'>279,</span> <span class='ocrx_word' id='word_1_386' title='bbox 258 4997 313 5044; x_wconf 81' lang='grc'>289.</span> <span class='ocrx_word' id='word_1_387' title='bbox 324 5023 356 5030; x_wconf 84' lang='grc'>-</span> <span class='ocrx_word' id='word_1_388' title='bbox 369 4997 391 5044; x_wconf 81' lang='grc'>3.</span> <span class='ocrx_word' id='word_1_389' title='bbox 404 4993 466 5044; x_wconf 78' lang='lat' dir='ltr'>von</span> <span class='ocrx_word' id='word_1_390' title='bbox 477 5007 502 5042; x_wconf 91' lang='lat' dir='ltr'>n.</span> <span class='ocrx_word' id='word_1_391' title='bbox 515 4995 569 5042; x_wconf 63' lang='lat'>8⁸2.</span> <span class='ocrx_word' id='word_1_392' title='bbox 582 5019 615 5026; x_wconf 86' lang='lat'>-</span> <span class='ocrx_word' id='word_1_393' title='bbox 625 4993 648 5039; x_wconf 81' lang='lat' dir='ltr'>l.</span> <span class='ocrx_word' id='word_1_394' title='bbox 661 4990 723 5037; x_wconf 72' lang='lat' dir='ltr'>&#39;l&#39;ur&#39;r</span> <span class='ocrx_word' id='word_1_395' title='bbox 734 5003 759 5037; x_wconf 92' lang='lat' dir='ltr'>n.</span> <span class='ocrx_word' id='word_1_396' title='bbox 770 4991 827 5036; x_wconf 77' lang='grc'><strong>909.</strong></span> 
     </span>
    </p>
   </div>
   <div class='ocr_carea' id='block_1_10' title="bbox 0 0 1840 5675">
    <p class='ocr_par' dir='ltr' id='par_1_10' title="bbox 0 0 1840 5675">
     <span class='ocr_line' id='line_1_42' title="bbox 0 0 1840 5675; baseline 0 0"><span class='ocrx_word' id='word_1_397' title='bbox 0 0 1840 5675; x_wconf 95' lang='lat' dir='ltr'> </span> 
     </span>
    </p>
   </div>
  </div>
 </body>
</html>
