3650 5675
291 499 332 568 88
773 501 859 576 1343,
883 491 924 569 29
943 501 1045 583 juind
1062 503 1172 600 juillet.

293 678 405 723 racen.
422 657 519 738 dioc.‚
534 655 706 742 provisum
722 663 773 721 est
788 654 807 733 J
811 658 920 721 acobo
935 655 1027 721 dicto
1044 655 1177 738 Faroul,
1194 661 1302 742 presb.
1314 658 1403 724 dicte
1414 659 1511 741 dioc.‚
1524 661 1566 727 de
1579 683 1653 728 can.

294 765 354 826 sub
379 783 454 847 exp.
479 763 571 846 preb.
588 761 669 825 eccl.
685 759 938 841 Anthoniensis,
955 781 1024 825 non
1041 764 1126 827 obst.
1144 762 1233 845 quod
1246 762 1333 828 idem
1343 761 1363 839 J
1367 766 1492 829 acubus
1500 768 1653 850 parroch.

295 866 376 931 eccl.
393 873 427 930 et
443 863 667 951 capellaniam
684 861 715 928 S.
732 861 867 927 Nicolai
883 861 926 927 de
951 863 1133 944 Romeries,
1150 865 1242 948 pred.
1269 865 1365 947 dioc.‚
1392 869 1543 934 noscitur
1569 872 1655 936 obti-

294 991 384 1034 nere.
401 968 446 1033 Et
461 966 593 1044 Jacobo
607 967 700 1032 dicto
716 965 827 1032 Blarie
842 966 884 1031 de
912 966 1065 1049 Sauzeto,
1082 971 1159 1035 cler.
1184 970 1273 1034 dicte
1300 970 1396 1053 dioc.‚
1424 972 1466 1038 de
1492 993 1565 1039 can.
1593 978 1654 1040 snb

294 1094 369 1158 exp.
385 1075 476 1158 preb.
493 1072 575 1137 eccl.
591 1071 796 1162 Lobicensis.
812 1111 855 1120 --
879 1070 957 1137 Fiat
972 1093 1033 1158 pro
1048 1081 1200 1158 utroque.
1218 1074 1257 1140 R.

338 1177 419 1242 Dat.
439 1177 538 1242 Avin.
555 1174 653 1260 4kal.
667 1174 739 1262 julii
754 1181 788 1240 a⁰
805 1181 847 1240 2⁰.
863 1177 911 1260 (5,
930 1179 995 1260 64).
1077 1185 1082 1196 “

293 1365 299 1377 ‘
343 1335 467 1418 406
733 1367 735 1370 ’
1360 1368 1455 1432 1343,
1473 1369 1512 1434 29
1521 1347 1608 1429 juin.

338 1454 459 1539 Sign...
477 1452 708 1538 RaymunduS,
726 1449 895 1516 Morinen.
912 1451 1023 1536 episc,
1040 1449 1131 1533 quod
1156 1470 1264 1535 nuper
1290 1450 1334 1516 ad
1349 1452 1418 1536 ejus
1443 1454 1549 1538 suppl.
1565 1453 1596 1518 S.
1612 1453 1653 1519 V.

293 1556 440 1642 providit
457 1555 557 1620 Petro
574 1553 767 1638 Raymundi
785 1551 931 1635 Saqueti,
949 1552 1026 1616 cler.
1055 1549 1280 1639 Mirapiscen,
1308 1563 1343 1620 et
1367 1557 1485 1620 scolari
1510 1556 1654 1624 Parisius

295 1662 328 1724 in
344 1660 443 1741 decr,
460 1659 608 1744 ejusdem
624 1658 725 1744 episc.
752 1655 878 1742 nepoti,
896 1655 938 1720 de
966 1676 1051 1737 can,
1075 1661 1167 1742 preb.
1195 1667 1229 1723 et
1254 1660 1473 1749 prepositura,
1498 1671 1652 1727 mensata

176 1758 179 1762 ’
292 1765 473 1850 vulgariter
487 1772 694 1848 nuncupata,
712 1782 785 1827 vac.
801 1762 835 1826 in
851 1762 933 1827 eccl.
958 1760 1140 1827 Valentina
1167 1783 1226 1849 per
1255 1767 1308 1830 ob.
1336 1763 1436 1830 Blasii
1454 1766 1496 1830 de
1512 1765 1650 1848 Luna...,

291 1889 360 1943 non
391 1871 477 1934 obst.
494 1867 584 1952 quod
600 1866 688 1932 idem
706 1865 823 1931 Petrus
839 1865 1033 1950 Raymundi
1051 1867 1084 1930 in
1101 1870 1182 1933 eccl.
1208 1867 1375 1935 Morinen.
1403 1890 1477 1935 can.
1502 1879 1537 1935 et
1560 1875 1651 1956 preb.

292 1996 332 2040 ac
347 1995 433 2060 pers.
449 1974 491 2038 de
508 1972 614 2052 Enoc,
630 1971 717 2037 dioc.
735 1969 914 2050 Morinen,
930 1978 965 2036 et
981 1971 1014 2035 in
1038 1974 1120 2037 eccl.
1148 1971 1329 2038 Camoteu.
1356 1983 1391 2038 et
1417 1974 1554 2040 Oloren.
1578 1996 1650 2042 can.

293 2082 353 2144 sub
370 2099 445 2163 exp.
461 2080 553 2163 preb.
569 2085 603 2141 et
619 2077 652 2139 in
670 2075 760 2141 dicta
776 2074 960 2141 Camoten.
977 2079 1037 2142 sub
1054 2098 1129 2162 exp.
1146 2076 1202 2143 off.
1219 2080 1273 2143 vel
1288 2081 1365 2144 beu.
1379 2079 1572 2156 obtineat...
1586 2091 1594 2115 ¹
1608 2080 1651 2146 Et

291 2182 370 2266 quia
386 2182 420 2246 in
438 2179 656 2246 concessione
671 2199 730 2265 per
746 2179 777 2244 S.
794 2179 833 2245 V.
850 2180 942 2268 dicto
959 2180 1060 2246 Petro
1078 2181 1272 2266 Raymundi
1299 2182 1390 2248 sacta
1417 2184 1653 2250 continebatur

292 2286 382 2370 quod
397 2286 478 2351 dicti
495 2307 570 2351 can.
586 2293 621 2350 et
636 2287 728 2370 preb.
744 2294 779 2350 et
794 2287 1006 2371 prepositura
1032 2285 1076 2351 de
1102 2286 1193 2353 facto
1214 2295 1248 2352 et
1263 2287 1374 2354 minus
1390 2289 1553 2354 canonice
1568 2289 1652 2355 deti-

291 2399 414 2456 nentur
428 2411 488 2476 per
502 2410 591 2474 mag.
608 2389 745 2455 Petrum
761 2388 930 2470 Callerini,
958 2390 1044 2456 dioc.
1072 2389 1331 2472 Barchinonen,
1359 2400 1393 2457 et
1419 2401 1518 2477 prout
1545 2393 1652 2459 dictus

293 2495 411 2560 Petrus
428 2494 622 2579 Raymundi
639 2495 815 2574 intellexit,
831 2495 940 2560 dictus
957 2494 1075 2560 Petrus
1091 2495 1249 2561 Callerini
1267 2497 1397 2562 obtinet
1410 2498 1517 2562 solnm
1533 2519 1652 2584 prepo-

292 2600 431 2664 situram
447 2599 644 2685 predictam,
659 2619 723 2664 nec
740 2600 850 2665 adhuc
865 2600 966 2684 plene
982 2600 1093 2686 potuit
1110 2600 1192 2666 scire
1209 2600 1298 2666 idem
1327 2600 1445 2667 Petrus
1458 2601 1650 2687 Raymundi

290 2724 350 2788 per
365 2724 465 2788 quem
480 2703 561 2768 dicti
578 2723 653 2768 can.
670 2711 705 2767 et
720 2706 811 2789 preb.
828 2703 1043 2782 detinentur;
1061 2704 1136 2769 ideo
1152 2725 1247 2790 supp.
1264 2704 1295 2770 S.
1312 2703 1351 2769 V.
1375 2705 1543 2790 predictus
1564 2706 1651 2770 idem

168 2810 170 2813 ’
290 2801 466 2894 episcopus
481 2815 584 2892 quat,
601 2807 643 2873 de
652 2807 795 2873 uberiori
811 2807 902 2873 dono
918 2807 949 2872 S.
967 2806 1017 2890 V„
1030 2807 1139 2873 eidem
1151 2807 1251 2875 Petro
1265 2808 1457 2894 Raymundi
1469 2809 1650 2876 concedere

290 2911 473 2995 dignemini
494 2921 531 2975 ut
557 2910 665 2975 dictos
692 2932 767 2976 can.
794 2918 829 2975 et
853 2913 945 2996 preb.
970 2920 1005 2976 et
1031 2913 1276 2998 preposituram
1303 2915 1399 2978 simul
1426 2916 1492 2979 vel·
1506 2935 1593 2980 succ.
1618 2922 1652 2978 et

292 3015 431 3080 diversis
445 3014 653 3099 temporibus
669 3034 709 3079 ac
725 3015 829 3079 etiam
844 3015 1090 3099 preposituram
1106 3016 1235 3101 prefate
1252 3019 1364 3083 eccl...
1388 3019 1512 3083 habere
1529 3021 1652 3083 valeat.

293 3160 336 3169 -
354 3118 430 3184 Fiat
447 3118 487 3183 R.

336 3224 416 3289 Dat.
432 3224 531 3288 Avin.
549 3243 567 3307 3
583 3221 651 3287 kal.
664 3222 736 3307 julii
754 3230 787 3287 a⁰
805 3229 847 3287 2⁰.
863 3224 912 3307 (5,
932 3224 1014 3305 68‘).

343 3378 462 3459 407.
1356 3413 1373 3457 1
1376 3412 1417 3475 34
1417 3413 1450 3476 3,
1468 3391 1610 3475 jojacin.

337 3497 437 3582 Supp.
454 3493 627 3575 Bullerius,
642 3494 733 3561 dom.
750 3494 781 3559 S.
798 3492 960 3575 Necterii,
978 3494 1231 3561 Claromonten.
1248 3496 1345 3576 dioc,
1362 3504 1454 3580 quat.
1469 3494 1576 3581 [fratri
1594 3516 1653 3580 suo

294 3599 435 3666 Eracleo
449 3600 492 3665 de
507 3599 538 3663 S.
556 3598 727 3679 Necterio,
743 3596 835 3684 bac]
854 3598 889 3662 in
904 3598 978 3683 leg,
995 3598 1036 3663 de
1061 3620 1135 3664 can.
1152 3608 1187 3664 et
1209 3603 1301 3685 preb.
1327 3601 1409 3665 eccl.
1437 3598 1602 3664 Bisuntin.
1619 3607 1653 3663 et

293 3706 568 3771 archidiaconatu
585 3704 627 3770 de
643 3703 801 3787 Grayaco
817 3702 850 3765 in
877 3702 998 3767 eadem
1025 3703 1138 3768 eccl...
1163 3703 1348 3789 dignemini
1375 3703 1559 3790 providere,
1583 3723 1650 3768 non

293 3812 377 3875 obst.
394 3809 485 3893 quod
500 3808 589 3874 idem
606 3807 765 3872 Eracleus
781 3825 856 3870 can.
872 3813 907 3869 et
922 3808 1014 3890 preb.
1034 3806 1066 3869 in
1085 3806 1337 3871 Claromonten.
1363 3815 1397 3871 et
1413 3805 1594 3887 Brivaten.,
1618 3815 1652 3871 et

292 3933 367 3979 can.
383 3933 459 3977 cum
475 3912 612 3978 dimidia
628 3914 720 3998 preb.
737 3911 771 3974 in
787 3909 981 3992 Carnoten,
1007 3918 1041 3974 et
1068 3931 1142 3975 can.
1170 3914 1229 3976 sub
1257 3933 1331 3998 exp.
1348 3914 1439 3997 preb.
1463 3918 1497 3975 et
1512 3911 1602 3996 dign.
1619 3911 1651 3977 in

293 4016 453 4081 Leodien.
470 4017 618 4082 ecclesiis
633 4015 782 4081 noscitur
797 4014 959 4079 obtinere.
976 4054 1019 4061 —
1035 4013 1113 4078 Fiat
1129 4013 1169 4080 R.

335 4120 415 4186 Dat.
431 4141 485 4206 ap.
502 4119 752 4185 Villamnovam
769 4139 786 4182 2
803 4116 870 4182 kal.
883 4117 956 4203 julii
973 4125 1007 4183 a⁰
1024 4125 1065 4183 2⁰.
1084 4119 1132 4203 (5,
1151 4120 1218 4203 65).

341 4278 461 4359 408.
1344 4310 1363 4353 1
1364 4310 1407 4373 34
1408 4310 1440 4372 3,
1457 4311 1475 4371 4
1492 4286 1609 4366 juillet.

335 4397 424 4481 Sign.
441 4395 472 4459 S.
489 4394 528 4460 V.
546 4395 673 4481 Symon
689 4393 731 4458 de
748 4391 938 4472 Mirabello,
956 4392 1038 4458 alias
1053 4393 1096 4459 de
1113 4393 1213 4473 Hale,
1226 4393 1316 4458 dom.
1330 4393 1372 4458 de
1389 4392 1605 4477 Pierreweys,
1618 4400 1653 4456 et

293 4500 470 4566 Elizabeth
485 4500 555 4584 ejus
571 4518 663 4579 uxor,
679 4518 772 4563 soror
786 4496 949 4562 naturalis
972 4496 1061 4563 dom.
1089 4498 1221 4563 comitis
1250 4496 1406 4562 Flaudrie
1421 4506 1442 4576 ²,
1463 4496 1651 4561 Tornacen.

291 4604 390 4684 dioc.‚
407 4603 496 4686 quod
512 4603 574 4688 ipsi
590 4601 764 4687 cupientes
778 4608 911 4665 terrena
929 4600 962 4664 in
979 4601 1116 4666 celestia
1133 4610 1166 4665 et
1182 4600 1376 4666 transitoria
1390 4601 1423 4663 in
1436 4608 1552 4664 eterna
1565 4598 1651 4663 felici

316 4729 319 4734 .
346 4728 349 4736 .

325 4832 346 4878 1.
359 4828 422 4877 Voir
433 4842 458 4877 n.
470 4829 525 4876 372.
537 4854 569 4861 -—
581 4828 603 4875 2.
617 4826 665 4874 Sur
675 4840 717 4875 ces
728 4839 904 4889 personnnges
918 4826 973 4874 voir
984 4824 1015 4875 V.
1028 4826 1084 4873 Van
1097 4825 1142 4874 der
1162 4826 1292 4887 Haegbeu,
1310 4826 1362 4873 Hel
1379 4824 1495 4873 ll'looater
1514 4828 1554 4871 teu
1572 4822 1653 4870 ll'ulle

290 4918 320 4952 ea
332 4903 363 4952 de
374 4902 454 4966 „lbdij
465 4917 511 4949 rau
524 4900 571 4949 den
587 4899 701 4948 Gramion
712 4900 796 4957 Brut,
810 4900 830 4958 1,
843 4901 926 4958 (land,
940 4902 1009 4958 1888,
1020 4914 1062 4963 pp.
1076 4910 1178 4948 11·v111.
1192 4902 1228 4948 In
1240 4901 1309 4949 bulle
1321 4901 1353 4949 de
1366 4899 1482 4948 Clement
1495 4898 1538 4957 Vl,
1556 4898 1651 4946 autori-

290 4984 347 5029 saut
363 4978 388 5027 ln
400 4977 535 5025 fomlation
547 4978 563 5024 b
575 4975 600 5023 le
610 4975 671 5023 date
682 4974 718 5021 du
731 4976 745 5022 4
757 4973 843 5037 juillet
856 4976 926 5035 1343,
939 4980 976 5023 est
989 4973 1091 5045 publiee
1103 4988 1146 5038 pp.
1159 4976 1255 5023 ott-tu·
