3650 5675
660 508 750 582 1348,
771 510 841 577 trab
863 509 1038 589 septembre.
1466 511 1529 578 877

218 659 361 740 1414.
787 669 791 675 ’
1123 677 1219 759 1348,
1237 681 1279 740 1θΓ
1294 661 1485 763 septembre.

210 775 311 843 Motu
325 777 462 863 proprio
477 775 693 862 providemus
708 776 857 855 Johanni
873 777 916 843 de
932 776 1043 859 Bralli,
1055 775 1223 845 Morinen.
1235 778 1333 860 dioc.,
1351 780 1531 866 capellano

167 882 294 968 capelle
309 888 423 946 nostre
439 891 461 962 ¹,
477 880 519 946 de
535 901 609 946 can.
625 888 660 947 et
674 884 767 966 preb.
783 882 866 947 eccl.
883 881 1050 947 Senonen.
1066 902 1139 948 vac.
1155 903 1215 967 per
1230 885 1283 948 ob.
1305 882 1471 961 Johannis
1486 883 1530 949 de

167 985 342 1050 Sinemuro
357 997 379 1050 ².
394 1023 439 1034 -
455 981 532 1049 Fiat
546 991 643 1050 motu
658 985 804 1071 proprio.
822 984 862 1050 R.

209 1088 290 1154 Dat.
305 1089 406 1154 Avin.
421 1088 488 1154 kal.
504 1096 590 1175 sept.
606 1095 639 1154 a⁰
655 1097 698 1173 7⁰.
715 1090 786 1175 (15,
805 1091 895 1174 218).

218 1227 356 1309 1415.
1126 1241 1221 1324 1548,
1238 1245 1281 1304 1⁰r
1296 1241 1485 1326 septembre.

207 1343 331 1430 Supp...
347 1343 542 1424 Anibaldus,
558 1342 662 1428 episc.
677 1339 930 1423 Tusculanus...
947 1349 1037 1427 quat.
1054 1341 1278 1428 capellaniam
1294 1343 1405 1408 altaris
1423 1341 1460 1408 B.
1478 1341 1528 1408 M.

164 1447 264 1513 sitam
280 1449 314 1512 in
342 1450 424 1514 eccl.
449 1447 677 1528 Cameracen,
702 1467 805 1532 quam
828 1445 871 1512 ad
896 1467 1034 1533 presens
1057 1447 1188 1513 obtinet
1216 1445 1334 1514 Petrus
1358 1447 1464 1514 Rubei
1486 1447 1528 1512 de

166 1551 325 1633 Clavan0,
342 1561 540 1618 vacaturam
554 1571 615 1638 per
641 1551 893 1616 assecucionem
916 1551 1095 1637 pacificam
1120 1551 1221 1618 officii
1248 1552 1419 1638 scriptoris
1433 1552 1528 1638 peni-

163 1655 324 1721 tenciarie
349 1663 469 1736 vestre,
485 1655 527 1721 de
544 1676 611 1740 quo
627 1662 771 1721 vacante
795 1676 855 1742 per
876 1664 1022 1722 mortem
1046 1655 1191 1722 condam
1214 1655 1304 1722 Petri
1319 1656 1362 1722 de
1379 1655 1527 1736 Roseria,

163 1759 336 1825 camerarii
352 1779 393 1825 ac
408 1759 579 1826 familiaris
589 1759 692 1846 ipsius
703 1759 864 1846 episcopi,
874 1759 930 1843 qui
943 1779 1049 1846 nuper
1060 1759 1095 1824 in
1113 1759 1211 1826 Rom.
1225 1760 1314 1826 curia
1326 1781 1423 1826 suum
1438 1759 1525 1826 diem

168 1862 289 1928 clausit
304 1869 502 1943 extremum,
530 1862 623 1928 dicto
646 1863 748 1928 Petro
770 1862 927 1950 providit,
956 1861 1096 1930 Nicasio
1118 1863 1161 1929 de
1188 1859 1316 1948 Maing,
1343 1863 1529 1950 presbitero

164 1963 384 2030 cameracen.
397 1963 496 2047 dioc.,
512 1967 676 2050 magistro
691 1967 822 2053 capelle
833 1966 936 2052 ipsius
951 1967 1099 2054 episcopi
1115 1977 1136 2049 ³,
1151 1967 1391 2033 conferendam
1406 1967 1526 2048 eidem,

165 2088 242 2133 curn
258 2089 453 2134 convocare
468 2069 572 2135 modo
587 2069 740 2156 predicto
756 2068 935 2155 contigerit
950 2070 1133 2155 dignemini
1149 2091 1376 2138 reservare-
1392 2071 1470 2137 Fiat
1486 2071 1526 2138 R.

205 2171 294 2237 Item
308 2193 405 2258 supp.
421 2171 511 2238 idem
526 2173 703 2259 episcopus
718 2173 760 2240 de
776 2193 851 2239 can.
864 2182 899 2238 ct
911 2176 1003 2260 preb.
1019 2195 1060 2240 ac
1074 2173 1283 2240 thesauraria
1307 2176 1389 2242 eccl.
1406 2175 1437 2242 S.
1454 2174 1527 2240 Ste-

161 2275 263 2361 phani
279 2275 322 2343 de
338 2275 460 2341 Giemo
475 2297 574 2362 super
596 2276 753 2362 Ligerim,
781 2275 1047 2363 [Autisiodoren.
1071 2277 1212 2364 dioc.]...
1236 2286 1328 2363 quat.
1345 2277 1527 2344 Guillelmo

162 2378 341 2464 Peytavini
367 2379 410 2444 de
438 2377 584 2461 Biterris,
610 2379 732 2446 clerico
759 2389 794 2445 et
818 2380 973 2446 familiari
998 2381 1099 2466 ipsius
1130 2381 1322 2468 episcopi...
1343 2381 1523 2466 dignemini

161 2482 356 2567 providere;
373 2502 442 2548 non
458 2486 546 2550 obst.
562 2484 652 2568 quod
666 2483 756 2549 idern
784 2483 982 2549 Guillelmus
1007 2485 1162 2570 parroch.
1186 2487 1269 2551 eccl.
1295 2485 1337 2550 de
1366 2484 1526 2572 Noyella,

163 2583 381 2653 Cameracen.
396 2587 495 2668 dioc.,
510 2587 661 2653 noscitur
675 2587 838 2652 obtinere.
853 2628 897 2636 -
913 2585 991 2652 Fiat
1008 2585 1047 2652 R.

206 2689 286 2756 Dat.
300 2690 401 2756 Avin.
416 2689 485 2756 kal.
500 2697 585 2777 sept.
602 2696 636 2756 a⁰
652 2695 695 2774 7⁰.
712 2691 783 2773 (15,
801 2710 839 2753 22
844 2691 907 2774 3').

214 2825 352 2909 1416.
1144 2842 1239 2924 1318,
1252 2860 1274 2924 3
1292 2841 1480 2927 septembre.

204 2944 328 3031 Supp...
351 2944 494 3031 scriptor
516 2950 551 3009 et
573 2944 770 3009 secretarius
793 2951 905 3009 vester
927 2942 1105 3021 Johannes
1130 2943 1173 3009 de
1200 2944 1380 3029 Angicuria
1394 2956 1415 3026 ⁴,
1444 2944 1525 3010 olim

163 3048 305 3114 servitor
319 3046 468 3134 episcopi
485 3046 654 3131 quondam
671 3046 909 3133 Foroiuliensis
925 3054 936 3091 ⁵
937 3098 989 3128 .....
1005 3055 1098 3133 quat.
1113 3048 1208 3115 sibi...
1231 3049 1274 3115 de
1290 3069 1365 3117 can.
1380 3059 1416 3115 et
1431 3053 1523 3138 preb.

163 3153 304 3218 ecclesie
321 3150 460 3217 Melden
463 3201 515 3218 .....
530 3149 713 3234 dignemini
729 3150 904 3236 providere
913 3173 922 3231 ;
946 3172 1015 3217 non
1039 3154 1125 3217 obst.
1141 3152 1231 3235 quod
1246 3154 1401 3239 parroch.
1418 3154 1523 3220 eccle-

161 3257 246 3322 siam
261 3257 303 3323 de
316 3255 466 3351 ‘Willem,
482 3254 670 3321 Tomacen.
684 3254 782 3337 dioc.,
797 3256 947 3321 noscitur
970 3257 1121 3321 obtinere
1146 3276 1186 3322 ac
1200 3260 1277 3323 ben.
1294 3259 1376 3323 eccl.
1388 3258 1431 3323 ad
1447 3258 1523 3324 coll.

164 3360 266 3446 episc.
282 3368 318 3425 et
333 3360 471 3446 capituli
488 3359 698 3425 Suessionen.
714 3360 864 3425 noscitur
878 3368 1068 3446 expectare.

207 3462 269 3529 Vel
285 3464 327 3531 de
343 3485 418 3531 can.
434 3473 468 3529 et
483 3467 577 3551 preb.
592 3464 675 3529 eccl.
692 3463 724 3528 S.
749 3462 881 3530 Matbei
908 3463 951 3529 de
979 3463 1128 3547 Foliaco,
1153 3465 1352 3531 Ambianen.
1368 3466 1465 3546 dioc.,
1482 3466 1524 3531 de

164 3566 283 3652 quibus
298 3568 330 3633 S.
346 3566 387 3634 V.
402 3588 509 3656 nuper
523 3567 716 3654 providerat
731 3588 819 3653 mag.
843 3565 945 3633 Petro
968 3567 1161 3649 Chautardi,
1178 3568 1234 3653 qui
1251 3578 1434 3653 antequam
1449 3589 1528 3655 pos-

164 3671 348 3737 sessionem
363 3671 502 3737 haberet
517 3671 723 3753 eorumdem,
740 3672 774 3737 in
791 3672 882 3737 curia
905 3671 1004 3739 Rom.
1020 3673 1110 3738 diem
1127 3672 1247 3738 clausit
1270 3680 1468 3737 extremum.
1490 3710 1521 3719 -

165 3772 243 3839 Fiat
261 3774 301 3841 R.

210 3878 288 3943 Dat.
304 3878 403 3947 Avin.
420 3898 438 3963 3
454 3899 531 3944 non.
548 3886 633 3964 sept.
649 3885 683 3943 a⁰
700 3885 740 3962 7⁰.
757 3879 828 3961 (15,
847 3879 937 3963 222).

219 4017 353 4097 1417.
1129 4029 1239 4113 1348,
1256 4029 1276 4092 ό
1292 4030 1483 4116 septembre.

209 4131 309 4229 Motu
323 4134 459 4219 proprio
474 4131 691 4219 providemus
712 4130 851 4215 Hugoni
874 4133 917 4198 de
940 4132 972 4196 S.
996 4130 1164 4213 Martiale,
1189 4152 1262 4198 can.
1291 4130 1468 4213 Morinen,
1492 4134 1526 4197 in

161 4238 234 4323 jure
250 4237 339 4303 civili
356 4236 515 4317 studenti,
531 4235 574 4303 de
590 4255 665 4302 can.
677 4243 713 4301 et
721 4238 813 4321 preb.
826 4255 903 4301 curn
917 4235 1030 4301 officio
1042 4236 1195 4321 operarie
1208 4235 1349 4302 ecclesie
1361 4237 1526 4317 Albien...,

163 4362 233 4406 non
249 4344 335 4406 obst.
352 4340 442 4424 quod
456 4340 492 4405 in
515 4339 621 4405 tercio
646 4339 780 4405 decimo
800 4339 900 4405 etatis
924 4360 982 4404 sue
1006 4340 1209 4405 constitutus
1232 4340 1365 4406 existat.
1392 4340 1527 4407 —Fiat

163 4454 260 4511 motu
274 4444 421 4530 proprio.
438 4443 479 4509 R.

208 4548 288 4613 Dat.
305 4547 404 4613 Avin.
421 4548 439 4613 8
456 4545 501 4612 id.
517 4554 602 4632 sept.
619 4552 653 4611 a⁰
669 4554 712 4631 7⁰.
730 4546 801 4632 (15,
820 4547 924 4631 219').

163 4706 416 4715 ——.--——

194 4798 217 4844 l.
230 4796 328 4844 Voirn.
341 4797 456 4844 1101-
471 4798 495 4845 2.
508 4796 640 4845 Chauoinc
656 4794 689 4844 de
706 4796 784 4853 Puris,
801 4792 853 4844 cite
869 4810 901 4844 en
921 4796 984 4843 1310
997 4794 1134 4854 (Molinier,
1151 4794 1302 4855 Obitueiree,
1316 4796 1335 4855 l,
1349 4798 1526 4856 2211311).-

161 4870 185 4922 8.
196 4868 262 4919 Voir
272 4886 297 4921 n.
310 4872 390 4919 aa-
400 4870 424 4918 4.
435 4870 499 4918 Voir
510 4872 584 4920 (1.78.
595 4898 628 4906 -
639 4873 663 4919 5.
675 4870 760 4919 Pierre
772 4870 888 4929 numan,
901 4869 934 4918 de
946 4869 1086 4927 Clermont,
1099 4867 1229 4933 remplnce
1249 4870 1273 4918 le
1285 4870 1299 4917 ’1
1310 4868 1376 4917 avril
1398 4871 1460 4917 rem
1479 4884 1526 4933 par

163 4944 313 4993 Gulllaume
322 4944 408 4992 Amici
420 4942 523 5004 (Euboi,
537 4944 557 5004 1,
570 4942 637 5008 163).
