3650 5675
291 479 353 545 330
817 479 904 559 1347,
930 479 1023 546 23-30
1044 483 1123 547 adut.

290 653 383 719 perp.
400 632 519 718 capell.
535 630 574 698 B.
592 630 640 698 M.
657 632 691 696 in
708 632 790 698 eccl.
808 632 839 697 S.
855 631 1020 710 Johannis
1046 633 1089 700 de
1113 633 1350 722 PoperingheS,
1366 637 1455 705 dicte
1484 637 1651 709 Morinen.

290 737 387 818 dioc,
403 736 553 802 noscitur
569 735 752 802 obtinere...
767 777 811 786 -
828 735 904 802 Fiat
922 736 961 804 R.

334 841 413 908 Dat.
429 841 530 906 Aviu.
549 845 566 906 6
583 839 648 908 kal.
665 849 750 927 sept.
766 849 800 906 a⁰
817 845 856 908 6⁰.
871 841 943 925 (14,
963 847 1031 926 36).

344 978 486 1061 1246.
1353 1013 1448 1083 1347,
1462 1001 1504 1064 28
1519 977 1607 1067 coiit.

334 1097 422 1183 Sign.
448 1097 481 1163 S.
506 1095 548 1163 V.
571 1095 798 1162 Theodericus
824 1096 866 1162 de
882 1093 1059 1163 Bardeviic
1084 1097 1234 1181 clericus,
1250 1106 1285 1166 et
1300 1112 1494 1188 procurator
1508 1102 1650 1186 Zeberti,

291 1203 348 1268 filii
364 1201 536 1288 quondam
553 1200 642 1268 Petri
658 1201 700 1269 de
717 1201 869 1287 Ypelare,
893 1195 1005 1268 clerici
1033 1200 1192 1269 Leodien.
1209 1203 1295 1271 dioc.
1313 1215 1332 1288 ¹,
1348 1207 1439 1292 quod
1454 1207 1525 1294 ipse
1540 1207 1650 1275 Theo-

289 1307 419 1374 dericus
434 1328 527 1394 perp.
544 1305 768 1393 capellaniam
784 1305 897 1372 altaris
912 1305 944 1372 S.
962 1305 996 1372 N
999 1307 1097 1372 ieolai
1124 1307 1177 1374 siti
1203 1308 1236 1374 in
1261 1310 1341 1377 eccl.
1362 1310 1437 1399 [de]
1464 1309 1650 1396 Bardeviic,

290 1420 325 1479 et
340 1419 538 1498 procurator
552 1410 634 1476 dicti
649 1409 780 1475 Zeberti
806 1430 881 1476 can.
906 1418 942 1477 et
964 1412 1056 1496 preb.
1074 1412 1155 1478 eccl.
1173 1409 1303 1480 Montis
1318 1413 1352 1500 S.
1363 1414 1544 1500 Gertrudis,
1560 1417 1650 1486 dicte

290 1517 388 1598 dioc,
405 1537 488 1603 quos
504 1516 713 1596 obtinebant,
731 1516 868 1581 nomine
890 1517 1120 1604 procuratorio
1135 1517 1215 1584 dicti
1232 1518 1374 1600 Zeberti,
1390 1521 1505 1588 animo
1519 1543 1650 1609 permu-

290 1622 385 1689 tandi
414 1621 604 1708 hujusmodi
634 1621 810 1703 beneficia,
827 1642 979 1707 quorum,
1006 1622 1134 1689 scilicet
1159 1625 1377 1692 canonicatus
1406 1635 1441 1692 et
1456 1630 1559 1714 preb,
1584 1649 1650 1697 sec.

291 1727 500 1794 taxationem
525 1726 666 1808 decime,
688 1725 844 1811 quinque,
867 1732 901 1792 et
917 1726 999 1793 dicti
1026 1727 1137 1794 altaris
1161 1727 1261 1794 trium
1288 1731 1499 1798 marcharum
1523 1734 1651 1818 argenti

292 1831 471 1899 redditus...
501 1832 652 1897 valorem
677 1851 825 1897 annuum
866 1851 935 1897 non
978 1831 1155 1914 excedunt,
1182 1832 1216 1898 in
1243 1835 1396 1902 manibus
1424 1835 1464 1905 R.
1492 1837 1528 1906 P.
1560 1838 1652 1906 dom.

293 1935 466 2003 camerarii
491 1934 594 2002 vestri
619 1935 837 2022 resignarunt,
854 1944 889 2001 et
904 1935 996 2021 quod
1012 1936 1082 2023 ipse
1098 1939 1299 2006 camerarius
1314 1948 1402 2008 auct.
1415 1950 1526 2008 vestra
1540 1943 1653 2029 liujus·

293 2041 386 2107 modi
408 2040 649 2125 resignationes
675 2041 803 2128 recepit
829 2049 864 2107 et
884 2039 1019 2107 admisit
1039 2059 1049 2106 :-
1075 2062 1178 2127 quare
1201 2063 1296 2131 supp.
1321 2044 1430 2111 eidem
1455 2047 1487 2114 S.
1503 2046 1542 2114 V.
1559 2057 1655 2132 quat.

293 2144 503 2212 Theoderico
518 2145 671 2233 predicto
687 2145 729 2212 de
744 2144 842 2211 dictis
857 2165 933 2211 can.
949 2153 985 2210 et
999 2147 1091 2232 preb.
1105 2145 1153 2212 sic
1165 2167 1248 2228 vac,
1261 2156 1296 2214 et
1311 2148 1354 2215 de
1370 2149 1555 2236 capellania
1569 2151 1652 2219 dicti

294 2249 407 2317 altaris
427 2250 557 2338 prefato
572 2250 715 2316 Zeberto
730 2249 913 2336 dignemini
929 2249 1033 2317 etiam
1049 2271 1091 2316 ex
1107 2259 1199 2318 certa
1215 2252 1355 2320 scientia
1370 2254 1554 2341 providere,
1570 2277 1652 2341 quo-

294 2356 376 2421 libet
391 2356 567 2423 detentore
583 2364 709 2439 amot0,
726 2356 895 2442 quibusvis
918 2357 1198 2424 reservationibus
1224 2366 1294 2424 tam
1319 2359 1517 2446 specialibus
1535 2359 1652 2447 [quam

293 2460 517 2548 generalibus]
544 2461 646 2527 etiam
672 2461 714 2528 de
735 2461 833 2528 dictis
856 2463 933 2526 ben.
957 2460 1063 2543 factis,
1080 2470 1115 2527 et
1130 2461 1258 2529 duobus
1274 2463 1346 2530 aliis
1361 2466 1437 2530 ben.
1453 2467 1534 2531 eccl.
1550 2465 1653 2551 ipsius

293 2563 493 2632 Theoderici
508 2587 577 2632 non
594 2566 727 2648 curatis,
743 2586 884 2651 quorum
909 2565 1012 2631 annui
1028 2564 1176 2632 redditus
1191 2567 1340 2633 valorem
1360 2589 1418 2634 sex
1439 2569 1651 2635 marcharum

294 2671 434 2755 argenti,
450 2691 516 2737 sec.
532 2670 721 2757 hujusmodi
737 2670 957 2752 taxationem,
974 2691 1042 2735 nou
1059 2670 1361 2738 excedunt-Fiat
1376 2693 1437 2760 pro
1453 2682 1594 2760 utroque
1611 2673 1651 2741 R.

338 2775 416 2842 Dat.
439 2776 539 2843 Aviu.
565 2796 581 2861 5
605 2775 671 2842 kal.
695 2782 779 2862 sept.
803 2781 835 2841 a⁰
860 2779 901 2842 6⁰.
927 2775 1001 2861 (14,
1026 2775 1108 2861 32l).

347 2916 486 2998 1247.
1125 2978 1126 2981 ¹
1350 2952 1368 2997 r
1370 2950 1445 3017 347,
1459 2952 1503 3017 3⁰
1519 2936 1606 2999 ooitt.

321 3035 552 3124 ¹Sanctissimo
569 3035 602 3100 in
620 3034 754 3100 Christo
770 3035 856 3120 patri
872 3054 911 3100 ac
924 3033 1072 3115 domino,
1093 3034 1232 3101 domino
1256 3034 1433 3119 Clementi,
1449 3036 1561 3103 divine
1576 3057 1652 3124 pro-

292 3138 440 3204 videntie
470 3148 680 3207 sacrosancte
712 3138 864 3206 Romane
894 3139 1035 3205 ecclesie
1066 3160 1197 3205 summo
1234 3140 1385 3225 pontifici
1468 3141 1649 3228 capitulum

293 3245 433 3311 ecclesie
450 3243 653 3311 Morinensis
667 3244 999 3312 recommendatione
1015 3244 1131 3311 oscula
1147 3243 1273 3330 pedum
1287 3246 1472 3311 beatorum.
1495 3244 1651 3311 Beatissi-

292 3370 348 3414 ma
364 3347 395 3414 S.
412 3348 451 3415 V.
469 3358 588 3416 noscat
603 3348 694 3435 quod
708 3370 815 3436 nuper
830 3358 977 3415 vacante
992 3348 1159 3415 decanatu
1176 3349 1317 3415 ecclesie
1340 3346 1505 3415 Morinen.
1521 3370 1580 3435 per
1596 3351 1650 3415 ob.

294 3450 467 3520 Baldeviui
486 3454 534 3545 'de
562 3454 789 3521 Chanteraine
819 3462 839 3536 ',
873 3452 982 3519 ultimi
1019 3452 1124 3518 nostri
1158 3460 1193 3517 et
1230 3452 1319 3519 dicte
1356 3454 1497 3520 ecclesie
1521 3453 1649 3533 decani,

292 3560 444 3625 canonici
460 3559 601 3625 indicta
617 3559 698 3626 eccl.
714 3558 899 3625 residentes
907 3567 943 3623 ct
959 3557 1143 3643 capitulum
1158 3556 1328 3639 iacientes,
1341 3578 1384 3623 ne
1400 3558 1541 3625 ecclesia
1557 3566 1650 3624 ante-

291 3663 382 3729 dicta
399 3662 432 3728 in
447 3666 548 3749 longa
574 3664 753 3730 eleccionis
777 3683 881 3743 mora,
909 3662 1178 3727 incumbentibus
1202 3662 1331 3747 magnis
1353 3662 1477 3747 guerris
1492 3671 1527 3728 et
1542 3662 1650 3729 dubiis

292 3767 326 3831 in
341 3768 489 3853 partibus
505 3770 547 3834 ab
563 3768 682 3833 emulis
697 3767 789 3853 regni
806 3766 947 3832 Francie
962 3766 1084 3831 nostris
1096 3765 1215 3831 vicinis
1227 3766 1260 3830 in
1276 3766 1499 3852 spiritualibus
1514 3775 1549 3832 et
1564 3774 1649 3832 tem-

291 3873 459 3959 poralibus
474 3873 615 3939 nimium
630 3870 1042 3959 gravaretur,unanimiter
1058 3879 1093 3936 et
1109 3870 1322 3937 concorditer
1332 3870 1365 3935 in
1381 3879 1533 3936 nostrum
1548 3870 1650 3936 deca·

291 3997 372 4043 num
387 3985 423 4042 et
438 3978 578 4044 ecclesie
594 3978 765 4044 antedicte
780 3976 1006 4042 venerabilem
1022 3974 1132 4040 virum
1148 3974 1190 4039 D.
1207 3973 1410 4061 Guydonem
1426 3974 1468 4041 de
1484 3974 1649 4040 Colleme-

292 4079 358 4162 dio,
374 4082 640 4148 concanonicum
655 4090 832 4162 nostrum³,
849 4080 882 4146 in
898 4100 993 4146 sacro
1005 4079 1203 4145 sacerdotali
1219 4078 1336 4144 ordine
1348 4078 1575 4157 constitutum,
1588 4075 1649 4142 R¹²¹¹

292 4184 329 4251 P.
345 4193 381 4252 et
396 4185 665 4268 DomAnibaldi,
681 4185 858 4253 cardinalis
873 4182 1166 4271 episc.Tuscu1ani,
1183 4183 1342 4250 dilectum
1354 4181 1649 4268 consanguineum,

291 4290 400 4355 virum
425 4289 539 4375 utique
565 4290 738 4377 ydoneum
753 4290 787 4355 in
802 4288 1026 4376 spiritualibus
1051 4294 1086 4353 et
1106 4288 1345 4374 temporalibus
1360 4288 1649 4373 circumspectum,

292 4395 541 4461 nominavimus
567 4404 602 4461 et
627 4394 738 4461 adhuc
764 4414 878 4460 coram
908 4393 937 4458 S.
963 4393 1002 4459 V.
1029 4392 1169 4480 pedibus
1193 4392 1414 4459 nominamus.
1442 4392 1647 4477 Quocirca...

292 4498 519 4585 supplicamus
533 4507 656 4585 quat...
675 4499 717 4564 de
740 4498 833 4565 dicto
848 4498 1056 4565 decanatu...
1068 4496 1161 4564 dicto
1176 4496 1315 4563 domino
1330 4495 1522 4583 Guydoni...
1537 4496 1652 4581 digne-

292 4603 374 4669 mini
400 4603 643 4690 providere...;
671 4626 740 4671 non
768 4608 854 4671 obst.
885 4603 976 4689 quod
1003 4602 1091 4670 idem
1118 4602 1208 4670 dom.
1237 4601 1360 4690 Guydo
1386 4603 1469 4671 eccl.
1499 4600 1651 4689 parroch.

326 4811 348 4860 1.
359 4810 425 4857 Voir
436 4824 461 4858 n.
474 4812 544 4860 1240.
556 4838 588 4846 -
600 4814 622 4860 2.
635 4810 770 4860 Bandouin
781 4812 813 4859 de
826 4812 996 4861 Chanteraine
1008 4818 1047 4861 est
1058 4810 1108 4861 cite
1120 4826 1219 4860 comme
1230 4811 1313 4873 doyeu
1330 4824 1363 4859 cu
1381 4812 1443 4859 1³29
1454 4814 1481 4858 et
1494 4809 1555 4858 1337
1564 4806 1652 4871 (θαΗ.

293 4882 388 4942 christ,
398 4883 431 4940 Χ,
443 4884 519 4946 1681)
530 4900 536 4939 ;
546 4886 602 4933 voir
612 4900 638 4934 n.
650 4888 704 4944 686,
718 4888 776 4943 927;
789 4886 896 4944 Duchet,
913 4886 1012 4936 misul.
1023 4884 1054 4933 de
1068 4884 1235 4945 Tlrdrovanue,
1246 4900 1270 4935 n.
1280 4886 1376 4935 2111-
1387 4886 1411 4933 3.
1422 4885 1482 4946 Guy
1493 4882 1526 4933 de
1538 4882 1654 4933 colmieu

293 4957 385 5005 devint
397 4956 494 5019 dchue
505 4958 537 5007 de
548 4959 634 5007 Veroli
646 4960 669 5008 le
682 4961 712 5008 18
723 4957 781 5020 juin
794 4962 856 5009 1355
867 4960 970 5021 (Rubel,
984 4961 1003 5021 I,
1016 4960 1084 5021 554).
