3650 5675
687 545 774 619 1352,
798 545 864 611 2-12
886 545 1055 647 novembre.
1478 547 1535 613 651

178 719 216 764 as
231 704 244 732 ⁸
260 698 404 785 Capeles
420 710 440 793 ¹,
457 699 570 765 vicarii
588 707 622 763 et
648 697 872 783 procuratoris
894 696 943 762 sui
970 696 1005 761 in
1031 696 1306 775 archidiaconatu
1330 697 1538 773 Bmxellensi

178 802 210 866 irr
227 801 368 867 ecclesia
385 800 613 885 Cameracen,
630 810 664 867 et
679 822 739 885 per
754 800 1015 867 reservationem
1030 809 1107 882 etc..
1129 801 1311 887 dignemini
1336 802 1512 887 providere
1527 826 1537 885 ;

176 925 246 978 non
262 907 348 972 obst.
364 906 454 990 quod
468 905 502 971 irr
513 904 551 971 B.
570 904 619 972 M.
629 905 671 971 de
685 904 1017 985 Mediomonasterio,
1029 903 1221 984 Bituricen„
1231 913 1266 971 et
1281 905 1313 971 S.
1323 904 1483 977 Germani
1494 908 1537 972 de

178 1008 305 1091 Castra,
322 1007 502 1093 Bituricen.
518 1010 616 1091 dioc,
632 1009 790 1091 ecclesiis,
808 1010 1029 1075 canonicatus
1044 1017 1077 1074 et
1092 1010 1281 1100 prebendas
1291 1010 1538 1077 nosciturobti·

177 1132 279 1194 nere;
296 1134 373 1179 curn
388 1113 463 1179 aliis
477 1134 546 1181 non
562 1116 649 1191 obst.
665 1152 708 1165 -
724 1112 800 1179 Fiat
817 1112 859 1180 R.

221 1215 302 1282 Dat.
316 1217 418 1283 Avin.
434 1240 453 1302 4
471 1238 549 1299 non.
565 1238 644 1284 nov
659 1222 693 1283 a⁰
712 1222 773 1283 11⁰.
790 1217 866 1303 (22,
887 1217 975 1301 153).

230 1355 378 1438 2499-
1159 1386 1256 1453 1352,
1273 1390 1293 1432 a
1310 1369 1495 1436 novembre.

179 1488 180 1491 ’
222 1472 322 1559 Supp.
340 1472 451 1539 Guido
467 1472 667 1559 Malabayla
683 1480 773 1557 quat.
793 1472 965 1559 [familiari
980 1491 1041 1538 suo
1068 1470 1261 1553 Francisco,
1288 1479 1371 1538 nato
1396 1470 1538 1538 Henrici

179 1575 221 1641 de
249 1574 380 1657 Monte,
401 1576 528 1643 ⁴clerico
554 1576 745 1663 Brugensi],
770 1576 957 1642 Tomacen.
989 1575 1087 1656 dioc,
1114 1576 1157 1641 de
1181 1596 1254 1642 carr.
1278 1584 1313 1641 et
1336 1579 1428 1662 preb.
1455 1576 1537 1643 eccl.

179 1679 210 1745 S.
227 1679 409 1745 Donatiani
426 1680 469 1745 de
484 1679 603 1766 Brugis
618 1681 652 1746 in
670 1680 838 1760 Flandria,
854 1678 1041 1745 Tomacen.
1057 1680 1154 1759 dioc,
1179 1700 1253 1746 vac.
1270 1679 1311 1745 ad
1326 1700 1463 1766 presens
1477 1699 1538 1767 per

180 1786 233 1849 ob.
249 1781 269 1860 J
272 1783 414 1849 ohannis
428 1783 471 1849 de
487 1783 649 1867 Vesseria,
665 1784 721 1869 qui
737 1792 832 1849 extra
850 1783 1080 1849 Romeuriam
1096 1782 1188 1849 diem
1204 1783 1324 1849 clausit
1339 1790 1537 1865 extremum,

180 1896 214 1951 et
229 1907 288 1971 per
302 1888 562 1954 reservationem
578 1886 705 1954 factam
720 1886 763 1952 de
778 1887 904 1953 eisdem
920 1907 980 1973 per
995 1886 1028 1953 S.
1044 1885 1085 1953 V.
1100 1886 1210 1952 eidem
1227 1886 1409 1953 Francisco
1423 1886 1537 1971 digne-

181 1990 262 2053 mini
278 1990 464 2076 providere.
480 2032 523 2041 —
540 1990 616 2057 Fiat
632 1990 673 2059 R.

224 2092 302 2159 Dat.
317 2094 417 2159 Avin.
433 2116 453 2179 4
468 2116 548 2162 non.
563 2116 642 2163 nov.
659 2102 692 2161 a⁰
711 2102 773 2161 11⁰.
790 2096 867 2181 (22,
888 2095 991 2180 157').

232 2230 380 2313 2500-
689 2270 694 2279 ·
1160 2263 1256 2327 1352,
1270 2263 1294 2325 5
1311 2244 1493 2308 novembre.

225 2346 323 2414 Motu
339 2349 474 2435 proprio
488 2348 704 2436 providemus
729 2369 817 2434 mag.
844 2349 946 2415 Petro
972 2348 1015 2413 de
1042 2348 1171 2432 Pogeto
1186 2367 1207 2427 ²,
1224 2344 1375 2431 scriptori
1392 2352 1427 2410 et
1442 2345 1537 2409 farni-

150 2464 154 2473 “
180 2451 251 2518 liari
266 2462 392 2535 nostr0,
408 2453 451 2519 de
466 2474 539 2520 can.
555 2462 591 2527 et
605 2457 698 2539 preb.
714 2454 796 2519 eccl.
814 2452 1042 2533 Cameracen,
1066 2472 1140 2517 vac.
1155 2471 1216 2537 per
1231 2452 1285 2516 ob.
1302 2448 1471 2535 Radulphi
1495 2449 1537 2515 de

180 2552 315 2639 Nigella
332 2572 342 2607 ³
358 2566 393 2621 et
408 2565 508 2623 antea
522 2578 582 2643 per
597 2557 711 2623 sedern
727 2565 836 2642 apost.
852 2557 1042 2622 reservatis.
1063 2592 1097 2604 -
1118 2555 1196 2620 Fiat
1212 2562 1309 2619 motu
1322 2553 1458 2639 proprio
1475 2552 1515 2618 R.

179 2750 182 2759 .
222 2648 301 2725 Dat.
316 2660 416 2725 Avin.
432 2682 511 2727 non.
526 2681 604 2728 nov.
622 2669 655 2727 a⁰
675 2676 738 2727 110.
754 2663 829 2745 (22,
850 2660 953 2745 151').

230 2796 374 2882 2501.
490 2855 493 2862 ·
1129 2826 1225 2892 1352,
1242 2828 1283 2873 ra
1309 2809 1495 2875 novembre.

221 2915 321 3002 Supp.
340 2915 448 2982 Maria
464 2916 506 2982 de
522 2915 695 2984 Bellosorti
719 2925 810 3002 quat.
837 2916 1005 3003 [servitori
1028 2935 1088 2980 suo
1111 2911 1212 2978 Petro
1234 2910 1370 2992 Maseti,
1394 2909 1488 2997 bae]
1503 2911 1536 2976 in

180 3019 279 3099 decr,
296 3040 370 3086 can.
387 3027 422 3085 et
437 3023 529 3106 preb.
546 3021 577 3086 S.
594 3021 776 3087 Andomari
804 3020 846 3085 de
873 3019 904 3086 S.
927 3019 1128 3085 Andomaro·
1146 3026 1181 3081 et
1204 3015 1235 3082 S.
1251 3014 1439 3100 Walburgis
1455 3014 1536 3081 Fur·

177 3123 300 3203 nensis,
317 3123 541 3204 ecclesiarum,
560 3123 727 3191 Morinen.
744 3124 840 3204 dioc,
868 3144 953 3208 quos
980 3121 1024 3188 ad
1048 3141 1186 3208 presens
1210 3119 1340 3186 obtinet
1362 3118 1537 3196 Johannes

178 3224 270 3291 Cessi
291 3228 435 3313 processi
461 3227 549 3312 (sic),
577 3249 653 3293 curn
677 3248 797 3294 vacare
814 3227 992 3312 contigerit
1006 3245 1067 3312 per
1082 3232 1295 3291 contractum
1320 3223 1535 3304 matrimonii,

177 3329 437 3414 resignationem
464 3351 522 3397 seu
547 3333 628 3397 alias
653 3331 884 3416 quovism0d0,
912 3339 1125 3417 preterquam
1151 3349 1211 3414 per
1226 3332 1280 3394 ob.
1296 3327 1407 3414 ipsius,
1424 3326 1537 3392 confe-

178 3433 300 3499 rendos
319 3435 427 3500 eidem
452 3435 563 3516 Petro,
579 3436 760 3520 dignemini
784 3454 1004 3515 reservare,...
1023 3442 1058 3498 et
1073 3452 1142 3498 non
1167 3435 1252 3497 obst.
1268 3434 1345 3496 ben.
1360 3430 1403 3496 de
1418 3430 1537 3514 quibus

180 3536 262 3602 alias
277 3536 402 3602 eisdem
415 3539 615 3624 providistis,
626 3561 690 3624 que
706 3538 830 3605 habere
839 3538 1023 3624 dignemini
1035 3558 1097 3624 pro
1109 3536 1273 3622 expressis
1284 3543 1320 3600 et
1328 3535 1538 3619 singulariter

180 3641 362 3706 nominatis
376 3662 416 3708 ac
432 3643 533 3708 etiam
550 3644 842 3730 expectationibus
858 3643 937 3709 licet
960 3643 1088 3707 nullum
1110 3640 1220 3706 adhuc
1235 3639 1387 3732 obtineat
1403 3640 1537 3703 obstan·

178 3743 268 3808 tibus
283 3743 405 3828 litigiis.
420 3785 464 3794 -
480 3744 558 3811 Fiat
573 3745 615 3811 de
632 3747 737 3811 altera
754 3767 855 3831 quarn
871 3745 1009 3830 elegerit
1025 3743 1066 3809 R.
1435 3745 1439 3754 '

223 3845 301 3912 Dat.
318 3847 417 3914 Avin.
435 3869 452 3914 2
470 3848 513 3914 id.
529 3849 607 3915 riov.
625 3857 657 3914 a⁰
679 3857 738 3915 11⁰.
756 3851 832 3935 (22,
853 3849 941 3933 174).

231 3982 379 4066 2502.
1083 4058 1088 4067 ,
1138 4017 1233 4082 1352,
1251 4017 1290 4062 12
1308 3998 1491 4064 novembre.

222 4100 323 4188 Supp.
340 4100 546 4182 Guillelmus3
558 4103 747 4170 vicecomes
756 4103 924 4186 Turenne,
937 4112 1028 4188 quat.
1044 4102 1184 4187 Symoni
1201 4099 1334 4167 Nieolai
1350 4101 1382 4164 le
1398 4098 1478 4166 Cras
1493 4097 1536 4163 de

179 4201 380 4289 Frongnees,
406 4207 483 4270 cler.
511 4205 699 4282 Leodierrsi‚
728 4209 904 4292 providere
930 4205 1112 4291 dignemini
1136 4205 1179 4270 de
1194 4207 1270 4269 ben.
1293 4205 1375 4271 eccl.
1392 4224 1421 4270 c.
1437 4224 1467 4290 e.
1481 4202 1536 4267 vel

178 4327 203 4372 a.
219 4328 248 4374 c.
263 4307 307 4374 ad
323 4309 398 4375 coll.
414 4309 532 4374 decani
549 4319 584 4373 et
600 4329 675 4398 cap.
700 4309 782 4374 eccl.
808 4310 838 4374 S.
857 4308 996 4374 Martini
1013 4306 1183 4385 Leodien.,
1215 4306 1303 4392 [vac.
1320 4306 1375 4370 vel
1394 4301 1535 4389 vacat.],

176 4425 247 4477 nort
263 4414 348 4478 obst.
364 4415 440 4478 ben.
458 4433 522 4497 que
539 4411 671 4478 obtinet
694 4413 749 4476 vel
774 4419 934 4498 expectat
949 4411 982 4476 in
1005 4410 1279 4476 vicecancellaria
1302 4417 1412 4473 vestra
1428 4407 1536 4494 expri-

178 4515 318 4582 mendis.
334 4555 378 4566 -
394 4514 423 4580 F
425 4517 473 4582 iat
491 4515 530 4582 R.
1099 4535 1103 4542 ·
1257 4535 1262 4544 '

222 4617 302 4685 Dat.
318 4619 418 4684 Avin.
436 4639 453 4683 2
470 4619 514 4684 id.
529 4641 608 4685 nov.
625 4627 659 4684 a⁰
680 4627 740 4685 11⁰.
758 4621 833 4704 (22,
855 4618 942 4703 174).

209 4771 238 4833 a)
255 4771 311 4822 dd.
323 4772 364 4822 ad

212 4899 235 5018 p
246 4898 308 4948 von
327 4913 352 4949 n.
372 4901 568 4949 ernamur-
586 4905 608 4948 a.
627 4901 666 4948 cr.
686 4899 750 4948 nse
768 4899 879 4961 (narrar.
896 4898 928 4946 vr
947 4899 973 4947 s.
998 4897 1303 4959 ennea-narraret.
1315 4897 1374 4958 vn,
1387 4911 1412 4959 p.
1424 4897 1492 4958 aaa).
1505 4919 1538 4931 -

179 4973 395 5021 ammm
1320 5005 1324 5012 -
