3650 5675
1 912 3 979 r

670 480 758 553 1350,
780 478 821 543 25
842 478 985 545 fertior-9
1007 496 1096 543 mars.
1495 480 1559 546 497

250 632 558 717 1907·1909.
702 612 709 626 ι
1196 664 1292 728 1350,
1315 665 1357 727 ²5
1371 646 1513 731 scerier.

239 752 385 818 Rotulus
402 751 691 839 confirmali0aum
715 751 910 814 arcatoritate
926 751 1109 815 ordirmria.

240 855 329 921 Item
341 855 592 921 collationem...
609 852 776 919 Cristiano
799 852 845 918 de
872 851 991 918 Bunde
1006 859 1028 933 ¹,
1051 851 1213 918 Leodien.
1237 853 1336 933 dioc,
1361 852 1404 918 de
1431 872 1506 918 cau.
1519 861 1557 918 et

195 963 287 1046 preb.
305 980 346 1025 ac
361 958 544 1039 scolastria,
561 978 626 1042 que
642 964 693 1022 est
719 956 867 1023 officium
890 956 962 1021 sine
980 976 1062 1021 cura
1084 956 1226 1021 ecclesie
1240 957 1273 1022 S.
1290 956 1449 1022 Rumoldi
1466 955 1556 1022 Mar-

196 1063 373 1144 cliniensis,
391 1062 606 1128 Cameracen.
622 1062 720 1142 dioc,
736 1080 810 1125 vac.
824 1080 886 1145 per
902 1063 956 1125 ob.
972 1058 1145 1144 quondam
1160 1058 1323 1125 Bonifacii
1341 1060 1384 1125 de
1400 1059 1518 1126 Platea
1533 1073 1556 1127 ².

195 1208 239 1217 -
256 1166 331 1232 Fiat
344 1167 385 1233 R.

239 1269 318 1335 Dat.
335 1270 434 1335 Avin.
453 1288 469 1353 5
486 1268 555 1335 kal.
571 1276 668 1334 mart.
684 1274 717 1333 a⁰
734 1270 776 1333 8⁰.
798 1268 868 1352 (18,
890 1268 978 1353 177).

241 1414 344 1474 1908.
361 1406 448 1472 Item
471 1409 719 1475 collationem...
735 1405 958 1487 Theoderico,
984 1408 1155 1473 monacho
1181 1405 1376 1471 monasterii
1392 1405 1423 1470 S.
1440 1405 1555 1491 Sepul-

196 1510 242 1575 cri
269 1510 497 1592 Cameracen,
514 1510 556 1576 Ο.
573 1510 605 1576 S.
632 1509 681 1591 B,
708 1508 750 1575 de
772 1512 982 1597 prepositura
1006 1511 1145 1597 Capelle
1171 1518 1266 1576 extra
1280 1530 1393 1574 muros
1419 1508 1555 1574 Bruxel-

196 1616 315 1695 lenses,
332 1614 551 1681 Cameracen.
566 1614 664 1696 dioc,
681 1634 754 1680 vac.
769 1636 830 1701 per
839 1618 896 1681 ob.
910 1615 1019 1681 ultimi
1030 1614 1192 1702 prepositi
1207 1614 1407 1700 ejusdem-
1423 1612 1499 1679 Fiat
1515 1612 1555 1677 R.

241 1718 322 1784 Dat.
337 1719 438 1784 Avin.
456 1738 472 1803 5
490 1717 656 1785 kalmart.
673 1725 707 1784 a⁰
723 1720 766 1784 8⁰.
784 1720 854 1804 (18,
877 1721 980 1804 178¹).

244 1861 346 1924 1909.
370 1855 458 1921 Item
474 1858 690 1922 collationem
708 1855 837 1941 Egidie,
852 1864 937 1922 nate
954 1856 1074 1941 Egidio
1089 1856 1170 1921 dicti
1185 1856 1229 1921 de
1244 1856 1384 1937 Statera,
1400 1856 1442 1922 de
1467 1856 1556 1922 vica-

196 1960 244 2025 ria
260 1960 476 2025 ecclesiarum
502 1960 544 2026 de
568 1959 673 2026 Bakel
688 1969 723 2026 et
738 1961 780 2026 de
798 1961 933 2026 Deerne
949 1960 993 2025 ad
1013 1961 1159 2027 invicem
1180 1959 1454 2047 dependentium,
1471 1960 1557 2025 leo-

194 2063 284 2129 dien.
296 2064 394 2145 dioc,
406 2085 480 2131 vac.
490 2086 551 2150 per
562 2066 820 2151 resignationem
832 2064 960 2131 factam
967 2084 1074 2130 causa
1087 2065 1346 2151 permutationis
1358 2066 1392 2129 in
1400 2064 1571 2130 manibus*

196 2167 364 2233 ordinarii.

241 2268 329 2335 Item
354 2271 573 2337 collationem
598 2272 764 2339 Cristiano
788 2272 832 2337 de
856 2270 976 2338 Bunde
1001 2272 1045 2338 de
1072 2292 1145 2337 can.
1167 2281 1202 2338 et
1224 2276 1316 2359 preb.
1331 2294 1373 2339 ac
1387 2272 1558 2339 scolastria

198 2374 230 2440 S.
256 2373 414 2439 Rumoldi
440 2373 696 2457 MascliniensiS,
724 2374 940 2441 Cameracen.
961 2375 1060 2458 dioc,
1083 2395 1148 2442 vac
1170 2396 1231 2461 per
1252 2380 1306 2442 ob.
1329 2374 1493 2442 Bonifacii
1515 2376 1558 2442 de

200 2476 316 2543 Platea
331 2487 352 2543 ³.
375 2518 419 2528 --
442 2476 519 2544 Fiat
542 2478 583 2545 R.

244 2580 323 2647 Dat.
339 2581 438 2647 Avin.
457 2600 473 2667 5
491 2582 558 2648 kal.
575 2592 673 2649 mart.
690 2590 724 2648 a⁰
740 2586 782 2648 8⁰.
800 2584 871 2667 (18,
889 2585 991 2668 179').

252 2718 391 2800 1910.
1261 2753 1357 2817 1350,
1373 2734 1514 2801 limare.

243 2836 344 2924 Supp.
356 2836 376 2915 J
378 2841 503 2904 acobus
517 2838 560 2904 de
573 2836 766 2905 Bourbonio
781 2846 940 2923 quatsuo
955 2836 1134 2904 secretario
1145 2845 1181 2903 et
1190 2836 1400 2903 thesaurario
1413 2836 1560 2905 Nicolao

198 2940 345 3006 Brunelli
357 2954 378 3023 ⁴,
395 2943 592 3008 Atrebaten.
608 2942 706 3023 dioc,
723 2943 757 3006 in
773 2950 836 3008 art.
851 2942 906 3008 lic.
920 2950 957 3007 et
971 2942 1007 3006 in
1020 2942 1093 3027 jure
1106 2941 1198 3007 civili
1213 2942 1332 3028 perito,
1348 2941 1391 3007 de
1406 2963 1482 3009 can.
1497 2947 1558 3010 sub

197 3066 272 3131 exp.
289 3049 380 3132 preb.
406 3046 547 3112 ecclesie
573 3049 772 3112 Atrebaten.
799 3043 981 3131 dignemini
1007 3043 1209 3131 providere3
1232 3064 1302 3110 non
1315 3047 1404 3111 obst.
1420 3047 1510 3131 quod
1525 3047 1559 3113 in

197 3149 387 3215 Tornacen.
410 3152 471 3215 sub
495 3171 570 3236 exp.
593 3153 696 3236 preb,
712 3149 894 3234 dignitatis,
910 3157 1108 3235 personatus
1123 3150 1178 3214 vel
1193 3148 1249 3216 off.
1266 3157 1300 3214 et
1315 3149 1349 3214 in
1365 3148 1408 3215 de
1425 3148 1559 3218 Monte·

198 3253 286 3319 lucio
302 3263 337 3319 et
352 3253 386 3318 in
401 3252 443 3319 de
460 3251 644 3320 Hericione
669 3255 828 3337 ecclesiis,
855 3253 1038 3320 Bituricen.
1062 3254 1194 3336 ίι11100..
1219 3275 1292 3320 can.
1315 3263 1351 3320 et
1373 3255 1560 3342 prebendas

199 3358 350 3423 obtinere
373 3366 539 3424 noscatur.
562 3399 606 3407 —
629 3356 706 3423 Fiat
729 3357 770 3424 R.

243 3459 331 3525 Item
346 3461 380 3526 in
396 3461 545 3527 favorem
561 3461 663 3548 ipsius
679 3461 823 3543 Nicolai,
839 3471 877 3528 ut
892 3462 1065 3549 prefertur,
1073 3463 1226 3528 canonici
1241 3460 1441 3544 Tornacen,
1456 3483 1559 3528 reser-

199 3565 352 3629 vationes
366 3565 473 3630 factas
487 3566 529 3630 de
545 3565 723 3651 prebendis
738 3566 841 3652 ipsius
856 3566 997 3632 ecclesie
1019 3567 1167 3632 relaxare
1182 3566 1376 3650 dignemini,
1392 3567 1501 3632 donec
1516 3565 1558 3632 de

198 3671 289 3752 preb.
306 3668 416 3754 aliqua
430 3669 533 3755 ipsius
547 3670 689 3736 ecclesie
705 3669 766 3734 sibi
790 3669 888 3735 fuerit
909 3667 1090 3756 provisum.
1107 3667 1245 3734 —Fiat
1267 3669 1302 3733 in
1325 3670 1441 3735 sonna.
1458 3667 1500 3734 R.

242 3771 322 3836 Dat.
338 3771 439 3837 Avin.
456 3775 474 3837 8
491 3773 535 3838 id.
551 3781 650 3839 mart.
665 3781 698 3838 a⁰
715 3775 757 3839 8⁰.
775 3775 846 3857 (18,
860 3771 896 3839 P.
911 3771 960 3854 Il,
978 3773 1040 3857 al).

252 3909 382 3992 1911.
1107 3963 1113 3972 -
1262 3942 1357 4008 1350,
1373 3945 1394 4008 9
1410 3947 1514 3991 mare.

241 4026 344 4112 Supp.
360 4027 503 4112 Sygerus
517 4026 560 4092 de
576 4026 679 4093 Novo
695 4026 833 4112 Lapide,
856 4027 899 4092 de
923 4025 1110 4092 Macblima
1121 4034 1143 4108 ⁵,
1157 4047 1246 4113 mag.
1260 4027 1297 4092 in
1311 4036 1373 4092 art.
1388 4037 1424 4094 et
1438 4029 1473 4094 in
1485 4031 1559 4115 jure

200 4129 287 4195 civili
309 4131 446 4216 peritus,
470 4133 592 4217 quique
616 4131 855 4198 Universitatis
878 4133 1056 4197 scolarium
1076 4133 1114 4197 in
1131 4131 1176 4198 U.
1191 4131 1222 4210 J..
1245 4131 1399 4199 Bmonie
1421 4133 1558 4199 studen-

199 4233 284 4298 tium
297 4255 498 4320 perannum
514 4236 678 4320 integrum
693 4244 804 4302 rector
817 4255 924 4320 nuper
930 4235 1060 4316 extitit,
1076 4242 1168 4319 quat
1182 4235 1246 4300 sibi
1260 4235 1304 4301 de
1324 4256 1399 4302 can.
1415 4244 1450 4301 et
1463 4241 1557 4322 preb.

198 4357 241 4402 ac
265 4337 435 4404 decanatu
462 4338 601 4404 ecclesie
628 4339 659 4403 S.
684 4338 824 4405 Servatii
848 4338 1083 4422 Trajectensis,
1107 4338 1268 4405 Leodien.
1290 4339 1389 4422 dioc,
1412 4361 1477 4407 vac
1497 4363 1559 4428 per
1598 4331 1601 4335 ’

200 4451 344 4507 mortem
359 4442 379 4520 J
383 4442 523 4508 ohannis
538 4442 580 4508 de
597 4440 810 4509 Molinarlren
826 4441 847 4523 ⁶,
862 4441 1014 4526 ejusdem
1035 4443 1177 4508 ecclesie
1190 4443 1346 4509 canonici
1362 4447 1557 4530 prebendati

232 4626 327 4693 1)(111.
342 4630 486 4678 Bituracen.

234 4831 256 4879 1.
270 4827 327 4878 cire
338 4829 398 4893 plus
406 4830 465 4880 turd
474 4845 572 4880 comme
581 4830 640 4879 cure
649 4831 754 4880 rl'Aehcl
766 4831 880 4894 (liin-cb,
889 4831 964 4891 Keil,
978 4834 1025 4880 342
1032 4849 1040 4892 ;
1048 4833 1083 4882 cl.
1094 4833 1212 4897 Hoynck,
1225 4833 1311 4895 Attal,
1322 4834 1372 4893 III,
1386 4834 1413 4883 P.
1425 4833 1445 4893 Ι,
1455 4849 1480 4898 p.
1489 4835 1560 4896 ³74).

202 4930 233 4941 —
245 4902 337 4952 211011·
348 4917 374 4953 11.
387 4905 624 4956 1901.-3.11ο111.
634 4907 817 4966 19011901.-
829 4909 852 4956 4.
861 4907 923 4956 Voir
934 4922 959 4957 n.
973 4909 1077 4956 1175.-
1087 4911 1111 4958 5.
1123 4908 1185 4956 Voir
1194 4923 1221 4958 11.
1235 4909 1338 4959 1901.-
1345 4911 1369 4957 6.
1380 4908 1441 4957 Voir
1451 4923 1477 4957 n.
1488 4909 1562 4958 1905.

253 4995 316 5038 Anni.
332 4995 380 5038 vn
397 4995 457 5047 neta.
