3650 5675
295 493 346 557 112
849 489 937 563 1348,
960 488 1101 555 281011

345 644 462 728 502·
1356 677 1452 741 1343,
1469 658 1512 721 28
1527 662 1614 722 uorat.

339 763 428 847 Sign.
445 762 476 826 S.
494 761 533 825 V.
555 760 721 824 Robertus
747 758 789 823 de
815 758 935 823 Tuicio
952 768 970 838 ¹,
996 778 1069 823 can.
1095 756 1265 838 Leodien.,
1291 758 1382 842 quod
1405 780 1511 845 nuper
1541 759 1659 825 eadem

294 869 326 933 S.
345 867 481 951 Hugoni
508 864 640 949 Rogerii
665 864 707 929 de
730 884 803 930 can.
824 870 859 927 et
883 865 976 949 preb.
1002 883 1041 927 ac
1066 862 1268 927 thesauraria
1294 864 1374 928 eccl.
1401 863 1562 949 predicte,
1577 874 1659 931 tunc

294 993 353 1058 per
368 981 513 1036 mortem
529 968 699 1054 quondam
716 966 884 1034 Francisci
908 966 950 1032 de
967 964 1110 1032 Medicis
1132 966 1174 1031 de
1199 964 1395 1032 Mediolano
1411 978 1432 1049 ²,
1449 964 1536 1033 sedis
1551 976 1658 1053 apost.

294 1098 367 1161 cap.
397 1095 480 1154 vac,
509 1073 603 1139 duxit
632 1071 888 1160 providendum,
920 1070 972 1135 cui
1002 1070 1184 1156 provisioni
1210 1070 1299 1135 idem
1325 1072 1492 1137 Robertus
1519 1070 1659 1137 credens

294 1181 408 1265 vigore
424 1178 595 1264 cujusdam
618 1177 723 1261 gratie
748 1196 809 1261 per
833 1174 886 1239 fel.
914 1196 979 1240 rec.
1007 1174 1097 1239 dom.
1123 1172 1379 1259 B(enedictum)
1395 1195 1520 1260 papam
1535 1174 1602 1239 XII
1615 1175 1658 1240 de

294 1305 367 1350 can.
384 1293 419 1349 et
434 1286 526 1369 preb.
544 1302 584 1347 ac
600 1281 700 1365 dign„
716 1301 801 1366 pers.
817 1280 872 1343 vel
889 1278 945 1345 off.
962 1300 990 1344 c.
1008 1300 1036 1344 c.
1055 1278 1109 1343 vel
1133 1299 1158 1343 s
1175 1301 1214 1359 c.,
1231 1278 1264 1342 in
1281 1277 1372 1344 dicta
1397 1280 1478 1345 eccl.
1495 1278 1556 1344 sibi
1572 1279 1659 1345 facte
1703 1326 1704 1329 ,

295 1384 431 1454 'easdem
447 1390 538 1473 preb.
555 1394 590 1451 et
605 1385 843 1451 thesaurariam
857 1384 927 1449 fore
939 1384 1000 1449 sibi
1012 1384 1142 1449 debitas
1162 1382 1352 1468 acceptavit
1362 1382 1490 1467 sibique
1506 1382 1659 1449 faciendo

294 1493 337 1557 de
353 1491 479 1556 eisdem
494 1510 554 1575 per
569 1510 664 1553 suum
685 1498 899 1554 executorem
923 1486 1089 1574 provideri
1117 1508 1152 1551 se
1168 1486 1334 1572 opposuit,
1351 1486 1507 1552 dubitans
1530 1488 1615 1551 sicut
1638 1509 1657 1552 a

294 1596 409 1661 multis
423 1603 504 1660 tunc
519 1593 737 1660 dubitabatur
746 1613 790 1657 an
800 1592 910 1657 dictus
925 1592 1097 1676 quondam
1110 1590 1316 1672 Franciscus,
1332 1591 1413 1656 dum
1423 1590 1516 1671 vixit,
1526 1590 1656 1677 prefate

295 1700 382 1765 sedis
399 1698 496 1763 fuerit
511 1718 586 1783 cap.
602 1718 642 1762 ac
656 1705 835 1782 propterea
850 1696 893 1760 ad
905 1696 1020 1761 sedem
1032 1694 1220 1782 predictam
1233 1704 1351 1760 contra
1363 1694 1529 1780 prefatum
1541 1694 1658 1779 Hugo-

297 1825 375 1869 nem
387 1810 422 1869 et
437 1804 508 1888 ejus
522 1800 749 1887 provisionem
761 1798 1083 1886 appellavit.Verum
1094 1821 1171 1865 cum
1184 1800 1294 1865 eidem
1306 1798 1456 1865 Roberto
1468 1820 1557 1865 nunc
1569 1800 1658 1885 apud

297 1908 412 1974 sedem
436 1906 622 1991 predictam
638 1925 700 1990 pro
715 1904 949 1990 prosecutione
970 1904 1051 1990 juris
1075 1905 1124 1969 sui
1152 1905 1336 1971 constituto
1357 1905 1504 1989 cognito,
1534 1904 1658 1969 nedum

298 2014 385 2079 fama
400 2011 563 2076 referente
579 2009 714 2096 publica
730 2012 789 2074 sed
809 2009 913 2074 etiam
938 2009 1107 2075 nonnullis
1130 2010 1195 2075 fide
1210 2009 1318 2093 dignis
1329 2010 1410 2094 juris
1426 2008 1657 2087 asserentibus,

297 2115 481 2202 receptioni
498 2114 530 2177 ia
548 2136 621 2200 cap.
645 2112 727 2179 dicti
752 2112 920 2179 Francisci
945 2112 1142 2194 interfuisse,
1166 2115 1341 2199 ipsumque
1369 2111 1600 2178 Fransciscum
1624 2112 1658 2175 in

296 2220 414 2285 habitu
431 2218 682 2304 capellanorum
698 2216 785 2281 sedis
801 2225 909 2303 apost.
927 2215 1048 2281 vidisse
1070 2224 1104 2281 et
1128 2220 1169 2281 ab
1187 2217 1306 2282 eodem
1323 2217 1402 2282 dum
1419 2217 1503 2286 vixit
1526 2216 1659 2282 dicente

296 2344 333 2389 se
359 2344 432 2408 cap.
461 2321 548 2386 sedis
574 2330 681 2405 apost.
710 2319 875 2385 audivisse
891 2330 926 2384 et
942 2320 1024 2385 alias
1039 2320 1204 2405 prefatum
1230 2320 1443 2387 Franciscum
1467 2321 1557 2386 dicte
1572 2319 1660 2386 sedis

296 2429 507 2514 capellanum
525 2426 632 2506 fuisse,
649 2425 729 2490 dum
745 2433 859 2509 ageret
870 2420 902 2490 in'
913 2425 1078 2507 humanis,
1091 2425 1279 2511 hujusmodi
1291 2446 1383 2491 suam
1396 2426 1658 2513 appellationem

295 2540 473 2620 propterea
488 2530 592 2595 ducto
607 2527 815 2594 conscientia
829 2530 984 2615 prosequi
1010 2550 1077 2595 non
1106 2529 1262 2618 expediat
1289 2552 1398 2615 neque
1420 2531 1527 2617 possit
1542 2550 1659 2615 agnos·

295 2637 386 2703 centi
409 2640 535 2701 bonam
556 2633 668 2699 fidem.
685 2634 796 2717 Quare
823 2654 918 2720 supp.
946 2634 1035 2700 idem
1062 2636 1228 2702 Robertus
1252 2645 1342 2720 quat.
1370 2634 1479 2699 eidem
1508 2632 1657 2700 Roberto

295 2763 342 2826 gr.
358 2739 582 2827 supradictam
598 2758 658 2824 per
672 2737 762 2803 dom.
779 2737 1036 2823 B[enedictum]
1052 2761 1109 2827 pp.
1125 2740 1185 2805 sibi
1210 2740 1342 2819 factam,
1358 2738 1485 2804 salvam
1501 2759 1541 2804 ac
1557 2758 1656 2803 omne

292 2849 346 2931 jus
372 2845 463 2930 quod
487 2844 548 2908 sibi
573 2843 738 2928 competit
761 2852 819 2908 aut
845 2852 1038 2929 competere
1063 2853 1176 2930 potest
1202 2845 1236 2909 in
1261 2864 1474 2929 quocumque
1498 2846 1575 2908 ben.
1602 2844 1656 2907 vel

295 2950 396 3034 dign,
413 2969 498 3034 pers.
514 2947 569 3011 vel
586 2947 642 3011 off.
670 2968 699 3012 c.
721 2967 750 3012 c.
774 2948 829 3010 vel
853 2968 878 3012 s.
906 2968 946 3026 c.,
972 2957 1031 3013 aut
1047 2948 1090 3013 ad
1105 2949 1161 3014 illa
1188 2947 1409 3033 quovismodo
1425 2949 1538 3033 vigore
1553 2948 1656 3034 gratie
1725 2945 1727 2950 ’

296 3051 486 3137 supradicte
502 3049 544 3116 ad
560 3070 695 3114 omnem
723 3050 772 3115 sui
800 3049 958 3115 effectum
978 3052 1106 3117 salvum
1133 3053 1203 3118 fore
1229 3061 1264 3118 et
1291 3073 1362 3118 esse
1386 3053 1508 3119 debere
1530 3053 1655 3136 sibique

295 3155 378 3221 illud
404 3156 570 3239 integrum
596 3162 631 3218 et
656 3154 786 3219 illesum
810 3152 992 3238 dignemini
1020 3176 1190 3222 reservare
1192 3207 1243 3223 .....
1261 3155 1341 3222 Non
1370 3160 1455 3222 obst.
1474 3156 1550 3241 (sic)
1578 3175 1656 3220 cum

295 3260 385 3327 idem
402 3259 568 3324 Robertus
595 3268 713 3324 contra
734 3259 976 3324 conscientiam
1003 3261 1191 3346 hujusmodi
1213 3262 1477 3349 appellationem
1501 3261 1656 3346 prosequi

293 3372 477 3443 execretur,
508 3371 543 3428 et
574 3364 655 3429 alias
685 3363 790 3428 etiam
821 3383 920 3450 super
946 3365 1117 3451 prebenda
1144 3375 1179 3456 et
1203 3366 1407 3432 thesauraria
1437 3364 1596 3452 predictis
1621 3364 1655 3430 in

297 3466 394 3533 Rom.
413 3488 480 3534 cur.
496 3467 643 3552 pluribus
658 3468 753 3532 annis
778 3488 847 3533 non
872 3469 944 3533 sine
964 3471 1095 3555 magnis
1118 3471 1299 3555 litigaverit
1325 3471 1489 3558 expensis,
1517 3479 1551 3535 et
1573 3468 1656 3534 duas

293 3571 476 3636 sententias
491 3570 684 3636 diffinitivas
699 3592 797 3657 super
812 3571 904 3638 dicta
928 3575 1099 3659 prebenda
1126 3596 1186 3660 pro
1213 3596 1248 3640 se
1275 3575 1457 3642 obtinuerit
1484 3575 1516 3639 in
1544 3581 1655 3639 vestro
1677 3653 1679 3658 Ι

292 3695 388 3743 sacro
403 3675 532 3760 palatio
554 3675 752 3760 apostolice,
780 3698 844 3760 que
869 3677 902 3741 in
929 3698 998 3742 rem
1023 3679 1247 3744 transiverunt
1259 3679 1444 3764 judicatam
1470 3679 1530 3744 lite
1557 3697 1653 3763 supra

292 3779 365 3864 ipsa
380 3779 586 3844 thesauraria
602 3800 671 3844 non
688 3781 793 3847 finita.
814 3819 846 3830 —
869 3781 947 3847 Fiat
964 3783 1004 3848 R.

337 3881 424 3947 Item
451 3904 546 3970 supp.
575 3884 663 3949 idem
692 3883 858 3951 Robertus
874 3894 964 3970 quat.
989 3887 1097 3952 eidem
1124 3888 1248 3954 fructus
1272 3889 1313 3954 de
1328 3888 1498 3974 prebenda
1514 3888 1548 3952 in
1563 3887 1652 3952 dicta

291 3988 374 4053 eccl.
391 3987 562 4068 Leodien.,
576 4009 674 4072 quam
686 4009 746 4074 per
760 3989 897 4074 aliquod
907 3998 1041 4077 tempus
1055 3992 1195 4078 pacifice
1207 3993 1400 4078 possidebat
1413 3993 1445 4056 in
1459 4011 1652 4078 recompen-

292 4112 364 4156 sam
386 4113 607 4176 expensarum
630 4093 792 4158 factarum
809 4095 841 4158 in
859 4094 917 4158 lite
935 4094 1014 4180 ipsa,
1042 4115 1107 4179 que
1133 4117 1193 4182 per
1209 4097 1354 4181 quinque
1375 4117 1481 4161 annos
1508 4104 1544 4160 et
1568 4096 1652 4159 ultra

292 4195 433 4275 duravit,
454 4216 551 4281 super
567 4196 657 4262 dicta
666 4201 757 4282 preb.
775 4198 808 4261 in
825 4218 892 4264 cur.
910 4198 1018 4280 Rom,
1032 4199 1187 4283 ignoraus
1198 4201 1324 4267 dictum
1340 4200 1368 4264 F
1369 4201 1555 4266 ranciscum
1567 4197 1652 4264 sedis

291 4307 399 4385 apost.
423 4298 520 4364 fuisse
543 4321 615 4385 cap.
631 4309 809 4386 perceptos
823 4323 884 4388 per
899 4303 1082 4388 capitulum
1100 4304 1270 4385 Leodien.,
1282 4327 1302 4370 a
1316 4314 1470 4391 tempore
1482 4304 1572 4370 dicte
1586 4302 1652 4367 litis

292 4412 386 4468 mote
407 4404 562 4486 usquead
578 4405 794 4490 adeptionem
809 4408 983 4494 pacificam
1000 4409 1218 4495 possessionis
1233 4409 1321 4475 dicte
1341 4408 1522 4494 prebende,
1539 4407 1651 4491 digne-

292 4507 373 4570 mini
389 4506 515 4571 donare
530 4515 565 4572 et
581 4509 741 4588 conferre,
765 4513 941 4596 presertim
966 4515 1128 4601 cumipse
1146 4514 1311 4579 Robertus
1338 4512 1463 4577 dictam
1487 4514 1579 4598 preb.
1594 4529 1652 4596 per

291 4611 374 4676 duas
388 4613 571 4677 sententias
595 4612 789 4678 diffinitivas
803 4616 895 4698 vicit,
917 4639 981 4701 que
998 4619 1032 4682 in
1055 4640 1125 4684 rem
1150 4618 1384 4696 transiverunt,
1406 4638 1483 4682 cum
1500 4615 1653 4681 omnibus

294 4737 363 4781 non
380 4719 525 4781 obstant.
542 4728 576 4782 et
592 4719 746 4784 clausulis
762 4721 936 4806 oportunis
951 4732 986 4787 et
1001 4721 1243 4788 executoribus.
1260 4761 1303 4771 -—
1319 4720 1395 4786 Fiat
1412 4719 1452 4814 R.

326 4881 442 4938 1.vr‹lat,
457 4896 481 4929 n.
494 4883 541 4929 360
552 4897 557 4938 3
569 4881 601 4929 ‹lc
613 4882 708 4940 Thcux,
722 4883 756 4944 11,
771 4886 816 4933 107
830 4900 836 4944 ;
849 4887 948 4947 Kirsclr,
962 4887 1036 4947 Keil,
1052 4891 1103 4944 133,
1118 4889 1171 4945 lid,
1186 4889 1239 4944 319,
1254 4889 1307 4944 352,
1321 4887 1366 4933 331
1379 4903 1384 4937 ς
1399 4883 1546 4942 Sauerlaad,
1561 4883 1653 4931 Iflaia.

297 4954 365 5014 lia,
379 4969 403 5003 n.
418 4957 486 5012 1733,
504 4958 575 5004 ariol.
587 4984 619 4991 -
631 4959 653 5004 2.
665 4954 691 5006 ’1-
702 4963 716 5005 ἴ)
728 4961 789 5006 aosst
805 4963 865 5008 13311
878 4962 922 5022 (de
935 4961 1029 5022 Thcux,
1043 4963 1077 5021 ll,
1092 4963 1137 5009 1117
1149 4977 1154 5020 ;
1168 4961 1266 5020 Kirsclr,
1282 4959 1355 5018 anit,
1365 4961 1432 5020 2711).
