3650 5675
267 500 325 563 ara
806 497 892 571 1350,
917 496 992 560 rer-2
1011 496 1088 578 jun.

316 658 418 719 1994.
435 650 523 715 Item
539 672 634 736 supp.
650 658 742 734 quat.
759 649 943 715 Godefrido
965 650 1007 715 de
1031 650 1166 715 Pursele
1183 651 1226 716 de
1243 672 1317 717 can.
1333 660 1368 717 et
1382 656 1474 738 preb.
1490 655 1630 719 ecclesie

270 756 302 821 S.
320 754 369 821 M.
385 754 657 839 Antwerpiensis,
680 753 896 820 Cameracen.
920 754 1017 835 dioc,
1040 755 1223 839 dignemini
1247 757 1443 842 providere;
1459 779 1529 824 non
1545 762 1629 824 obst.

270 859 360 944 quod
376 859 408 923 in
425 858 456 923 S.
473 858 602 923 Godele
629 865 664 922 et
688 858 719 923 S.
744 856 775 935 J.
798 857 836 923 B.
862 858 1011 924 ecclesiis
1036 858 1269 941 Bruxellensis,
1295 860 1385 926 dicte
1413 859 1628 928 Cameracen.

269 963 367 1043 dioc,
385 961 588 1047 capellanias
604 962 744 1026 obtinet.
761 1003 804 1011 —
821 962 897 1028 Fiat
915 962 954 1028 R.

315 1068 394 1131 Dat.
410 1066 510 1130 Avin.
527 1064 593 1130 kal.
606 1065 689 1150 junii
707 1073 741 1131 a⁰
758 1074 800 1146 9⁰.
818 1068 896 1151 (20,
915 1069 999 1151 24l).

319 1199 461 1283 1995
1164 1251 1166 1254 ·
1318 1237 1412 1300 1350,
1439 1226 1481 1282 1⁰r
1498 1218 1587 1299 juin.

314 1321 402 1406 Sign.
419 1320 451 1393 S.
468 1320 507 1395 V„
523 1320 637 1386 devoti
663 1320 720 1385 filii
744 1322 844 1387 vestri
868 1320 1017 1402 Carolus,
1033 1342 1091 1385 rex
1117 1320 1278 1401 Navarre,
1303 1330 1338 1386 et
1362 1320 1529 1401 Johanna,
1550 1332 1630 1387 nata

268 1424 363 1489 ducis
375 1422 566 1504 Brabantie,
578 1423 667 1507 quod
688 1444 764 1489 cum
776 1423 901 1489 dudum
914 1423 1124 1508 interregem
1136 1423 1275 1489 Francie
1287 1425 1489 1490 eteumdem
1509 1426 1630 1491 ducem

270 1548 394 1613 magna
410 1536 444 1592 et
459 1528 644 1613 periculosa
655 1527 768 1593 suisset
780 1528 947 1594 discordia
962 1538 1064 1612 atque
1075 1528 1247 1609 dissentio
1257 1528 1321 1594 toti
1337 1548 1440 1613 regno
1452 1537 1487 1593 et
1499 1528 1631 1614 publice

270 1632 316 1697 rei
333 1630 530 1715 dampnosa,
547 1652 588 1696 ex
604 1652 670 1715 qua
686 1632 793 1697 multa
809 1634 908 1713 mala,
925 1641 1051 1717 strages
1066 1639 1101 1696 et
1116 1631 1276 1697 scandala
1289 1640 1373 1705 sunt¹
1382 1640 1506 1713 secuta,
1523 1640 1558 1696 et
1572 1652 1633 1717 per

270 1735 449 1800 nonnullos
479 1743 653 1819 magnates
676 1735 758 1800 inita
780 1736 878 1801 fuerit
897 1736 983 1801 inter
1007 1756 1066 1801 eos
1089 1739 1179 1801 bona
1202 1736 1381 1801 concordia
1406 1744 1508 1819 atque
1533 1735 1632 1819 ligua

271 1858 371 1923 quam
395 1838 546 1903 nonnulli
571 1839 662 1923 pacis
685 1840 786 1903 emuli
810 1848 969 1924 satagunt
992 1840 1173 1924 instigante
1195 1838 1332 1904 diabolo
1358 1839 1510 1918 violare;
1538 1845 1573 1902 et
1595 1846 1633 1902 ut

270 1963 346 2028 pax,
363 1962 457 2007 amor
472 1950 507 2005 et
522 1942 758 2007 benevolentia
775 1943 861 2007 inter
884 1964 997 2027 regem
1025 1942 1164 2008 Francie
1191 1951 1226 2007 et
1240 1942 1360 2007 ducem
1376 1942 1545 2028 predictos
1559 1962 1634 2027 per-

271 2053 375 2131 petuo
405 2053 596 2130 perseveret
627 2054 661 2109 et
691 2046 795 2110 etiam
823 2046 1019 2126 invalescat,
1044 2046 1086 2111 de
1111 2046 1283 2131 utriusque
1309 2046 1395 2130 regis
1420 2044 1571 2110 Navarre
1598 2052 1634 2108 et

270 2148 290 2226 J
293 2146 427 2214 ohanne
443 2148 669 2233 predictorum
685 2149 869 2214 amicorum
893 2170 1057 2215 consensu
1073 2158 1258 2215 tractatum
1284 2150 1337 2229 sit,
1353 2148 1444 2234 quod
1469 2148 1558 2214 idem
1574 2168 1634 2212 rex

273 2252 423 2318 Navarre
439 2260 474 2315 et
490 2250 648 2328 Johanna
664 2253 955 2318 matrimonialiter
969 2254 1179 2338 copulentur,
1191 2274 1254 2319 nec
1267 2253 1421 2318 videatur
1432 2252 1474 2317 de
1486 2252 1634 2337 presenti

271 2356 326 2421 via
340 2356 450 2438 aliqua
466 2376 526 2441 per
541 2376 641 2440 quam
657 2356 745 2421 inter
768 2356 858 2441 ipsos
873 2376 986 2441 regem
1012 2354 1153 2422 Francie
1177 2364 1212 2421 et
1239 2356 1360 2421 ducem
1384 2356 1564 2422 concordia
1587 2356 1634 2420 ita

271 2463 357 2523 bene
373 2466 588 2524 conservetur
603 2468 637 2524 et
653 2460 799 2545 pericula
814 2480 930 2544 guerre
940 2481 979 2525 ac
992 2461 1152 2526 scandala
1168 2460 1336 2525 evitentur
1351 2483 1359 2539 ;
1373 2460 1566 2546 supplicant
1575 2479 1636 2523 rex

273 2562 425 2628 Navarre
452 2573 487 2627 et
502 2562 659 2639 Johanna
683 2564 823 2649 predicti
852 2573 1016 2648 quatenus
1042 2585 1103 2650 pro
1127 2564 1382 2630 conservatione
1397 2564 1489 2650 pacis
1504 2571 1539 2628 et
1554 2583 1634 2629 con-

273 2666 396 2747 cordie,
411 2687 451 2731 ac
467 2667 633 2732 malorum
644 2688 761 2751 guerre
777 2676 812 2733 et
827 2670 1059 2735 scandalorum
1075 2670 1268 2749 evitatione,
1284 2668 1467 2752 dignemini
1485 2689 1560 2733 cum
1576 2668 1635 2745 eis,

274 2771 329 2856 qui
346 2792 387 2835 ex
404 2770 504 2835 fratre
520 2779 555 2836 et
570 2791 683 2838 sorore
699 2781 777 2838 sunt
791 2773 906 2857 geniti,
923 2781 960 2839 ut
977 2773 1220 2859 impedimento
1235 2772 1326 2857 quod
1342 2794 1384 2836 ex
1400 2771 1636 2857 consanguini-

274 2883 344 2940 tate
359 2875 547 2959 hujusmodi
563 2877 729 2960 provenit,
747 2879 800 2940 vel
816 2877 882 2942 alio
899 2877 1197 2960 consanguinitatis
1222 2879 1276 2942 vel
1299 2876 1474 2942 affinitatis
1490 2875 1636 2941 inferiori

275 2978 425 3061 quolibet
440 2998 508 3042 non
526 2981 691 3059 obstante,
708 2980 799 3045 licite
814 2980 857 3045 ad
873 2981 1019 3046 invicem
1043 2981 1295 3046 matrimonium
1312 2981 1522 3060 contrahant,
1538 2980 1638 3046 mise-

275 3081 449 3148 ricorditer
472 3081 675 3168 dispensare,
700 3085 830 3170 prolem
861 3106 902 3149 ex
932 3085 1123 3170 hujusmodi
1147 3086 1365 3151 matrimonio
1391 3084 1637 3168 suscipiendam

276 3184 460 3268 legitimam
476 3185 736 3251 decemend0.-
754 3186 862 3252 Possit
880 3187 949 3252 lieri
966 3188 1370 3273 auctoritateapostolica
1385 3207 1444 3273 per
1460 3186 1638 3272 episcopos

276 3287 481 3374 Laudunen,
500 3287 678 3355 Belvacen.
694 3300 729 3354 et
745 3289 975 3372 Cameracen,
1004 3292 1057 3356 vel
1083 3290 1167 3356 duos
1193 3313 1235 3355 ex
1262 3291 1319 3370 eiS,
1335 3291 1361 3355 si
1378 3291 1522 3356 viderint
1537 3311 1638 3376 expe-

276 3390 346 3456 dire
361 3413 369 3471 ;
387 3411 485 3477 super
500 3411 567 3475 quo
583 3411 698 3456 eorum
714 3394 936 3459 conscientias
959 3414 1144 3474 oneramus
1163 3393 1202 3459 R.

320 3494 400 3559 Dat.
416 3494 516 3559 Avin.
532 3493 599 3559 kal.
612 3496 696 3580 junii
713 3505 747 3561 a⁰
764 3504 806 3576 9⁰.
824 3499 899 3580 (20,
918 3499 986 3582 26).

331 3631 473 3714 1996.
1366 3665 1462 3729 1350,
1479 3667 1497 3710 2
1508 3643 1596 3726 juin.

321 3749 422 3836 Supp.
449 3749 642 3815 Bernardus
662 3751 704 3816 de
732 3750 890 3815 Nexonio
907 3761 927 3831 ¹,
951 3749 1122 3814 familiaris
1138 3757 1173 3814 et
1188 3748 1328 3814 clericus
1345 3748 1378 3813 S.
1397 3748 1447 3826 E,
1473 3758 1563 3833 quat.
1579 3748 1644 3813 sibi

277 3853 319 3918 de
335 3875 408 3919 can.
425 3862 459 3919 et
474 3857 566 3939 preb.
582 3854 613 3918 S.
631 3854 778 3940 Sepulcri
803 3854 830 3918 F
832 3853 1084 3937 ortiscalquerii,
1110 3851 1300 3918 Sistaricen.
1327 3852 1426 3932 dioc,
1453 3851 1638 3938 dignemini

277 3965 372 4022 motu
387 3959 523 4044 proprio
535 3959 708 4045 providere
722 3979 809 4038 ;non
821 3961 906 4023 obst.
920 3957 1008 4041 quod
1024 3955 1335 4021 archidiaconatum
1346 3956 1639 4042 Antwerpiensem

277 4068 311 4125 et
327 4081 399 4126 can.
416 4070 450 4127 et
474 4065 565 4147 preb.
594 4083 634 4127 ac
660 4061 962 4127 subthesaurariam
988 4060 1022 4124 in
1048 4058 1253 4125 Noviomen.
1278 4059 1426 4124 ecclesiis
1448 4067 1483 4124 et
1499 4058 1637 4144 paroch.

277 4165 358 4229 eccl.
375 4163 416 4230 de
434 4162 668 4246 Montinlraco,
684 4165 849 4248 Agatlren.
866 4165 964 4244 dioc,
980 4163 1128 4228 noscitur
1143 4164 1304 4228 obtinere.
1319 4203 1362 4210 —
1379 4161 1456 4227 Fiat
1473 4162 1512 4227 R.

321 4266 400 4332 Dat.
416 4268 517 4333 Avin.
534 4292 552 4353 4
569 4288 648 4333 non.
661 4268 743 4352 junii
762 4275 795 4332 a⁰
812 4277 854 4348 9⁰.
872 4269 950 4352 (20,
971 4269 1053 4351 14').

330 4404 1458 4498 1997.1350,
1476 4437 1494 4480 2
1505 4413 1593 4495 juin.

313 4523 421 4610 ,Supp
438 4525 616 4590 Durandus
631 4523 802 4609 Aymerici
815 4533 834 4604 ²,
849 4533 960 4589 rector
974 4522 1116 4588 ecclesie
1139 4521 1170 4588 S.
1192 4520 1350 4606 Supplicii
1377 4540 1455 4585 cum
1477 4518 1520 4585 de
1537 4516 1639 4583 Mon·

276 4629 387 4712 tejove
414 4635 448 4691 et
476 4627 549 4692 aliis
574 4627 722 4708 annexis,
748 4626 891 4692 Vauren.
917 4625 1015 4706 dioc,
1043 4625 1133 4709 quod
1160 4625 1231 4710 ipse
1256 4633 1337 4689 tunc
1362 4631 1473 4688 rector
1494 4621 1638 4686 ecclesie

275 4731 306 4796 S.
324 4730 414 4794 Petri
430 4729 472 4794 de
488 4731 613 4811 Anicis,
631 4729 781 4798 Castren.
797 4730 894 4810 dioc,
912 4739 946 4794 et
962 4730 1129 4795 Amaldus
1144 4729 1186 4794 de
1203 4726 1406 4809 Marenclris,
1422 4737 1504 4792 tunc
1525 4734 1638 4791 rector

307 4941 329 4987 1.
342 4939 403 4986 Voir
415 4953 439 4986 u.
454 4941 524 4998 1826,
540 4941 609 4986 1851.
622 4967 654 4973 -
666 4941 688 4988 2.
701 4938 763 4985 Voir
780 4953 805 4986 n.
819 4939 889 4986 1151.
