3650 5675
632 565 636 570 ι
687 527 774 600 1843,
797 526 879 591 11-14
897 526 1008 608 juillet.
1489 531 1522 597 91

163 677 310 762 ipsarum
333 695 483 740 sororum
509 676 570 740 sibi
595 676 764 760 assignari,
790 684 826 742 et
849 677 979 742 sincera
996 677 1030 742 in
1046 678 1196 744 Domino
1220 677 1361 744 caritate
1376 680 1524 746 tractari.

163 778 244 846 Non
270 782 358 845 obst.
383 781 539 846 omnibus
562 780 696 846 statutis
711 788 747 845 et
762 780 1061 847 consuetudinibus
1083 783 1118 846 in
1142 781 1347 848 contrarium
1370 784 1525 867 qualiter·

163 904 296 968 cunque
326 882 448 963 editis3
479 892 514 948 et
545 905 623 950 cum
652 884 808 950 omnibus
838 884 911 950 aliis
940 905 1010 974 non
1041 885 1262 967 obstantibus,
1301 895 1335 950 et
1370 888 1525 954 clausulis

164 986 338 1072 oportunis
364 1007 406 1052 ac
432 988 675 1054 executoribus,

206 1089 268 1155 Vel
292 1091 402 1176 ipsam
425 1091 585 1157 mandare
611 1091 793 1177 dignemini
817 1093 919 1177 recipi
937 1093 970 1157 in
987 1101 1186 1159 conversam
1202 1093 1283 1159 dicti
1300 1095 1475 1181 hospitalis
1491 1104 1526 1160 et

160 1214 319 1275 sororem,
351 1215 430 1260 cum
460 1197 617 1262 omnibus
647 1217 716 1262 non
747 1197 969 1277 obstantibus
995 1205 1030 1262 et
1057 1197 1213 1263 clausulis
1237 1199 1441 1282 necessariis,
1466 1220 1526 1285 per

157 1300 274 1365 omnia
290 1308 454 1385 utsupra.
471 1340 516 1348 —
534 1299 611 1365 Fiat
629 1299 668 1366 R.
684 1341 728 1348 -
743 1299 857 1365 Gratis
871 1321 934 1386 pro
950 1301 1035 1368 Deo.
1051 1342 1094 1350 -
1111 1300 1188 1366 Fiat
1206 1300 1245 1368 R.

205 1404 287 1471 Dat.
302 1404 403 1471 Avin.
420 1420 439 1488 7
456 1404 500 1470 id.
512 1404 631 1491 julii-a⁰
648 1413 690 1471 2⁰.
707 1406 757 1489 (5,
775 1407 843 1491 92).

212 1540 326 1622 413.
1199 1578 1295 1642 1343,
1309 1578 1348 1622 11
1359 1557 1483 1640 juillet.

207 1659 298 1743 Sign.
315 1658 346 1724 S.
356 1658 397 1724 V.
406 1659 503 1725 miles
530 1658 697 1725 Gerardus
723 1661 765 1725 de
792 1660 1055 1746 Gonunegnyes,
1080 1661 1189 1727 dictus
1212 1661 1255 1726 de
1280 1660 1527 1748 Mastaing,¹et

165 1763 357 1828 Emmelina
383 1764 426 1829 de
454 1761 658 1845 Francieres,
684 1764 775 1848 quod
798 1765 878 1830 licet
893 1765 955 1850 ipsi
972 1765 1107 1847 dudum,
1126 1786 1195 1831 non
1219 1765 1412 1851 ignorantes
1437 1765 1528 1851 quod

162 1866 253 1953 prior
267 1866 371 1952 ipsius
395 1867 621 1952 E(mmeline)
646 1867 819 1952 quondam
838 1868 987 1950 mantue,
1005 1869 1110 1934 fuerat
1126 1869 1218 1935 dicto
1233 1869 1331 1934 militi
1357 1869 1390 1933 in
1407 1877 1527 1954 quarto

163 1970 467 2054 consanguinitatis
481 1970 588 2056 gradu
603 1972 813 2056 conjunctus,
825 1973 1078 2037 matrimonium
1095 1974 1128 2037 in
1145 1973 1229 2039 facie
1245 1973 1396 2054 ecclesie,
1407 1973 1526 2038 bannis

163 2095 233 2139 non
260 2073 369 2155 editis,
393 2082 431 2138 ut
453 2074 556 2139 moris
580 2082 641 2156 est,
659 2096 718 2161 per
733 2079 835 2142 verba
850 2076 893 2142 de
908 2077 1054 2162 presenti
1077 2078 1332 2160 contraxissent,
1349 2087 1384 2143 et
1399 2077 1525 2142 carnali

163 2179 285 2265 copula
310 2179 489 2243 subsecuta
513 2181 643 2264 prolem
665 2200 707 2245 ex
730 2180 823 2246 dicto
837 2177 1056 2247 matrimonio
1071 2188 1314 2268 procreassent,
1331 2181 1373 2247 de
1390 2181 1525 2268 speciali

163 2291 279 2346 tamen
306 2280 472 2347 mandato
501 2282 556 2347 fel.
586 2304 652 2349 rec.
683 2283 773 2349 dom.
805 2282 980 2351 Benedicti
1005 2305 1094 2372 pape
1117 2284 1198 2366 XII,
1223 2285 1438 2372 commissum
1465 2285 1527 2351 luit

164 2385 324 2471 episcopo
347 2386 546 2453 Atrebaten.
570 2387 670 2470 quod,
695 2388 743 2453 eis
758 2391 800 2454 ab
815 2389 961 2455 invicem
983 2389 1155 2475 separatis,
1171 2389 1260 2475 ipsos
1276 2393 1319 2455 ab
1335 2411 1527 2457 excommu-

165 2489 346 2554 nicationis
369 2490 538 2555 sententia
562 2490 596 2554 in
620 2493 707 2556 tales
731 2493 930 2577 generaliter
948 2494 1170 2578 promulgata,
1187 2502 1221 2557 et
1237 2515 1257 2558 a
1272 2501 1366 2559 reatu
1382 2494 1528 2559 incestus

166 2595 356 2658 absolveret
380 2593 415 2657 in
442 2593 549 2658 forma
577 2595 717 2660 ecclesie
742 2605 916 2677 consueta,
937 2605 972 2660 et
997 2596 1149 2681 injuncta
1172 2617 1288 2660 eorum
1305 2597 1451 2679 cuilibet,
1467 2617 1528 2682 pro

165 2696 269 2762 modo
294 2698 403 2782 culpe,
427 2697 616 2783 penitentia
640 2700 802 2780 salutari;
828 2700 984 2785 quodque
1008 2700 1090 2765 duas
1116 2701 1260 2786 capellas
1276 2700 1318 2764 de
1334 2720 1426 2764 novo
1444 2699 1528 2764 inira

165 2801 338 2867 biennium
363 2801 510 2867 construi
535 2802 686 2869 facerent
701 2812 737 2869 et
752 2805 936 2889 quamlibet
951 2823 1065 2871 earum
1089 2802 1246 2869 dotarent
1261 2801 1303 2869 de
1323 2825 1359 2871 12
1376 2803 1432 2870 lib.
1448 2801 1527 2870 Tur.

165 2924 260 2992 parv.
289 2926 403 2971 annuo
432 2907 564 2973 redditu
576 2931 585 2989 ;
613 2908 780 2993 quodque,
809 2917 989 2995 postquam
1020 2930 1080 2994 per
1109 2908 1193 2974 duos
1221 2929 1355 2974 menses
1385 2908 1527 2996 separati

166 3011 286 3093 forent,
310 3032 388 3078 cum
414 3011 494 3097 ipsis
517 3013 718 3078 auctoritate
738 3014 926 3099 apostolica
941 3013 1159 3098 dispensaret,
1176 3010 1266 3096 quod
1281 3012 1374 3078 dicto
1389 3011 1528 3099 impedi-

165 3124 284 3180 mento
308 3136 377 3181 non
406 3119 573 3197 obstante,
598 3116 850 3181 matrimonium
874 3115 917 3180 de
941 3137 1033 3181 novo
1058 3115 1256 3182 contrahere
1277 3124 1312 3181 et
1328 3117 1362 3181 in
1381 3137 1423 3182 eo
1438 3116 1529 3182 licite

165 3240 339 3286 remanere
359 3224 521 3303 valerent,
541 3223 671 3309 prolem
694 3231 887 3308 susceptam
903 3228 938 3286 et
953 3220 1197 3307 suscipiendam
1225 3221 1409 3305 legitimam
1434 3241 1529 3306 repu-

166 3323 283 3405 tand0,
306 3333 406 3410 prout
433 3325 466 3389 in
492 3325 611 3390 litteris
634 3324 676 3391 R.
700 3324 737 3390 P.
753 3326 843 3391 dom.
861 3323 1085 3411 G[aucelmi],
1102 3324 1203 3410 episc.
1228 3325 1405 3407 Albanen,
1431 3344 1531 3410 super

167 3428 233 3494 hoc
252 3428 349 3494 sactis
368 3429 500 3514 plenius
522 3428 724 3495 continetur.
741 3427 874 3511 Verum,
896 3429 1054 3513 quoniam
1070 3436 1105 3493 et
1121 3429 1154 3493 in
1170 3429 1368 3495 fundatione
1391 3427 1530 3493 duarum

166 3533 464 3618 cappellaniarum,
487 3542 624 3621 propter
646 3533 794 3620 dampna
815 3534 957 3620 plurima
983 3554 1047 3618 que
1074 3552 1134 3619 per
1156 3554 1348 3619 guerrarum
1375 3532 1530 3598 incendia

166 3636 257 3723 passi
272 3646 361 3719 sunt,
377 3646 412 3702 et
426 3637 461 3701 in
477 3644 548 3702 tam
565 3638 665 3723 longa
680 3637 903 3722 separatione,
924 3644 1062 3723 propter
1077 3636 1280 3719 scandalum,
1308 3645 1467 3723 reputant
1494 3657 1528 3702 se

167 3748 323 3825 gravatos
334 3763 344 3822 3
375 3762 471 3828 supp.
498 3742 530 3807 S.
546 3740 586 3808 V.
613 3751 714 3826 quat,
738 3742 969 3827 benigniorem
994 3740 1041 3807 eis
1064 3762 1111 3825 gr.
1137 3741 1307 3822 facientes,
1324 3739 1414 3824 quod
1437 3740 1529 3806 dicto

169 3844 411 3930 impedimento
425 3866 496 3911 non
512 3847 598 3911 obst.
621 3845 655 3909 in
677 3846 725 3911 sic
746 3852 922 3911 contracto
944 3845 1161 3911 matrimonio
1186 3863 1360 3907 remanere
1384 3844 1528 3923 valeant,

168 3968 209 4013 ac
231 3948 383 4014 debitum
400 3948 538 4017 reddere
564 3957 600 4013 et
626 3949 768 4034 exigere,
788 3969 865 4015 cum
885 3949 934 4014 eis
953 3948 1136 4039 dignemini
1163 3947 1365 4032 dispensare,
1391 3946 1530 4012 sublatis

169 4052 417 4119 conditionibus
428 4052 626 4139 supradictis
638 4076 647 4133 ;
660 4053 707 4118 ita
718 4061 832 4118 tamen
854 4051 1063 4137 quoddictus
1078 4051 1174 4117 miles
1190 4070 1293 4119 unam
1310 4050 1529 4135 capellaniam

168 4153 204 4218 in
228 4154 340 4240 aliqua
365 4156 409 4221 de
435 4156 503 4222 suis
524 4156 678 4222 domibus
699 4156 809 4222 facere
833 4164 868 4221 et
892 4157 1010 4221 dotare
1035 4163 1199 4236 teneatur,
1216 4154 1289 4238 jure
1314 4151 1529 4238 presentandi

168 4260 388 4343 presbiterum
398 4261 528 4326 adeam
538 4260 599 4325 sibi
609 4269 644 4326 et
654 4261 720 4326 suis
731 4261 976 4327 successoribus
986 4268 1187 4343 reservato,
1198 4260 1326 4347 prolem
1338 4264 1529 4342 susceptam

169 4371 204 4426 et
220 4361 467 4449 suscipiendam
489 4384 531 4428 ex
551 4364 644 4431 dicto
659 4365 876 4431 matrimonio
891 4364 1074 4449 legitimam
1091 4363 1315 4431 decemendo.
1332 4403 1375 4413 —
1392 4360 1467 4427 Fiat
1487 4362 1530 4427 de

169 4467 380 4551 separatione
395 4468 504 4533 solum
519 4466 562 4533 ad
578 4488 739 4549 mensem,
756 4468 837 4533 item
853 4467 895 4532 de
913 4488 980 4532 una
998 4468 1139 4551 capella.
1157 4466 1197 4535 R.

213 4568 293 4637 Dat.
309 4569 408 4637 Avin.
426 4590 443 4656 5
461 4570 506 4637 id.
518 4571 591 4657 julii
604 4580 638 4637 a⁰
654 4579 697 4641 2⁰.
714 4575 763 4657 (5,
781 4574 865 4656 87').

219 4708 332 4788 414.
1199 4741 1294 4805 1333,
1311 4742 1351 4807 14
1363 4721 1486 4804 juillet.
1519 4756 1524 4763 ·

213 4824 302 4909 Sign.
332 4824 519 4911 AdolphuS,
550 4826 651 4911 episc.
667 4825 838 4908 Leodien,
863 4825 954 4909 quod
970 4825 1106 4907 dudum,
1123 4846 1195 4891 vac.
1221 4828 1303 4891 eccl.
1327 4827 1479 4912 parroch.
1496 4828 1529 4892 in

204 4991 226 5037 l.
245 4983 306 5038 l'oir
322 5004 347 5040 n.
365 4992 421 5039 ³99.
