3650 5675
288 537 356 604 :320
775 533 863 606 1347,
885 531 919 595 71
940 528 1178 612 Juin·l‘¹juillet

295 690 492 777 Raynaldus
507 696 542 754 et
558 687 668 754 Maria
684 683 865 774 supradicti
879 685 912 748 in
929 683 1034 750 tercio
1050 691 1085 748 et
1100 693 1222 768 quarto
1237 703 1278 749 ac
1293 683 1501 748 inferioribus
1513 703 1656 750 consan-

289 795 465 881 guinitatis
476 793 632 878 gradibus
644 795 687 856 ab
703 798 845 874 utroque
860 790 966 854 latere
981 788 1127 853 invicem
1137 809 1173 854 se
1182 787 1392 872 contingunt,
1406 788 1655 854 matrimonium

293 899 482 984 hujusmodi
497 898 658 984 perlicere
673 903 846 981 nequeunt
873 894 945 959 sine
972 893 1223 978 dispensatione
1238 892 1425 978 apostolice
1449 893 1655 960 Sanctitatis

294 1002 408 1086 Quare
422 1002 530 1087 suppl.
541 1008 633 1084 quat.
645 998 857 1066 committere
872 997 1057 1081 dignemini
1067 995 1233 1082 episcopis
1243 994 1448 1077 Lauduneu.,
1460 995 1656 1062 Claromon-

294 1113 363 1170 ten.
379 1112 415 1169 et
430 1103 588 1170 Parisien.
604 1103 727 1188 quod...
743 1103 937 1187 dispensare
952 1101 1123 1166 valeant...
1136 1139 1180 1150 --
1196 1099 1273 1164 Fiat
1289 1099 1330 1164 R.

339 1209 418 1273 Dat.
434 1209 535 1274 Avin.
556 1227 589 1273 11
609 1206 675 1272 kal.
689 1207 761 1291 julii
778 1213 812 1271 a⁰
829 1209 870 1271 6⁰.
888 1206 959 1288 (13,
973 1207 1058 1289 451).

348 1346 1456 1437 1219·1347,
1474 1374 1512 1417 21
1525 1353 1612 1434 juin.

338 1465 427 1553 Sign.
438 1463 512 1528 S.V.
522 1459 793 1548 archiepiscopus
803 1457 987 1522 Ravennae
999 1467 1006 1491 ¹
1019 1456 1110 1540 quod
1120 1465 1193 1522 orta
1204 1455 1500 1536 dudum‚videlicet
1512 1477 1552 1522 20
1562 1456 1657 1522 annis

289 1577 330 1634 et
345 1568 488 1654 amplius
503 1565 632 1651 elapsis,
649 1564 736 1629 inter
752 1561 905 1627 nobilem
917 1560 1024 1626 uirum
1038 1559 1174 1625 Petrum
1184 1559 1320 1645 Agapiti
1335 1559 1378 1624 de
1395 1557 1607 1645 Columpna²
1623 1567 1657 1624 ct

293 1670 466 1756 quondam
482 1669 618 1734 Petrum
638 1667 681 1732 de
698 1666 860 1732 Masculis
871 1666 914 1731 de
931 1664 1099 1730 Cremona
1116 1685 1215 1751 super
1231 1685 1305 1729 ean.
1321 1671 1357 1728 et
1372 1667 1463 1750 preb.
1480 1664 1657 1749 collegiate

291 1776 379 1842 eccl.
396 1775 428 1840 S.
444 1771 628 1839 Audomari
643 1772 687 1837 de
702 1771 733 1836 S.
750 1771 954 1850 Audomaro,
978 1767 1146 1834 Morinen.
1170 1768 1268 1850 dioc,
1285 1768 1341 1854 qui
1357 1788 1416 1853 per
1432 1770 1485 1833 ob.
1510 1768 1599 1832 Petn'
1615 1769 1657 1833 de

300 1879 381 1944 Ruis
397 1885 610 1958 vacaverant,
626 1883 662 1941 et
677 1895 761 1960 quos
776 1883 916 1959 uterque
933 1873 1080 1958 ipsorum
1104 1872 1147 1938 ad
1163 1872 1257 1937 sede
1269 1873 1343 1957 jure
1355 1879 1505 1957 spectare
1521 1871 1656 1936 dicebat

298 1983 440 2047 materia
456 1981 640 2067 questionis
666 1987 701 2043 et
717 1999 818 2044 causa
833 1975 1024 2061 hujusmodi
1041 1977 1074 2041 in
1092 1975 1190 2043 Rom.
1208 1977 1297 2042 curia
1323 1975 1446 2041 diutius
1462 1975 1657 2042 ventilata...

297 2086 386 2151 idem
414 2084 564 2169 P(etrus)
595 2082 638 2147 de
666 2080 834 2161 Masculis,
861 2083 1032 2167 pendente
1059 2079 1302 2165 oppositione...
1326 2079 1477 2145 debitum
1509 2080 1658 2144 naturale

297 2189 468 2274 persolvit.
485 2186 608 2252 Verum
624 2184 812 2250 Bemardus
826 2184 869 2249 de
885 2183 970 2250 Vico
998 2183 1138 2249 Niscino
1163 2182 1205 2248 de
1231 2182 1405 2249 Placentia
1432 2191 1509 2270 post
1527 2184 1657 2248 obitum

291 2291 378 2356 dicti
395 2289 517 2374 P(etri)
534 2288 577 2353 de
603 2286 771 2367 Masculis,
788 2295 945 2373 pretextu
970 2285 1142 2369 cujusdam
1158 2287 1275 2370 gratie,
1292 2295 1329 2352 ut
1344 2287 1474 2369 dicitur,
1491 2288 1550 2352 sibi
1567 2286 1657 2352 lacte

295 2415 356 2480 per
370 2394 460 2459 dom.
477 2393 670 2472 Jolrannem
685 2412 808 2478 papam
824 2389 939 2470 XXII,
956 2410 1105 2454 asserens
1120 2411 1155 2454 se
1171 2391 1204 2454 iu
1221 2391 1319 2456 dictis
1334 2413 1407 2457 can.
1424 2402 1458 2457 et
1479 2395 1592 2478 preb...
1604 2391 1659 2474 jus

297 2498 419 2563 babere
434 2494 478 2562 ad
492 2497 618 2562 litem...
636 2496 769 2562 Deinde
790 2495 900 2561 dictus
927 2494 1076 2578 P(etrus)
1102 2495 1236 2580 Agapiti
1262 2505 1356 2560 extra
1381 2495 1505 2562 dictam
1533 2495 1657 2560 curiam

295 2601 578 2666 matrimonium...
594 2600 793 2666 contraxit...
809 2598 895 2663 Cum
906 2597 1049 2684 predicti
1066 2618 1138 2664 can.
1152 2601 1288 2684 etpreb.
1305 2600 1498 2665 continuam
1514 2598 1658 2664 residen-

296 2704 383 2770 ciam
394 2704 564 2788 requirant
580 2724 621 2769 ac
635 2703 829 2768 diaconales
843 2701 1003 2782 existant,
1013 2721 1109 2787 supp.
1119 2700 1229 2767 dictus
1245 2704 1546 2789 archiepiscopus...
1564 2711 1654 2786 quat.

296 2809 331 2873 in
345 2829 524 2895 personam
538 2807 648 2874 Alexii
665 2806 843 2888 Frederici,
861 2805 1009 2871 cantoris
1023 2805 1114 2872 dicte
1129 2807 1211 2873 eccl.
1225 2805 1256 2872 S.
1272 2807 1466 2889 Audomari,
1491 2806 1654 2893 capellani

297 2911 337 2977 R.
368 2912 405 2977 P.
435 2913 526 2979 dom.
556 2911 755 2996 Jo(hannis)
786 2911 829 2976 de
856 2910 1047 2997 Columpna
1085 2912 1273 2993 cardinalis,
1301 2914 1480 2999 specialem
1510 2913 1654 2997 gratiam

291 3014 465 3095 iacientes,
495 3013 652 3079 eumdem
681 3014 837 3079 Alexium
862 3014 896 3078 in
924 3015 1016 3079 omni
1037 3016 1111 3099 jure
1135 3016 1237 3082 etad
1262 3036 1363 3081 omne
1379 3018 1432 3101 jus
1448 3036 1513 3101 que
1529 3016 1655 3081 eisdem

296 3117 429 3202 P(etro)
454 3117 590 3203 Agapiti
618 3124 652 3182 et
679 3117 814 3203 P(etro)
839 3117 882 3183 de
909 3116 1101 3184 Masculis..
1128 3123 1346 3205 competebat
1376 3141 1434 3185 seu
1462 3127 1656 3206 competere

295 3227 429 3305 poterat
450 3221 485 3285 in
501 3241 574 3287 can.
590 3228 625 3286 et
641 3224 732 3306 preb.
749 3221 939 3307 predictis...
952 3221 1167 3307 dignemini...
1180 3226 1367 3309 subrogare,
1379 3246 1447 3290 non
1464 3226 1549 3290 obst.
1566 3224 1656 3309 quod

289 3324 404 3391 dictus
418 3326 556 3392 Alexius
571 3326 766 3409 cantoriam,
784 3346 856 3392 can.
881 3334 916 3391 et
928 3346 1070 3412 parvam
1086 3331 1178 3413 preb.
1192 3329 1224 3393 in
1241 3329 1332 3394 dicta
1350 3328 1380 3393 S.
1397 3328 1605 3393 Audomari³
1621 3337 1657 3393 et

293 3430 386 3513 preb.
399 3427 433 3491 in
443 3428 475 3493 S.
488 3426 664 3494 Laurencii
674 3427 717 3493 de
727 3428 792 3492 Dei
809 3428 970 3509 custodia,
981 3428 1113 3496 Tullen.
1125 3430 1223 3513 dioc,
1240 3432 1554 3514 ecclesiis,noscitur
1569 3433 1657 3497 obti-

295 3552 416 3613 nere...
432 3532 480 3597 ita
494 3541 610 3598 tamen
626 3532 717 3618 quod
731 3532 859 3598 dictam
875 3553 1013 3618 parvam
1029 3537 1260 3619 prebnecnon
1276 3556 1350 3603 can.
1363 3545 1398 3602 et
1407 3539 1499 3623 preb.
1511 3536 1545 3600 in
1557 3536 1657 3601 dictis

291 3636 326 3701 S.
342 3634 516 3702 Laurencii
533 3636 682 3703 ecclesiis
696 3635 865 3702 dimittere
889 3644 1055 3703 teneatur.
1078 3675 1109 3687 -
1132 3637 1208 3705 Fiat
1226 3638 1265 3705 R.

326 3729 418 3807 'Dat
433 3741 533 3806 Avin.
553 3761 586 3806 11
606 3738 673 3805 kal.
685 3738 769 3824 junii
786 3746 820 3803 a⁰
838 3743 879 3805 6⁰.
897 3739 967 3822 (13,
987 3745 1047 3825 ol).

349 3875 490 3959 1220.
1362 3912 1455 3978 1347,
1469 3914 1514 3977 30
1524 3892 1612 3974 juin.

338 3993 440 4060 Motu
451 3995 585 4081 proprio
599 3992 814 4079 providemus
828 4013 913 4078 mag.
931 3994 1112 4062 Guillelmo
1127 3995 1408 4078 Clavelli,clerico
1424 3997 1581 4062 carissimi
1598 3997 1656 4061 lilii

292 4098 400 4163 nostri
412 4099 498 4182 regis
514 4097 665 4177 Francie,
681 4095 724 4162 de
736 4116 811 4161 can.
827 4104 863 4161 et
882 4099 975 4181 preb.
992 4099 1074 4163 eccl.
1101 4098 1316 4167 Cameracen.
1341 4122 1415 4166 vac.
1433 4101 1466 4165 iu
1484 4100 1573 4166 curia
1596 4120 1657 4187 per

290 4204 350 4267 ob.
364 4202 546 4267 Alamandi
562 4202 605 4267 de
620 4200 827 4283 Bellosimili‚
844 4202 900 4285 qui
917 4210 1012 4267 extra
1039 4202 1137 4270 Rom.
1163 4206 1290 4272 curiam
1306 4206 1395 4273 diem
1411 4206 1531 4272 clausit
1547 4212 1657 4271 extre-

294 4326 409 4386 mum,.
423 4305 518 4390 eujus
534 4304 698 4370 beneficia
724 4313 804 4369 ante
831 4304 904 4389 ejus
920 4306 1049 4372 obitum
1075 4328 1135 4393 per
1160 4328 1223 4375 nos
1246 4310 1380 4375 fuerunt
1395 4316 1596 4376 reservata...
1612 4348 1658 4359 -

296 4402 373 4469 Fiat
390 4404 430 4470 R.
445 4444 491 4455 —-·
513 4403 613 4470 Motu
628 4408 775 4492 proprio.
790 4406 830 4473 R.

339 4508 417 4575 Dat.
432 4509 532 4575 Avin.
550 4530 567 4575 2
583 4509 651 4576 kal.
664 4512 737 4596 julii
758 4518 791 4577 a⁰
809 4516 849 4578 6⁰.
866 4514 936 4597 (13,
952 4514 1034 4598 64V).

348 4645 480 4727 1221.
1325 4685 1420 4750 1347,
1438 4673 1480 4731 1⁰r
1489 4664 1612 4748 juillet.

337 4762 474 4850 Suppl...
490 4762 674 4848 Philippus,
696 4784 754 4829 rex
782 4764 935 4849 Francie,
962 4777 997 4833 et
1020 4768 1203 4852 Jobannes,
1226 4772 1296 4856 ejus
1320 4770 1571 4857 primogenitus,
1587 4770 1659 4836 dux

329 4946 351 4994 l.
363 4944 499 4994 Nicolinua
509 4946 653 4995 0111111..-
667 4948 690 4996 2.
708 4947 770 4995 Voir
786 4962 811 4997 u.
830 4951 909 5009 11623
928 4950 1025 5010 Mullat,
1044 4966 1069 5002 n.
1082 4954 1140 5005 ult.
1149 4980 1182 4993 -
1193 4955 1215 5003 3.
1228 4953 1311 5013 Vidul,
1324 4968 1349 5003 n.
1361 4955 1432 5014 3820,
1447 4955 1517 5004 mu
