3650 5675
706 486 794 560 1346,
816 485 856 548 30
876 483 978 565 juin-8
997 483 1108 564 juillet.
1517 493 1585 558 261

225 637 311 700 obst.
324 635 415 719 quod
429 635 557 701 dictam
573 637 692 722 capell.
705 637 737 702 S.
748 639 848 700 Anne
862 635 966 701 modo
982 635 1133 720 predicto
1147 636 1296 702 noscitur
1311 640 1471 720 obtinere,
1481 663 1584 725 quarn

223 738 334 803 eidem
357 738 541 822 dignemini
565 760 732 805 reservare
755 748 800 819 et,
823 747 862 804 ut
877 739 1026 823 superius
1041 739 1243 821 continetur,
1260 747 1354 808 etc...
1374 745 1583 812 confirmare.

224 883 269 891 —
286 841 362 906 Fiat
380 842 419 908 R.

272 981 376 1042 1020.
395 981 495 1067 Supp.
514 982 651 1067 Egidius
667 981 786 1060 Vinke,
811 984 919 1066 presb.
946 979 1162 1046 Cameracen.
1187 979 1284 1060 dioc„
1302 991 1391 1066 quat.
1420 985 1480 1048 sibi
1507 988 1583 1051 beu.

107 1138 111 1142 r
226 1085 307 1148 eccl.
324 1083 368 1148 ad
384 1085 459 1150 coll.
475 1085 548 1151 dec.
565 1095 600 1150 et
616 1107 688 1171 cap.
702 1086 733 1150 S.
751 1084 871 1150 Gudile
882 1084 1116 1164 Bruxeliensis
1128 1083 1346 1150 Carneraccu.
1359 1086 1456 1166 dioc,
1469 1088 1583 1172 digne-

226 1188 307 1251 mini
324 1207 503 1254 reservare.
519 1231 562 1238 -
579 1189 656 1255 Fiat
673 1189 713 1254 R.

270 1291 350 1357 Dat.
366 1313 419 1377 ap.
435 1292 684 1359 Villamnovam
702 1315 719 1378 3
736 1294 803 1359 kal.
816 1293 887 1377 julii
905 1300 939 1357 a⁰
956 1299 997 1376 5⁰.
1015 1294 1028 1369 (
1034 1295 1082 1372 11,
1101 1299 1183 1376 70‘').

280 1430 415 1511 1021.
1290 1446 1384 1528 1346,
1399 1467 1443 1528 30
1454 1444 1540 1525 sirie.

269 1547 370 1632 Supp.
386 1547 638 1634 B[ertraudus],
655 1549 707 1612 tit.
723 1547 756 1612 S.
774 1545 882 1611 Marci
898 1550 1007 1632 presb.
1024 1546 1125 1621 card..
1143 1556 1234 1630 quat.
1246 1547 1349 1613 famil.
1362 1570 1423 1613 suo
1435 1548 1583 1626 Johanni

226 1652 268 1717 de
284 1651 458 1732 warram,
474 1653 557 1718 alias
572 1654 762 1734 Aragomre,
779 1652 857 1715 cler.
880 1652 1084 1715 Ambiaucn.
1100 1651 1198 1732 dioc,
1215 1650 1256 1716 de
1277 1653 1429 1736 parroch.
1447 1653 1586 1717 cecide

227 1755 372 1835 Briureu,
390 1755 558 1822 Morinen.
574 1755 671 1835 dioc,
689 1777 761 1819 vac.
778 1775 837 1839 per
853 1763 998 1819 mortem
1016 1753 1186 1819 Eustachii
1203 1755 1245 1819 de
1263 1754 1453 1822 Noielettes
1473 1757 1586 1841 digne-

226 1859 308 1924 mini
323 1860 509 1946 providere‚
526 1860 620 1943 cujus
633 1862 711 1924 ben.
727 1867 807 1922 ante
824 1857 925 1943 ipsius
935 1865 1079 1922 mortem
1097 1857 1229 1922 fuerunt
1246 1870 1424 1925 reservata.
1441 1902 1483 1909 -
1501 1859 1586 1942 Fiat,

227 1963 253 2026 si
270 1964 403 2028 excedit
418 1984 586 2029 summam
601 1965 655 2026 vei
671 1963 698 2028 si
714 1982 782 2026 uon
799 1971 850 2025 est
866 1961 962 2025 alteri
975 1963 1029 2046 jus
1046 1962 1223 2045 quesitum.
1242 1961 1282 2028 R.

271 2064 349 2129 Dat.
366 2087 420 2150 ap.
437 2064 686 2131 Villamnovam
703 2085 720 2128 2
737 2064 803 2128 kal.
816 2064 887 2149 julii
905 2073 937 2128 a‘'
956 2071 996 2148 5⁰.
1014 2065 1080 2148 (11,
1101 2065 1167 2148 61).

279 2201 420 2282 1022.
1293 2218 1388 2300 1346,
1403 2237 1447 2300 3ο
1458 2217 1544 2298 juin.

270 2319 372 2404 Supp.
390 2319 520 2398 Petrus
536 2319 637 2403 episc.
654 2317 810 2384 Sabinen.
824 2329 842 2398 ¹,
859 2327 951 2402 quat.
968 2317 1004 2403 [J
1007 2319 1132 2384 ohanni
1145 2319 1332 2402 Voghelare
1344 2321 1387 2385 de
1400 2321 1587 2400 Huateues,

226 2426 335 2509 presb.
363 2421 532 2488 Morinen.
559 2422 656 2502 dioc„
684 2422 762 2487 cler.
789 2443 850 2487 suo
875 2422 1037 2487 continuo
1063 2421 1308 2508 commensali,]
1337 2423 1379 2489 de
1405 2425 1587 2490 medietate

226 2527 379 2612 parroch.
396 2528 479 2591 eccl.
494 2527 537 2592 de
554 2524 684 2604 Merch,
700 2545 760 2610 per
774 2524 858 2590 duos
875 2533 1035 2590 consuete
1051 2527 1225 2609 gubernari
1243 2535 1400 2605 rectores,
1419 2526 1587 2594 Morinen.

225 2629 324 2709 dioc„
340 2650 400 2715 per
416 2633 469 2695 ob.
496 2649 585 2712 mag.
614 2627 753 2693 Hernici
779 2627 914 2707 Hiliart,
940 2627 1055 2711 quiin
1083 2629 1233 2712 partibus
1261 2629 1325 2694 illis
1351 2630 1440 2695 diem
1468 2633 1588 2698 clausit

226 2741 424 2812 extremum,
441 2741 476 2797 et
492 2733 582 2817 apud
597 2740 705 2816 apost.
725 2729 872 2817 [sedem]
898 2751 958 2815 per
974 2751 1095 2796 reserv.
1123 2740 1201 2796 ante
1224 2741 1369 2797 mortem
1394 2735 1496 2818 ipsius
1521 2735 1588 2800 fac-

227 2847 297 2901 tam
313 2836 367 2902 iel.
382 2858 448 2902 rec.
465 2836 555 2902 dom.
571 2835 735 2914 Jolranuis
750 2856 839 2921 pape
855 2833 969 2915 XXII,
997 2856 1080 2915 vac,
1097 2834 1279 2920 dignemini
1304 2838 1501 2921 providere;
1520 2861 1588 2905 non

227 2944 313 3006 obst.
328 2941 419 3026 quod
434 2942 543 3007 dictus
558 2939 734 3017 johannes
749 2960 843 3025 perp.
859 2939 979 3023 capell.
996 2938 1034 3005 B.
1060 2938 1108 3004 Μ.
1125 2940 1158 3003 in
1187 2943 1269 3005 eccl.
1297 2941 1328 3006 S.
1355 2941 1521 3019 Johannis
1546 2943 1588 3009 de

229 3045 487 3131 Pauperingues,
503 3044 593 3109 dicte
610 3042 779 3107 Morinen.
795 3043 893 3122 dioc,
910 3044 1004 3127 cujus
1020 3044 1176 3109 fructus..
1197 3065 1232 3128 15
1262 3045 1318 3109 lib.
1335 3055 1471 3111 monete
1489 3046 1587 3113 Flan-

228 3149 321 3215 dren.
337 3151 485 3214 valorem
503 3168 651 3213 annuum
667 3168 736 3210 non
752 3146 930 3225 excedunt,
948 3148 1095 3213 noscitur
1111 3148 1284 3227 obtine1·e;
1305 3170 1362 3213 seu
1386 3150 1477 3233 quod
1497 3150 1588 3217 dicta

227 3253 390 3318 medietas
406 3252 496 3318 dicte
512 3253 594 3317 eccl.
610 3252 652 3315 de
670 3249 789 3316 Merch
807 3270 866 3335 per
882 3250 1063 3332 quemdam
1081 3250 1183 3314 alium
1208 3263 1372 3337 occupata
1397 3262 1530 3319 tenetur
1545 3256 1587 3320 de

228 3355 328 3421 sacto.
345 3396 388 3404 —
405 3355 481 3420 Fiat
498 3356 538 3421 R.

271 3460 348 3525 Dat.
365 3481 418 3546 ap.
435 3458 681 3526 Villamnovam
701 3482 717 3524 2
735 3459 802 3523 kat.
815 3458 887 3542 julii
904 3466 937 3522 a⁰
955 3467 996 3541 5⁰.
1014 3458 1081 3541 (11,
1101 3460 1167 3543 61).

279 3597 421 3682 1023.
1278 3614 1371 3695 1346,
1388 3634 1409 3693 5
1419 3612 1542 3693 jm'ller.

272 3714 371 3780 Motu
387 3714 523 3799 proprio
538 3712 754 3798 providemus
765 3711 783 3788 J
787 3712 914 3776 otranni
924 3712 966 3777 de
979 3710 1139 3777 Claveriis
1150 3713 1331 3793 Daiveruh,
1345 3714 1448 3780 t'arnil.
1461 3726 1585 3797 nostro,

225 3820 268 3883 de
284 3839 359 3884 can.
374 3826 410 3883 et
426 3820 518 3903 preb.
535 3817 617 3881 eccl.
634 3816 665 3881 S.
683 3816 825 3882 Dionisii
843 3815 1013 3895 Leodien.‚
1033 3836 1105 3880 rac.
1132 3836 1190 3900 per
1207 3826 1350 3880 mortem
1381 3818 1518 3885 Henrici
1542 3820 1585 3885 de

225 3921 368 4001 Juliaco,
384 3921 472 3986 sedis
486 3930 594 4005 apost.
611 3940 696 4005 cap„
714 3921 815 3985 etiam
832 3920 858 3983 si
875 3921 942 3984 alio
967 3920 1138 3984 vacaverit
1155 3920 1384 4003 quovismodo,
1413 3922 1584 3990 Francone

225 4025 267 4090 de
282 4025 469 4090 Gemblaco
483 4032 496 4057 “
511 4044 551 4089 ac
578 4044 790 4107 quocumque
818 4025 885 4088 alio
910 4024 1087 4088 detentore
1114 4024 1251 4087 remotis
1275 4024 1396 4089 abinde
1412 4036 1431 4090 ².
1454 4064 1485 4075 -
1508 4027 1585 4093 Fiat

225 4138 322 4194 motu
336 4130 472 4215 proprio
489 4127 529 4192 R.

269 4233 347 4299 Dat.
363 4254 416 4319 ap.
433 4232 683 4297 Villamnovam
702 4252 718 4314 3
737 4253 815 4296 non.
829 4231 900 4315 julii
918 4239 951 4295 a¹¹
969 4238 1011 4313 5⁰.
1027 4232 1093 4313 (11,
1111 4232 1193 4315 801).

280 4370 422 4452 1024
1275 4382 1369 4466 1346,
1387 4386 1407 4448 8
1416 4382 1539 4463 juillet.

269 4488 370 4574 Snpp.
397 4488 515 4553 Helias
540 4488 583 4553 de
610 4486 805 4553 Ventodoro
820 4494 840 4566 ³,
858 4484 1050 4566 Bituricen.,
1067 4494 1102 4551 et
1125 4484 1328 4551 Bertrandus
1353 4487 1396 4551 de
1424 4488 1584 4554 Pomeriis

257 4706 286 4767 a)
301 4704 508 4755 (adsumunt).

429 4838 474 4848 .—

261 4924 282 4970 1.
295 4922 380 4970 Picrrc
392 4924 487 4971 Gomca
499 4921 531 4969 de
543 4919 643 4969 Tolinlc.
656 4948 687 4957 —
700 4924 721 4968 2.
734 4922 796 4969 i'nir
808 4938 832 4970 11.
846 4925 917 4970 11115.
930 4950 952 4960 -
972 4924 994 4973 3.
1007 4924 1069 4972 t'oir
1080 4940 1104 4973 u.
1118 4926 1174 4972 220.
