3650 5675
291 484 382 549 XXIV
867 482 1073 551 Introduction

289 634 436 719 assigner
450 634 510 701 des
524 630 638 719 gnices
650 635 887 719 quelconqueS,
903 634 1045 720 puisque
1057 634 1105 698 les
1117 633 1311 718 suppliques
1321 633 1458 697 avaient
1468 631 1523 698 ete
1535 652 1649 720 repues

289 755 343 801 sur
357 736 475 802 l’ordre
491 736 536 803 du
549 756 637 823 pape
654 746 673 803 ¹.
690 735 790 802 Cette
806 736 1001 821 delegation
1025 743 1077 801 est
1092 735 1237 801 maintes
1252 735 1314 801 fois
1329 735 1473 801 attestee
1488 735 1573 801 dans
1587 757 1650 803 nos

287 846 408 920 tentes,
428 840 471 905 de
493 841 604 906 meme
627 860 692 924 que
715 842 764 905 les
786 840 1035 907 modifications
1058 839 1237 925 apportees
1258 860 1319 925 par
1340 840 1386 904 lui
1409 860 1453 904 au
1474 848 1568 905 texte
1589 840 1649 905 des

286 942 442 1028 requctes
461 964 469 1010 ε

331 1142 401 1202 Fiat
413 1142 438 1202 si
452 1142 491 1201 sit
505 1140 651 1201 sufficiens
664 1159 715 1220 per
728 1140 1008 1200 vicecancellarium.
1025 1139 1094 1199 Fiat
1108 1138 1145 1199 R.
1161 1139 1204 1216 (n.
1221 1141 1304 1218 447).

330 1239 504 1300 Concessum
519 1240 581 1299 sine
595 1239 652 1299 alia
666 1238 789 1299 lectione
803 1258 853 1317 per
868 1257 990 1298 manum
1004 1238 1082 1299 dom.
1096 1238 1326 1298 vicecancellarii
1342 1240 1386 1313 (n.
1402 1239 1483 1315 448).

329 1337 370 1397 Et
384 1337 419 1397 de
434 1356 523 1396 manu
538 1337 615 1397 dom.
629 1336 859 1397 vicecancellarii
873 1336 933 1395 fuit
947 1341 1046 1414 postea
1069 1336 1197 1415 positum
1212 1336 1243 1395 in
1255 1336 1465 1414 supplicatione
1480 1361 1487 1397 :
1501 1343 1647 1415 ponantur

289 1441 337 1510 50,
362 1441 392 1495 et
414 1434 502 1493 etiarn
526 1434 684 1494 decadem
708 1453 796 1495 manu
824 1458 831 1494 ε
865 1452 1032 1494 concessum
1055 1433 1134 1513 quod
1161 1441 1309 1512 ponantur
1337 1434 1428 1493 Paris.
1457 1453 1510 1513 pro
1536 1434 1648 1495 Turon.

304 1554 333 1593 n.
350 1538 433 1593 485.

289 1535 303 1613 (
330 1630 398 1691 Fiat
411 1533 448 1690 ile
462 1628 565 1709 primis
578 1629 702 1704 duobus,
715 1630 741 1689 si
754 1630 816 1690 sint
829 1630 1017 1704 sufficientes,
1030 1648 1081 1707 per
1095 1629 1299 1689 cancellarium
1314 1629 1359 1705 (n.
1375 1630 1457 1707 551).

316 1728 498 1788 'cancellata
511 1727 543 1787 in
556 1728 767 1806 suppilcatione
777 1728 812 1788 de
825 1748 914 1788 manu
929 1728 1159 1788 vicecancellarii
1173 1734 1202 1787 et
1216 1726 1252 1786 de
1265 1733 1401 1805 precepto
1414 1747 1466 1787 suo
1479 1728 1511 1788 in
1525 1731 1648 1807 registro

305 1825 487 1893 111361.

288 1826 301 1903 (
329 1825 522 1981 (lorreeta)de
544 1922 683 1983 mandato
707 1922 818 1983 domini
846 1925 939 1984 nostri
964 1924 1044 1984 facto
1074 1923 1194 1983 domino
1214 1922 1458 1997 vicecancellario,
1480 1931 1567 2003 prout
1587 1927 1647 2004 ipsc

288 2021 418 2099 signavit
430 2027 495 2099 post
508 2040 675 2081 concessum
690 2020 772 2082 XIII
788 2022 846 2083 kal.
861 2023 933 2083 maii
947 2024 991 2100 (4,
1005 2024 1028 2083 f.
1044 2023 1126 2098 278).

328 2118 448 2179 (lassata
469 2118 504 2178 de
526 2119 664 2180 mandato
685 2120 797 2180 domiui
821 2121 1050 2181 vicecancellarii
1071 2120 1141 2200 quia
1162 2117 1251 2179 habet
1275 2118 1363 2179 aliam
1377 2120 1503 2195 gratiam
1525 2140 1577 2195 pro
1591 2121 1647 2180 istu

306 2222 322 2278 9
348 2216 371 2276 f.
384 2222 421 2275 34

290 2217 303 2293 (
326 2263 366 2373 Iu
386 2218 516 2393 pridicta
543 2315 752 2393 supplicatione
773 2315 922 2394 signatum
942 2322 1005 2376 erat
1026 2314 1062 2375 de
1082 2332 1172 2375 manu
1192 2314 1421 2374 vicecancellarii
1444 2338 1451 2375 ε
1473 2316 1646 2376 Concessum

288 2411 367 2491 quod
381 2410 528 2471 addantur
542 2410 625 2472 XIII
640 2412 691 2475 lib.
708 2414 752 2491 (9,
766 2414 787 2474 f.
805 2419 855 2475 60v
867 2413 889 2490 ).

330 2596 361 2659 A
377 2594 521 2660 certains
535 2604 714 2677 moments,
737 2599 769 2662 le
787 2618 875 2684 pape
891 2597 1083 2664 consentait
1098 2598 1118 2661 a
1133 2597 1284 2661 recevcir
1305 2595 1364 2661 des
1380 2597 1572 2682 suppliques
1586 2618 1647 2683 par

286 2720 352 2764 une
379 2699 492 2764 favcur
521 2706 617 2765 toute
647 2700 792 2785 speciale
823 2701 988 2768 accordee
1013 2722 1079 2766 aux
1106 2699 1286 2766 e'tudiauts.
1315 2700 1409 2765 Ainsi
1436 2720 1481 2765 un
1510 2701 1648 2766 rouleau

285 2803 441 2890 presente
456 2790 518 2891 par
540 2803 758 2872 l'Universite
780 2806 824 2872 de
841 2806 933 2873 Paris
949 2815 984 2872 et
1007 2806 1100 2892 signe'
1115 2808 1147 2872 Ie
1166 2825 1203 2887 19
1220 2805 1288 2870 mai
1309 2822 1389 2889 1345
1405 2812 1503 2891 porte
1518 2805 1550 2870 la
1565 2813 1648 2871 note

285 2909 468 2992 marginale
503 2928 510 2974 :
543 2907 724 2975 ‹Cassate
754 2919 833 2975 sunt
863 2911 1126 2997 supplicationes
1156 2909 1381 2996 suprascripte
1411 2908 1453 2973 de
1483 2908 1647 2974 mandato

285 3010 411 3077 domini
427 3011 543 3093 nostri,
558 3031 638 3077 nam
654 3013 733 3098 ipsis
748 3015 930 3079 scolaribus
945 3015 979 3078 in
996 3014 1064 3078 fine
1078 3013 1153 3078 libri
1176 3013 1266 3077 tertii
1289 3011 1370 3077 fecit
1384 3013 1507 3097 gratias
1530 3010 1648 3097 ampli-

286 3134 371 3180 ores.
388 3113 451 3179 Per
465 3136 520 3179 me
536 3113 574 3179 P.
590 3113 764 3180 Lelovatr
790 3118 839 3202 (n.
857 3117 948 3201 831).
971 3117 1042 3182 Des
1064 3117 1257 3202 suppliques
1279 3123 1357 3181 scut
1379 3115 1571 3201 presentees
1593 3135 1648 3181 sur

287 3237 347 3282 son
364 3217 459 3282 ordre
474 3218 506 3282 le
518 3218 594 3303 jour
616 3218 658 3284 de
681 3218 889 3285 l'Ascension
910 3240 990 3305 1345
1017 3221 1065 3306 (n.
1090 3220 1260 3304 832-833),
1284 3218 1428 3284 d’autres
1451 3220 1482 3284 le
1505 3221 1581 3304 J'our
1602 3220 1646 3286 du

287 3320 319 3386 S.
336 3321 531 3387 Sacrement
547 3323 705 3408 (857·869
720 3346 729 3404 ;
746 3324 788 3392 cf.
808 3325 896 3408 157).

331 3510 389 3577 IV.
416 3511 706 3598 Enregz'stremenl
732 3518 790 3580 des
812 3516 1011 3602 suppliques.
1032 3552 1064 3564 -
1085 3517 1199 3579 Avant
1214 3513 1257 3578 de
1271 3515 1419 3599 passeri
1442 3514 1475 3577 la
1492 3513 1646 3578 chancei-

286 3615 377 3695 lerie,
395 3614 439 3680 oia
453 3616 533 3681 elles
548 3616 707 3683 devaient
721 3619 825 3684 servir
838 3619 881 3685 de
896 3623 977 3686 base
992 3619 1056 3684 ala
1071 3617 1244 3684 redaction
1260 3617 1319 3683 des
1330 3619 1446 3698 bulles,
1463 3618 1511 3681 les
1522 3616 1645 3702 suppli-

286 3859 464 3906 Pentecostem
477 3859 575 3908 iaceret
586 3859 682 3920 gratias
693 3858 823 3920 generales
835 3859 862 3906 in
875 3861 1013 3918 avenione,
1026 3862 1103 3906 tauta
1114 3859 1234 3906 convenit
1246 3857 1386 3904 mulitudo
1397 3857 1547 3904 clericorum
1558 3856 1644 3904 volen-

285 3934 352 3980 tium
370 3934 396 3980 in
408 3933 492 3994 gratia
504 3947 647 3996 pauperum
658 3935 803 3996 impetrare,
815 3933 885 3995 quod
903 3947 1025 3982 numerus
1041 3931 1194 3980 clericorum
1207 3945 1349 3993 pauperum
1361 3936 1424 3978 tunc
1435 3931 1461 3976 in
1479 3931 1645 3978 examinatio-

285 4007 362 4054 nibus
373 4007 503 4054 diocesnm
514 4022 560 4070 per
572 4008 721 4055 universum
737 4009 824 4056 orbem
837 4008 888 4055 fuit
900 4012 1066 4069 computatus
1082 4005 1116 4050 ad
1127 4010 1232 4052 centum
1243 4004 1326 4051 millia
1341 4005 1498 4060 clericorum,
1512 4009 1589 4065 prout
1599 4016 1646 4064 ego

285 4080 454 4142 personaliter
470 4080 566 4128 ibidem
578 4082 691 4129 existens
702 4081 872 4131 veridicorum
889 4080 1013 4128 relatione
1031 4081 1147 4129 intellexi
1157 4093 1172 4128 n
1184 4080 1299 4141 (Baluze,
1314 4080 1384 4127 Vltor
1402 4095 1498 4143 papar.
1516 4079 1644 4138 Arentes,

284 4152 317 4209 lI,
329 4168 353 4216 p.
361 4155 406 4201 551
421 4169 427 4204 ς
440 4153 571 4215 Muratori,
582 4153 677 4218 Script.
692 4171 742 4204 rer.
753 4155 819 4215 ital,
828 4155 877 4214 III,
887 4154 913 4204 P.
927 4155 961 4212 Il,
974 4168 999 4216 p.
1014 4155 1082 4215 584).
1093 4153 1147 4201 Nos
1157 4154 1307 4216 suppliques
1318 4153 1420 4216 parient
1429 4153 1461 4201 de
1472 4167 1514 4202 ces
1524 4154 1645 4202 «emmi-

284 4229 401 4274 nctiones
411 4226 561 4274 clerIcorum
572 4240 593 4276 u.
606 4228 642 4276 Le
654 4243 720 4291 pape
733 4229 859 4277 nommait
873 4243 905 4276 ou
917 4228 1002 4275 laisait
1014 4242 1129 4276 nommer
1137 4228 1182 4275 des
1192 4229 1388 4284 examinateura
1399 4227 1454 4286 tels,
1467 4242 1513 4288 par
1521 4226 1644 4290 exempla,

287 4300 400 4346 Antoine
411 4299 443 4346 de
456 4299 543 4360 Biella,
556 4314 621 4363 pour
633 4301 668 4349 les
685 4303 767 4352 clercs
779 4316 887 4364 pauvres
899 4300 932 4348 de
943 4300 968 4347 la
985 4304 1107 4362 province
1117 4302 1150 4349 de
1167 4299 1259 4350 Treves
1276 4303 1314 4363 (n.
1332 4302 1398 4362 422),
1416 4305 1443 4348 et
1454 4301 1520 4349 Jean
1531 4301 1564 4349 de
1575 4298 1645 4348 Lean

286 4385 352 4433 pour
363 4386 428 4419 ceux
439 4371 483 4419 des
495 4375 630 4434 provinces
641 4374 673 4423 de
685 4375 809 4435 Mayence
821 4376 890 4423 etde
903 4375 1022 4435 Cologne,
1041 4377 1094 4436 qui,
1106 4375 1171 4422 tiana
1182 4375 1290 4439 l'espace
1301 4377 1333 4423 de
1344 4375 1389 4422 dix
1401 4377 1471 4434 moia,
1483 4389 1515 4422 cn
1527 4375 1647 4422 examina

285 4444 325 4490 six
336 4444 406 4491 mille
423 4458 456 4491 ou
467 4447 481 4492 (1
495 4459 543 4507 peu
557 4443 615 4507 pres
633 4447 671 4508 (n.
684 4447 751 4508 579).
765 4448 870 4496 Ceus-ci
887 4446 1052 4511 procedaient
1064 4451 1079 4496 a
1097 4449 1223 4497 l'examen
1234 4453 1261 4497 et
1278 4449 1419 4497 donnaient
1435 4447 1480 4496 des
1497 4455 1570 4496 notes
1581 4461 1646 4508 pour

284 4518 440 4567 determines
459 4518 495 4567 les
512 4520 635 4568 resultats
656 4522 790 4571 :ubouos
808 4523 897 4572 titulos
918 4523 987 4584 a(u.
1010 4522 1064 4581 357,
1085 4524 1155 4580 1170,
1174 4522 1286 4583 2045),(‹
1305 4536 1365 4570 cum
1382 4521 1519 4569 sufficienti
1535 4519 1645 4567 titulun

285 4594 322 4654 (u.
335 4593 402 4651 359),
415 4605 429 4640 u
441 4605 522 4652 eoque
534 4607 579 4656 per
590 4597 778 4642 examiiratores
789 4597 937 4644 examinato
956 4602 982 4644 et
1001 4602 1103 4658 reperto
1119 4597 1218 4658 ydoneo
1235 4597 1300 4658 n(n.
1320 4596 1387 4656 157),
1404 4609 1488 4645 (tcum
1507 4594 1644 4643 sufficienti

285 4666 370 4725 titulo,
384 4665 505 4714 videlicet
517 4666 582 4714 bene
600 4680 645 4728 per
657 4669 766 4715 omnia»
779 4668 816 4729 (n.
829 4669 896 4729 359).
910 4669 958 4716 Les
975 4669 1098 4718 resultata
1108 4669 1207 4717 etaient
1223 4670 1271 4716 mis
1283 4683 1330 4731 par
1346 4667 1410 4716 ecrit
1427 4682 1522 4729 perun
1538 4667 1644 4726 nocetne,

283 4741 329 4801 qui
340 4739 428 4787 devait
439 4744 560 4789 remetire
571 4740 607 4788 les
619 4742 738 4802 regisires
749 4742 764 4789 a
776 4741 801 4788 la
814 4741 988 4790 Chaucellerie
1000 4744 1037 4804 (n.
1048 4744 1116 4803 423).
1128 4743 1152 4791 11
1163 4747 1202 4791 est
1219 4744 1286 4792 aussi
1302 4744 1421 4804 question
1432 4742 1465 4790 de
1475 4756 1516 4790 ces
1527 4743 1646 4803 regist-res

283 4813 348 4860 dans
360 4827 410 4862 une
421 4812 558 4876 supplique
569 4813 605 4862 du
617 4816 648 4862 27
659 4811 717 4875 juin
727 4815 790 4862 1360
802 4815 833 4876 (t.
846 4817 884 4875 31,
899 4815 916 4864 1.
930 4817 997 4875 143).

316 4905 338 4953 1.
350 4903 393 4952 N⁰¹
406 4905 553 4952 usus-2305.
