<?xml version="1.0" encoding="UTF-8"?>
<!DOCTYPE html PUBLIC "-//W3C//DTD XHTML 1.0 Transitional//EN"
    "http://www.w3.org/TR/xhtml1/DTD/xhtml1-transitional.dtd">
<html xmlns="http://www.w3.org/1999/xhtml" xml:lang="en" lang="en">
 <head>
  <title>
</title>
<meta http-equiv="Content-Type" content="text/html;charset=utf-8" />
  <meta name='ocr-system' content='tesseract 3.04.00' />
  <meta name='ocr-capabilities' content='ocr_page ocr_carea ocr_par ocr_line ocrx_word'/>
</head>
<body>
  <div class='ocr_page' id='page_1' title='image "./suppliquesdeclm00berlgoog_0360.png"; bbox 0 0 3650 5675; ppageno 0'>
   <div class='ocr_carea' id='block_1_1' title="bbox 745 526 1540 602">
    <p class='ocr_par' dir='ltr' id='par_1_1' title="bbox 745 526 1540 602">
     <span class='ocr_line' id='line_1_1' title="bbox 745 526 1540 602; baseline 0.001 -10"><span class='ocrx_word' id='word_1_1' title='bbox 745 527 831 602; x_wconf 82' lang='lat'>1347,</span> <span class='ocrx_word' id='word_1_2' title='bbox 856 527 875 591; x_wconf 90' lang='lat'>7</span> <span class='ocrx_word' id='word_1_3' title='bbox 896 526 965 591; x_wconf 77' lang='lat' dir='ltr'>mai·</span> <span class='ocrx_word' id='word_1_4' title='bbox 1483 528 1540 593; x_wconf 81' lang='lat'>315</span> 
     </span>
    </p>
   </div>
   <div class='ocr_carea' id='block_1_2' title="bbox 179 677 1542 1469">
    <p class='ocr_par' dir='ltr' id='par_1_2' title="bbox 179 677 1542 1469">
     <span class='ocr_line' id='line_1_2' title="bbox 179 677 1542 764; baseline 0.001 -20"><span class='ocrx_word' id='word_1_5' title='bbox 179 679 211 745; x_wconf 88' lang='lat' dir='ltr'>S.</span> <span class='ocrx_word' id='word_1_6' title='bbox 243 678 416 745; x_wconf 88' lang='lat' dir='ltr'>Laurentii</span> <span class='ocrx_word' id='word_1_7' title='bbox 447 680 482 744; x_wconf 91' lang='lat' dir='ltr'>in</span> <span class='ocrx_word' id='word_1_8' title='bbox 512 679 665 744; x_wconf 83' lang='lat' dir='ltr'>Damaso</span> <span class='ocrx_word' id='word_1_9' title='bbox 694 680 803 763; x_wconf 86' lang='lat' dir='ltr'><strong>presb.</strong></span> <span class='ocrx_word' id='word_1_10' title='bbox 834 677 935 758; x_wconf 89' lang='lat' dir='ltr'>card,</span> <span class='ocrx_word' id='word_1_11' title='bbox 966 685 1057 761; x_wconf 91' lang='lat' dir='ltr'>quat.</span> <span class='ocrx_word' id='word_1_12' title='bbox 1084 677 1144 742; x_wconf 86' lang='lat' dir='ltr'>sibi</span> <span class='ocrx_word' id='word_1_13' title='bbox 1172 697 1218 762; x_wconf 86' lang='lat' dir='ltr'>gr.</span> <span class='ocrx_word' id='word_1_14' title='bbox 1255 698 1343 764; x_wconf 86' lang='lat' dir='ltr'><strong>spec.</strong></span> <span class='ocrx_word' id='word_1_15' title='bbox 1379 677 1542 745; x_wconf 86' lang='lat' dir='ltr'><strong>facientes</strong></span> 
     </span>
     <span class='ocr_line' id='line_1_3' title="bbox 179 780 1541 869; baseline 0.002 -21"><span class='ocrx_word' id='word_1_16' title='bbox 179 787 221 848; x_wconf 90' lang='lat' dir='ltr'>de</span> <span class='ocrx_word' id='word_1_17' title='bbox 236 784 356 869; x_wconf 83' lang='lat' dir='ltr'><strong>capell.</strong></span> <span class='ocrx_word' id='word_1_18' title='bbox 369 783 485 849; x_wconf 90' lang='lat' dir='ltr'>altaris</span> <span class='ocrx_word' id='word_1_19' title='bbox 497 782 529 849; x_wconf 90' lang='lat' dir='ltr'>S.</span> <span class='ocrx_word' id='word_1_20' title='bbox 543 781 763 863; x_wconf 85' lang='lat' dir='ltr'>Ermelendis,</span> <span class='ocrx_word' id='word_1_21' title='bbox 775 781 839 846; x_wconf 89' lang='lat' dir='ltr'>sita</span> <span class='ocrx_word' id='word_1_22' title='bbox 850 782 885 844; x_wconf 89' lang='lat' dir='ltr'>in</span> <span class='ocrx_word' id='word_1_23' title='bbox 897 782 979 846; x_wconf 93' lang='lat' dir='ltr'>eccl.</span> <span class='ocrx_word' id='word_1_24' title='bbox 992 781 1145 866; x_wconf 92' lang='lat' dir='ltr'>parroch.</span> <span class='ocrx_word' id='word_1_25' title='bbox 1156 781 1198 846; x_wconf 97' lang='lat' dir='ltr'>de</span> <span class='ocrx_word' id='word_1_26' title='bbox 1212 780 1367 864; x_wconf 90' lang='lat' dir='ltr'>Meldert,</span> <span class='ocrx_word' id='word_1_27' title='bbox 1381 781 1541 851; x_wconf 87' lang='lat' dir='ltr'>Leodien.</span> 
     </span>
     <span class='ocr_line' id='line_1_4' title="bbox 180 872 1540 972; baseline 0 -20"><span class='ocrx_word' id='word_1_28' title='bbox 180 887 275 968; x_wconf 81' lang='lat' dir='ltr'>dioc,</span> <span class='ocrx_word' id='word_1_29' title='bbox 303 907 377 953; x_wconf 88' lang='lat' dir='ltr'>vac.</span> <span class='ocrx_word' id='word_1_30' title='bbox 404 907 464 972; x_wconf 91' lang='lat' dir='ltr'>per</span> <span class='ocrx_word' id='word_1_31' title='bbox 489 895 635 952; x_wconf 84' lang='lat' dir='ltr'>mortem</span> <span class='ocrx_word' id='word_1_32' title='bbox 660 906 748 970; x_wconf 89' lang='lat' dir='ltr'>mag.</span> <span class='ocrx_word' id='word_1_33' title='bbox 776 884 937 950; x_wconf 84' lang='lat' dir='ltr'><strong>Florentii</strong></span> <span class='ocrx_word' id='word_1_34' title='bbox 964 883 1007 949; x_wconf 92' lang='lat' dir='ltr'>de</span> <span class='ocrx_word' id='word_1_35' title='bbox 1033 872 1199 966; x_wconf 85' lang='lat' dir='ltr'>Oxbeem,</span> <span class='ocrx_word' id='word_1_36' title='bbox 1228 887 1309 951; x_wconf 92' lang='lat' dir='ltr'>alias</span> <span class='ocrx_word' id='word_1_37' title='bbox 1335 886 1377 952; x_wconf 88' lang='lat' dir='ltr'>de</span> <span class='ocrx_word' id='word_1_38' title='bbox 1405 887 1540 969; x_wconf 87' lang='lat' dir='ltr'>Palude,</span> 
     </span>
     <span class='ocr_line' id='line_1_5' title="bbox 180 987 1541 1075; baseline 0.002 -21"><span class='ocrx_word' id='word_1_39' title='bbox 180 989 348 1074; x_wconf 91' lang='lat' dir='ltr'>quondam</span> <span class='ocrx_word' id='word_1_40' title='bbox 372 990 476 1075; x_wconf 92' lang='lat' dir='ltr'>ipsius</span> <span class='ocrx_word' id='word_1_41' title='bbox 499 989 620 1074; x_wconf 87' lang='lat' dir='ltr'><strong>capell.</strong></span> <span class='ocrx_word' id='word_1_42' title='bbox 645 988 753 1053; x_wconf 91' lang='lat' dir='ltr'>ultimi</span> <span class='ocrx_word' id='word_1_43' title='bbox 776 987 951 1074; x_wconf 85' lang='lat' dir='ltr'>capellani,</span> <span class='ocrx_word' id='word_1_44' title='bbox 975 988 1030 1072; x_wconf 91' lang='lat' dir='ltr'>qui</span> <span class='ocrx_word' id='word_1_45' title='bbox 1055 987 1090 1052; x_wconf 91' lang='lat' dir='ltr'>in</span> <span class='ocrx_word' id='word_1_46' title='bbox 1112 1009 1178 1054; x_wconf 92' lang='lat' dir='ltr'>cur.</span> <span class='ocrx_word' id='word_1_47' title='bbox 1199 989 1289 1054; x_wconf 89' lang='lat' dir='ltr'>diem</span> <span class='ocrx_word' id='word_1_48' title='bbox 1310 1010 1405 1054; x_wconf 93' lang='lat' dir='ltr'>suum</span> <span class='ocrx_word' id='word_1_49' title='bbox 1421 992 1541 1058; x_wconf 91' lang='lat' dir='ltr'>clausit</span> 
     </span>
     <span class='ocr_line' id='line_1_6' title="bbox 180 1090 1539 1179; baseline 0.001 -21"><span class='ocrx_word' id='word_1_50' title='bbox 180 1101 376 1174; x_wconf 87' lang='lat' dir='ltr'>extremum,</span> <span class='ocrx_word' id='word_1_51' title='bbox 401 1092 511 1158; x_wconf 90' lang='lat' dir='ltr'>eidem</span> <span class='ocrx_word' id='word_1_52' title='bbox 539 1090 717 1178; x_wconf 90' lang='lat' dir='ltr'>Baldoyno</span> <span class='ocrx_word' id='word_1_53' title='bbox 739 1091 922 1176; x_wconf 86' lang='lat' dir='ltr'>dignemini</span> <span class='ocrx_word' id='word_1_54' title='bbox 943 1091 1141 1177; x_wconf 90' lang='lat' dir='ltr'>providere;</span> <span class='ocrx_word' id='word_1_55' title='bbox 1157 1113 1226 1159; x_wconf 91' lang='lat' dir='ltr'>non</span> <span class='ocrx_word' id='word_1_56' title='bbox 1242 1097 1328 1160; x_wconf 90' lang='lat' dir='ltr'>obst.</span> <span class='ocrx_word' id='word_1_57' title='bbox 1344 1095 1436 1179; x_wconf 92' lang='lat' dir='ltr'>quod</span> <span class='ocrx_word' id='word_1_58' title='bbox 1451 1095 1539 1161; x_wconf 88' lang='lat' dir='ltr'>idem</span> 
     </span>
     <span class='ocr_line' id='line_1_7' title="bbox 180 1193 1539 1284; baseline 0.001 -23"><span class='ocrx_word' id='word_1_59' title='bbox 180 1194 373 1282; x_wconf 88' lang='lat' dir='ltr'>Baldoynus</span> <span class='ocrx_word' id='word_1_60' title='bbox 396 1195 552 1282; x_wconf 90' lang='lat' dir='ltr'><strong>parroch.</strong></span> <span class='ocrx_word' id='word_1_61' title='bbox 580 1197 662 1261; x_wconf 88' lang='lat' dir='ltr'>cccl.</span> <span class='ocrx_word' id='word_1_62' title='bbox 687 1196 730 1261; x_wconf 91' lang='lat' dir='ltr'>de</span> <span class='ocrx_word' id='word_1_63' title='bbox 754 1195 942 1276; x_wconf 89' lang='lat' dir='ltr'>Wormout,</span> <span class='ocrx_word' id='word_1_64' title='bbox 965 1193 1133 1262; x_wconf 90' lang='lat' dir='ltr'>Morinen.</span> <span class='ocrx_word' id='word_1_65' title='bbox 1150 1196 1247 1278; x_wconf 84' lang='lat' dir='ltr'>dioc,</span> <span class='ocrx_word' id='word_1_66' title='bbox 1263 1196 1306 1262; x_wconf 89' lang='lat' dir='ltr'>de</span> <span class='ocrx_word' id='word_1_67' title='bbox 1322 1219 1388 1283; x_wconf 90' lang='lat' dir='ltr'>qua</span> <span class='ocrx_word' id='word_1_68' title='bbox 1405 1197 1539 1284; x_wconf 89' lang='lat' dir='ltr'>quidem</span> 
     </span>
     <span class='ocr_line' id='line_1_8' title="bbox 180 1298 1539 1386; baseline 0.002 -22"><span class='ocrx_word' id='word_1_69' title='bbox 180 1301 271 1380; x_wconf 84' lang='lat' dir='ltr'>eccl,</span> <span class='ocrx_word' id='word_1_70' title='bbox 287 1307 424 1386; x_wconf 88' lang='lat' dir='ltr'><strong>propter</strong></span> <span class='ocrx_word' id='word_1_71' title='bbox 438 1319 573 1384; x_wconf 84' lang='lat' dir='ltr'>guerras</span> <span class='ocrx_word' id='word_1_72' title='bbox 585 1298 709 1364; x_wconf 84' lang='lat' dir='ltr'>ibidem</span> <span class='ocrx_word' id='word_1_73' title='bbox 720 1298 912 1379; x_wconf 85' lang='lat' dir='ltr'>existentes,</span> <span class='ocrx_word' id='word_1_74' title='bbox 925 1299 1065 1363; x_wconf 88' lang='lat' dir='ltr'>miuime</span> <span class='ocrx_word' id='word_1_75' title='bbox 1074 1300 1207 1384; x_wconf 86' lang='lat' dir='ltr'>gaudet,</span> <span class='ocrx_word' id='word_1_76' title='bbox 1221 1300 1369 1366; x_wconf 91' lang='lat' dir='ltr'>noscitur</span> <span class='ocrx_word' id='word_1_77' title='bbox 1378 1302 1539 1368; x_wconf 89' lang='lat' dir='ltr'>obtinere.</span> 
     </span>
     <span class='ocr_line' id='line_1_9' title="bbox 179 1401 372 1469; baseline 0.005 -2"><span class='ocrx_word' id='word_1_78' title='bbox 179 1441 221 1452; x_wconf 97' lang='lat'>-</span> <span class='ocrx_word' id='word_1_79' title='bbox 237 1401 315 1468; x_wconf 89' lang='lat' dir='ltr'>Fiat</span> <span class='ocrx_word' id='word_1_80' title='bbox 331 1402 372 1469; x_wconf 89' lang='lat' dir='ltr'>R.</span> 
     </span>
    </p>
   </div>
   <div class='ocr_carea' id='block_1_3' title="bbox 222 1505 964 1593">
    <p class='ocr_par' dir='ltr' id='par_1_3' title="bbox 222 1505 964 1593">
     <span class='ocr_line' id='line_1_10' title="bbox 222 1505 964 1593; baseline 0.005 -24"><span class='ocrx_word' id='word_1_81' title='bbox 222 1505 300 1572; x_wconf 89' lang='lat' dir='ltr'>Dat.</span> <span class='ocrx_word' id='word_1_82' title='bbox 315 1506 415 1571; x_wconf 88' lang='lat' dir='ltr'>Avin.</span> <span class='ocrx_word' id='word_1_83' title='bbox 433 1526 450 1570; x_wconf 89' lang='lat'><strong><em>2</em></strong></span> <span class='ocrx_word' id='word_1_84' title='bbox 467 1527 547 1573; x_wconf 91' lang='lat' dir='ltr'>non.</span> <span class='ocrx_word' id='word_1_85' title='bbox 563 1506 642 1572; x_wconf 91' lang='lat' dir='ltr'>maii</span> <span class='ocrx_word' id='word_1_86' title='bbox 661 1513 694 1571; x_wconf 89' lang='lat' dir='ltr'>a⁰</span> <span class='ocrx_word' id='word_1_87' title='bbox 711 1514 753 1591; x_wconf 89' lang='lat'>5⁰.</span> <span class='ocrx_word' id='word_1_88' title='bbox 770 1507 841 1593; x_wconf 85' lang='lat' dir='ltr'>(lo,</span> <span class='ocrx_word' id='word_1_89' title='bbox 862 1507 964 1591; x_wconf 68' lang='lat' dir='ltr'>173l).</span> 
     </span>
    </p>
   </div>
   <div class='ocr_carea' id='block_1_4' title="bbox 230 1650 1496 1751">
    <p class='ocr_par' dir='ltr' id='par_1_4' title="bbox 230 1650 1496 1751">
     <span class='ocr_line' id='line_1_11' title="bbox 230 1650 1496 1751; baseline 0.002 -21"><span class='ocrx_word' id='word_1_90' title='bbox 230 1650 534 1737; x_wconf 85' lang='lat'>1202-1209.</span> <span class='ocrx_word' id='word_1_91' title='bbox 1270 1683 1365 1751; x_wconf 74' lang='lat'><em>1347,</em></span> <span class='ocrx_word' id='word_1_92' title='bbox 1383 1686 1402 1750; x_wconf 93' lang='lat'><em>7</em></span> <span class='ocrx_word' id='word_1_93' title='bbox 1419 1670 1496 1732; x_wconf 86' lang='lat' dir='ltr'>mai.</span> 
     </span>
    </p>
   </div>
   <div class='ocr_carea' id='block_1_5' title="bbox 177 1766 1539 2165">
    <p class='ocr_par' dir='ltr' id='par_1_5' title="bbox 177 1766 1539 1960">
     <span class='ocr_line' id='line_1_12' title="bbox 221 1766 1539 1857; baseline 0.004 -25"><span class='ocrx_word' id='word_1_94' title='bbox 221 1766 322 1854; x_wconf 92' lang='lat' dir='ltr'><strong>Supp.</strong></span> <span class='ocrx_word' id='word_1_95' title='bbox 335 1768 409 1835; x_wconf 90' lang='lat' dir='ltr'>S.V.</span> <span class='ocrx_word' id='word_1_96' title='bbox 422 1789 585 1855; x_wconf 86' lang='lat' dir='ltr'>pauperes</span> <span class='ocrx_word' id='word_1_97' title='bbox 601 1768 711 1834; x_wconf 90' lang='lat' dir='ltr'>clerici</span> <span class='ocrx_word' id='word_1_98' title='bbox 727 1769 1035 1855; x_wconf 69' lang='lat' dir='ltr'>infrascriptiquat.</span> <span class='ocrx_word' id='word_1_99' title='bbox 1051 1768 1112 1834; x_wconf 90' lang='lat' dir='ltr'>sibi</span> <span class='ocrx_word' id='word_1_100' title='bbox 1125 1775 1286 1835; x_wconf 90' lang='lat' dir='ltr'>eteorum</span> <span class='ocrx_word' id='word_1_101' title='bbox 1303 1771 1438 1835; x_wconf 88' lang='lat' dir='ltr'>cuilibet</span> <span class='ocrx_word' id='word_1_102' title='bbox 1450 1792 1539 1857; x_wconf 91' lang='lat' dir='ltr'><strong>spec.</strong></span> 
     </span>
     <span class='ocr_line' id='line_1_13' title="bbox 177 1871 916 1960; baseline 0.001 -24"><span class='ocrx_word' id='word_1_103' title='bbox 177 1891 225 1955; x_wconf 81' lang='lat' dir='ltr'>gr.</span> <span class='ocrx_word' id='word_1_104' title='bbox 240 1871 417 1954; x_wconf 72' lang='lat' dir='ltr'>facientes·</span> <span class='ocrx_word' id='word_1_105' title='bbox 427 1882 528 1960; x_wconf 93' lang='lat' dir='ltr'>prout</span> <span class='ocrx_word' id='word_1_106' title='bbox 543 1872 677 1938; x_wconf 85' lang='lat' dir='ltr'>inferius</span> <span class='ocrx_word' id='word_1_107' title='bbox 692 1872 916 1938; x_wconf 90' lang='lat' dir='ltr'>continetur...</span> 
     </span>
    </p>

    <p class='ocr_par' dir='ltr' id='par_1_6' title="bbox 179 1969 1537 2165">
     <span class='ocr_line' id='line_1_14' title="bbox 220 1969 1537 2062; baseline 0.002 -22"><span class='ocrx_word' id='word_1_108' title='bbox 220 1973 308 2040; x_wconf 90' lang='lat' dir='ltr'>Item</span> <span class='ocrx_word' id='word_1_109' title='bbox 323 1975 656 2062; x_wconf 87' lang='lat' dir='ltr'>Gerardo,quondam</span> <span class='ocrx_word' id='word_1_110' title='bbox 668 1975 808 2041; x_wconf 88' lang='lat' dir='ltr'>Gerardi</span> <span class='ocrx_word' id='word_1_111' title='bbox 818 1975 860 2040; x_wconf 94' lang='lat' dir='ltr'>de</span> <span class='ocrx_word' id='word_1_112' title='bbox 872 1974 1015 2057; x_wconf 87' lang='lat' dir='ltr'>LincIm,</span> <span class='ocrx_word' id='word_1_113' title='bbox 1026 1978 1103 2042; x_wconf 92' lang='lat' dir='ltr'><strong>cler.</strong></span> <span class='ocrx_word' id='word_1_114' title='bbox 1116 1975 1292 2043; x_wconf 92' lang='lat' dir='ltr'>Colonien.</span> <span class='ocrx_word' id='word_1_115' title='bbox 1305 1975 1392 2042; x_wconf 91' lang='lat' dir='ltr'>dioc.</span> <span class='ocrx_word' id='word_1_116' title='bbox 1402 1976 1445 2041; x_wconf 96' lang='lat' dir='ltr'>de</span> <span class='ocrx_word' id='word_1_117' title='bbox 1455 1969 1537 2043; x_wconf 89' lang='lat' dir='ltr'>ben.</span> 
     </span>
     <span class='ocr_line' id='line_1_15' title="bbox 179 2079 1439 2165; baseline 0.004 -23"><span class='ocrx_word' id='word_1_118' title='bbox 179 2099 204 2143; x_wconf 91' lang='lat' dir='ltr'>s.</span> <span class='ocrx_word' id='word_1_119' title='bbox 220 2098 248 2145; x_wconf 96' lang='lat' dir='ltr'>c.</span> <span class='ocrx_word' id='word_1_120' title='bbox 263 2079 306 2146; x_wconf 89' lang='lat' dir='ltr'>ad</span> <span class='ocrx_word' id='word_1_121' title='bbox 321 2080 408 2161; x_wconf 86' lang='lat' dir='ltr'>coll,</span> <span class='ocrx_word' id='word_1_122' title='bbox 424 2087 500 2162; x_wconf 83' lang='lat' dir='ltr'>etc,</span> <span class='ocrx_word' id='word_1_123' title='bbox 516 2079 590 2146; x_wconf 89' lang='lat' dir='ltr'>dec.</span> <span class='ocrx_word' id='word_1_124' title='bbox 606 2088 641 2145; x_wconf 89' lang='lat' dir='ltr'>et</span> <span class='ocrx_word' id='word_1_125' title='bbox 656 2100 729 2165; x_wconf 89' lang='lat' dir='ltr'><strong>cap.</strong></span> <span class='ocrx_word' id='word_1_126' title='bbox 745 2080 827 2145; x_wconf 90' lang='lat' dir='ltr'>eccl.</span> <span class='ocrx_word' id='word_1_127' title='bbox 844 2079 875 2144; x_wconf 89' lang='lat' dir='ltr'>S.</span> <span class='ocrx_word' id='word_1_128' title='bbox 893 2079 982 2144; x_wconf 91' lang='lat' dir='ltr'>Petri</span> <span class='ocrx_word' id='word_1_129' title='bbox 999 2079 1160 2161; x_wconf 71' lang='lat' dir='ltr'>Suteren„</span> <span class='ocrx_word' id='word_1_130' title='bbox 1177 2079 1335 2146; x_wconf 92' lang='lat' dir='ltr'>Leodien.</span> <span class='ocrx_word' id='word_1_131' title='bbox 1352 2080 1439 2147; x_wconf 92' lang='lat' dir='ltr'>dioc.</span> 
     </span>
    </p>
   </div>
   <div class='ocr_carea' id='block_1_6' title="bbox 176 2223 1617 2830">
    <p class='ocr_par' dir='ltr' id='par_1_7' title="bbox 176 2223 1617 2830">
     <span class='ocr_line' id='line_1_16' title="bbox 223 2223 1539 2315; baseline 0.002 -25"><span class='ocrx_word' id='word_1_132' title='bbox 223 2231 324 2293; x_wconf 87' lang='grc'>1203.</span> <span class='ocrx_word' id='word_1_133' title='bbox 342 2224 432 2290; x_wconf 90' lang='lat' dir='ltr'>Item</span> <span class='ocrx_word' id='word_1_134' title='bbox 457 2225 579 2290; x_wconf 91' lang='lat' dir='ltr'>Ottoni</span> <span class='ocrx_word' id='word_1_135' title='bbox 604 2225 718 2308; x_wconf 88' lang='lat' dir='ltr'>Sigeri,</span> <span class='ocrx_word' id='word_1_136' title='bbox 735 2225 812 2315; x_wconf 81' lang='lat' dir='ltr'>cler.</span> <span class='ocrx_word' id='word_1_137' title='bbox 838 2223 999 2290; x_wconf 91' lang='lat' dir='ltr'>Leodien.</span> <span class='ocrx_word' id='word_1_138' title='bbox 1026 2224 1123 2306; x_wconf 85' lang='lat' dir='ltr'>dioc,</span> <span class='ocrx_word' id='word_1_139' title='bbox 1151 2225 1194 2290; x_wconf 93' lang='lat' dir='ltr'>ad</span> <span class='ocrx_word' id='word_1_140' title='bbox 1217 2226 1303 2306; x_wconf 88' lang='lat' dir='ltr'>coll,</span> <span class='ocrx_word' id='word_1_141' title='bbox 1319 2233 1395 2306; x_wconf 87' lang='lat' dir='ltr'>etc,</span> <span class='ocrx_word' id='word_1_142' title='bbox 1411 2229 1486 2292; x_wconf 87' lang='lat' dir='ltr'>abb.</span> <span class='ocrx_word' id='word_1_143' title='bbox 1503 2235 1539 2292; x_wconf 88' lang='lat' dir='ltr'>et</span> 
     </span>
     <span class='ocr_line' id='line_1_17' title="bbox 181 2327 1617 2410; baseline 0.002 -18"><span class='ocrx_word' id='word_1_144' title='bbox 181 2347 276 2395; x_wconf 87' lang='lat' dir='ltr'>conv.</span> <span class='ocrx_word' id='word_1_145' title='bbox 291 2330 486 2396; x_wconf 90' lang='lat' dir='ltr'>monasterii</span> <span class='ocrx_word' id='word_1_146' title='bbox 503 2330 534 2396; x_wconf 88' lang='lat' dir='ltr'>S.</span> <span class='ocrx_word' id='word_1_147' title='bbox 553 2328 698 2394; x_wconf 88' lang='lat' dir='ltr'>Huberti</span> <span class='ocrx_word' id='word_1_148' title='bbox 715 2327 757 2394; x_wconf 93' lang='lat' dir='ltr'>de</span> <span class='ocrx_word' id='word_1_149' title='bbox 773 2328 944 2407; x_wconf 87' lang='lat' dir='ltr'>Ardenna,</span> <span class='ocrx_word' id='word_1_150' title='bbox 960 2328 1050 2393; x_wconf 88' lang='lat' dir='ltr'>dicte</span> <span class='ocrx_word' id='word_1_151' title='bbox 1066 2329 1163 2410; x_wconf 80' lang='lat' dir='ltr'>dioc,</span> <span class='ocrx_word' id='word_1_152' title='bbox 1180 2327 1222 2395; x_wconf 94' lang='grc' dir='ltr'>Ο.</span> <span class='ocrx_word' id='word_1_153' title='bbox 1240 2330 1270 2396; x_wconf 91' lang='lat' dir='ltr'>S.</span> <span class='ocrx_word' id='word_1_154' title='bbox 1288 2329 1326 2395; x_wconf 93' lang='lat' dir='ltr'>B.</span> <span class='ocrx_word' id='word_1_155' title='bbox 1340 2353 1349 2410; x_wconf 91' lang='lat'>;</span> <span class='ocrx_word' id='word_1_156' title='bbox 1366 2350 1434 2395; x_wconf 88' lang='lat' dir='ltr'>non</span> <span class='ocrx_word' id='word_1_157' title='bbox 1451 2332 1537 2396; x_wconf 90' lang='lat' dir='ltr'>obst.</span> <span class='ocrx_word' id='word_1_158' title='bbox 1614 2355 1617 2361; x_wconf 79' lang='grc'>’</span> 
     </span>
     <span class='ocr_line' id='line_1_18' title="bbox 179 2431 1539 2518; baseline 0 -22"><span class='ocrx_word' id='word_1_159' title='bbox 179 2431 269 2515; x_wconf 93' lang='lat' dir='ltr'>quod</span> <span class='ocrx_word' id='word_1_160' title='bbox 299 2432 342 2499; x_wconf 92' lang='lat' dir='ltr'>ad</span> <span class='ocrx_word' id='word_1_161' title='bbox 372 2434 482 2500; x_wconf 75' lang='lat' dir='ltr'>coll...</span> <span class='ocrx_word' id='word_1_162' title='bbox 512 2435 589 2500; x_wconf 88' lang='lat' dir='ltr'>abb.</span> <span class='ocrx_word' id='word_1_163' title='bbox 624 2432 783 2499; x_wconf 88' lang='lat' dir='ltr'>secularis</span> <span class='ocrx_word' id='word_1_164' title='bbox 814 2433 896 2497; x_wconf 92' lang='lat' dir='ltr'>eccl.</span> <span class='ocrx_word' id='word_1_165' title='bbox 928 2431 960 2496; x_wconf 88' lang='lat' dir='ltr'>S.</span> <span class='ocrx_word' id='word_1_166' title='bbox 986 2431 1177 2497; x_wconf 86' lang='lat' dir='ltr'>Tbeodardi</span> <span class='ocrx_word' id='word_1_167' title='bbox 1201 2432 1447 2518; x_wconf 89' lang='lat' dir='ltr'>Tudin(iensis)</span> <span class='ocrx_word' id='word_1_168' title='bbox 1479 2453 1539 2518; x_wconf 93' lang='lat' dir='ltr'>per</span> 
     </span>
     <span class='ocr_line' id='line_1_19' title="bbox 178 2535 1538 2622; baseline 0.001 -22"><span class='ocrx_word' id='word_1_169' title='bbox 178 2545 303 2603; x_wconf 84' lang='lat' dir='ltr'>vestras</span> <span class='ocrx_word' id='word_1_170' title='bbox 316 2538 445 2603; x_wconf 86' lang='lat' dir='ltr'>litteras</span> <span class='ocrx_word' id='word_1_171' title='bbox 472 2537 506 2602; x_wconf 93' lang='lat' dir='ltr'>in</span> <span class='ocrx_word' id='word_1_172' title='bbox 532 2537 704 2602; x_wconf 87' lang='lat' dir='ltr'>communi</span> <span class='ocrx_word' id='word_1_173' title='bbox 731 2536 838 2601; x_wconf 87' lang='lat' dir='ltr'>forma</span> <span class='ocrx_word' id='word_1_174' title='bbox 862 2535 1012 2600; x_wconf 89' lang='lat' dir='ltr'>noscitur</span> <span class='ocrx_word' id='word_1_175' title='bbox 1036 2543 1215 2620; x_wconf 86' lang='lat' dir='ltr'><strong>expectare</strong></span> <span class='ocrx_word' id='word_1_176' title='bbox 1227 2559 1236 2616; x_wconf 89' lang='lat'>;</span> <span class='ocrx_word' id='word_1_177' title='bbox 1263 2537 1316 2602; x_wconf 91' lang='lat' dir='ltr'>cui</span> <span class='ocrx_word' id='word_1_178' title='bbox 1335 2546 1471 2622; x_wconf 90' lang='lat' dir='ltr'>paratus</span> <span class='ocrx_word' id='word_1_179' title='bbox 1487 2544 1538 2601; x_wconf 90' lang='lat' dir='ltr'>est</span> 
     </span>
     <span class='ocr_line' id='line_1_20' title="bbox 176 2637 1538 2725; baseline 0 -21"><span class='ocrx_word' id='word_1_180' title='bbox 176 2641 370 2707; x_wconf 89' lang='lat' dir='ltr'>renunciare</span> <span class='ocrx_word' id='word_1_181' title='bbox 382 2662 459 2707; x_wconf 90' lang='lat' dir='ltr'>cum</span> <span class='ocrx_word' id='word_1_182' title='bbox 474 2643 550 2706; x_wconf 92' lang='lat' dir='ltr'>ben.</span> <span class='ocrx_word' id='word_1_183' title='bbox 568 2640 651 2706; x_wconf 92' lang='lat' dir='ltr'>eccl.</span> <span class='ocrx_word' id='word_1_184' title='bbox 667 2639 792 2704; x_wconf 89' lang='lat' dir='ltr'>virtute</span> <span class='ocrx_word' id='word_1_185' title='bbox 819 2638 1009 2722; x_wconf 89' lang='lat' dir='ltr'>hujusmodi</span> <span class='ocrx_word' id='word_1_186' title='bbox 1032 2638 1137 2722; x_wconf 86' lang='lat' dir='ltr'>gratie</span> <span class='ocrx_word' id='word_1_187' title='bbox 1162 2637 1260 2704; x_wconf 85' lang='lat' dir='ltr'>suerit</span> <span class='ocrx_word' id='word_1_188' title='bbox 1286 2640 1427 2725; x_wconf 85' lang='lat' dir='ltr'>pacifice</span> <span class='ocrx_word' id='word_1_189' title='bbox 1451 2660 1538 2705; x_wconf 88' lang='lat' dir='ltr'><strong>asse·</strong></span> 
     </span>
     <span class='ocr_line' id='line_1_21' title="bbox 178 2753 309 2830; baseline 0.015 -21"><span class='ocrx_word' id='word_1_190' title='bbox 178 2753 309 2830; x_wconf 85' lang='lat' dir='ltr'>quotus.</span> 
     </span>
    </p>
   </div>
   <div class='ocr_carea' id='block_1_7' title="bbox 178 2880 1537 3074">
    <p class='ocr_par' dir='ltr' id='par_1_8' title="bbox 178 2880 1537 3074">
     <span class='ocr_line' id='line_1_22' title="bbox 221 2880 1537 2963; baseline -0.001 -15"><span class='ocrx_word' id='word_1_191' title='bbox 221 2888 328 2951; x_wconf 86' lang='lat'>1204.</span> <span class='ocrx_word' id='word_1_192' title='bbox 345 2881 433 2948; x_wconf 90' lang='lat' dir='ltr'>Item</span> <span class='ocrx_word' id='word_1_193' title='bbox 458 2882 606 2960; x_wconf 90' lang='lat' dir='ltr'>Johanni</span> <span class='ocrx_word' id='word_1_194' title='bbox 631 2882 674 2949; x_wconf 90' lang='lat' dir='ltr'>de</span> <span class='ocrx_word' id='word_1_195' title='bbox 698 2881 843 2963; x_wconf 88' lang='lat' dir='ltr'>Hutens,</span> <span class='ocrx_word' id='word_1_196' title='bbox 870 2884 947 2947; x_wconf 90' lang='lat' dir='ltr'>cler.</span> <span class='ocrx_word' id='word_1_197' title='bbox 973 2880 1133 2947; x_wconf 89' lang='lat' dir='ltr'>Leodien.</span> <span class='ocrx_word' id='word_1_198' title='bbox 1156 2880 1253 2962; x_wconf 85' lang='lat' dir='ltr'>dioc,</span> <span class='ocrx_word' id='word_1_199' title='bbox 1279 2882 1323 2947; x_wconf 92' lang='lat' dir='ltr'>ad</span> <span class='ocrx_word' id='word_1_200' title='bbox 1349 2882 1435 2963; x_wconf 86' lang='lat' dir='ltr'>coll,</span> <span class='ocrx_word' id='word_1_201' title='bbox 1462 2888 1537 2962; x_wconf 73' lang='lat' dir='ltr'>etc„</span> 
     </span>
     <span class='ocr_line' id='line_1_23' title="bbox 178 2986 809 3074; baseline 0.005 -24"><span class='ocrx_word' id='word_1_202' title='bbox 178 2986 328 3053; x_wconf 87' lang='lat' dir='ltr'>investiti</span> <span class='ocrx_word' id='word_1_203' title='bbox 339 2988 382 3053; x_wconf 93' lang='lat' dir='ltr'>de</span> <span class='ocrx_word' id='word_1_204' title='bbox 398 2987 602 3074; x_wconf 89' lang='lat' dir='ltr'>Compthe0,</span> <span class='ocrx_word' id='word_1_205' title='bbox 618 2988 709 3054; x_wconf 82' lang='lat' dir='ltr'>dIcte</span> <span class='ocrx_word' id='word_1_206' title='bbox 721 2987 809 3053; x_wconf 92' lang='lat' dir='ltr'>dioc.</span> 
     </span>
    </p>
   </div>
   <div class='ocr_carea' id='block_1_8' title="bbox 177 3114 1572 3315">
    <p class='ocr_par' dir='ltr' id='par_1_9' title="bbox 177 3114 1572 3315">
     <span class='ocr_line' id='line_1_24' title="bbox 221 3114 1572 3212; baseline 0.001 -22"><span class='ocrx_word' id='word_1_207' title='bbox 221 3131 324 3193; x_wconf 89' lang='lat'>1205.</span> <span class='ocrx_word' id='word_1_208' title='bbox 342 3124 431 3190; x_wconf 93' lang='lat' dir='ltr'>Item</span> <span class='ocrx_word' id='word_1_209' title='bbox 447 3124 631 3193; x_wconf 89' lang='lat' dir='ltr'>Lamberto</span> <span class='ocrx_word' id='word_1_210' title='bbox 648 3126 798 3212; x_wconf 90' lang='lat' dir='ltr'>Nykolai</span> <span class='ocrx_word' id='word_1_211' title='bbox 823 3126 963 3209; x_wconf 87' lang='lat' dir='ltr'>Sarasin,</span> <span class='ocrx_word' id='word_1_212' title='bbox 992 3124 1151 3192; x_wconf 89' lang='lat' dir='ltr'>Leodien.</span> <span class='ocrx_word' id='word_1_213' title='bbox 1167 3126 1265 3208; x_wconf 84' lang='lat' dir='ltr'>dioc,</span> <span class='ocrx_word' id='word_1_214' title='bbox 1290 3126 1333 3192; x_wconf 88' lang='lat' dir='ltr'>ad</span> <span class='ocrx_word' id='word_1_215' title='bbox 1359 3126 1445 3207; x_wconf 82' lang='lat' dir='ltr'>coll,</span> <span class='ocrx_word' id='word_1_216' title='bbox 1462 3133 1538 3207; x_wconf 81' lang='lat' dir='ltr'>etc,</span> <span class='ocrx_word' id='word_1_217' title='bbox 1570 3114 1572 3119; x_wconf 51' lang='grc'>’</span> 
     </span>
     <span class='ocr_line' id='line_1_25' title="bbox 177 3224 827 3315; baseline 0.006 -24"><span class='ocrx_word' id='word_1_218' title='bbox 177 3224 250 3293; x_wconf 91' lang='lat' dir='ltr'>dec.</span> <span class='ocrx_word' id='word_1_219' title='bbox 266 3234 301 3293; x_wconf 90' lang='lat' dir='ltr'>et</span> <span class='ocrx_word' id='word_1_220' title='bbox 316 3248 392 3315; x_wconf 87' lang='lat' dir='ltr'><strong>cap.</strong></span> <span class='ocrx_word' id='word_1_221' title='bbox 406 3229 489 3295; x_wconf 91' lang='lat' dir='ltr'>eccl.</span> <span class='ocrx_word' id='word_1_222' title='bbox 505 3230 538 3297; x_wconf 87' lang='lat' dir='ltr'>S.</span> <span class='ocrx_word' id='word_1_223' title='bbox 555 3229 649 3295; x_wconf 88' lang='lat' dir='ltr'>Pauli</span> <span class='ocrx_word' id='word_1_224' title='bbox 667 3228 827 3296; x_wconf 91' lang='lat' dir='ltr'>Leodien.</span> 
     </span>
    </p>
   </div>
   <div class='ocr_carea' id='block_1_9' title="bbox 177 3363 1539 3553">
    <p class='ocr_par' dir='ltr' id='par_1_10' title="bbox 177 3363 1539 3553">
     <span class='ocr_line' id='line_1_26' title="bbox 221 3363 1539 3451; baseline 0.004 -21"><span class='ocrx_word' id='word_1_225' title='bbox 221 3371 324 3433; x_wconf 82' lang='lat'>1206.</span> <span class='ocrx_word' id='word_1_226' title='bbox 343 3363 431 3431; x_wconf 90' lang='lat' dir='ltr'>Item</span> <span class='ocrx_word' id='word_1_227' title='bbox 458 3366 607 3444; x_wconf 88' lang='lat' dir='ltr'>Johanni</span> <span class='ocrx_word' id='word_1_228' title='bbox 632 3366 674 3433; x_wconf 91' lang='lat' dir='ltr'>de</span> <span class='ocrx_word' id='word_1_229' title='bbox 701 3366 858 3451; x_wconf 88' lang='lat' dir='ltr'>Bacourt,</span> <span class='ocrx_word' id='word_1_230' title='bbox 875 3369 953 3434; x_wconf 92' lang='lat' dir='ltr'>cler.</span> <span class='ocrx_word' id='word_1_231' title='bbox 978 3366 1138 3435; x_wconf 89' lang='lat' dir='ltr'>Leodien.</span> <span class='ocrx_word' id='word_1_232' title='bbox 1164 3368 1262 3450; x_wconf 83' lang='lat' dir='ltr'>dioc,</span> <span class='ocrx_word' id='word_1_233' title='bbox 1286 3366 1329 3433; x_wconf 92' lang='lat' dir='ltr'>ad</span> <span class='ocrx_word' id='word_1_234' title='bbox 1354 3369 1440 3451; x_wconf 86' lang='lat' dir='ltr'>coll,</span> <span class='ocrx_word' id='word_1_235' title='bbox 1464 3377 1539 3451; x_wconf 82' lang='lat' dir='ltr'>etc,</span> 
     </span>
     <span class='ocr_line' id='line_1_27' title="bbox 177 3466 823 3553; baseline 0.008 -20"><span class='ocrx_word' id='word_1_236' title='bbox 177 3466 211 3533; x_wconf 88' lang='lat' dir='ltr'>S.</span> <span class='ocrx_word' id='word_1_237' title='bbox 226 3468 348 3535; x_wconf 88' lang='lat' dir='ltr'>Albani</span> <span class='ocrx_word' id='word_1_238' title='bbox 364 3468 615 3553; x_wconf 90' lang='lat' dir='ltr'>Namurcensis,</span> <span class='ocrx_word' id='word_1_239' title='bbox 631 3471 721 3537; x_wconf 93' lang='lat' dir='ltr'>dicte</span> <span class='ocrx_word' id='word_1_240' title='bbox 736 3471 823 3538; x_wconf 93' lang='lat' dir='ltr'>dioc.</span> 
     </span>
    </p>
   </div>
   <div class='ocr_carea' id='block_1_10' title="bbox 222 3605 1538 3690">
    <p class='ocr_par' dir='ltr' id='par_1_11' title="bbox 222 3605 1538 3690">
     <span class='ocr_line' id='line_1_28' title="bbox 222 3605 1538 3690; baseline 0.004 -21"><span class='ocrx_word' id='word_1_241' title='bbox 222 3610 325 3673; x_wconf 87' lang='lat'>1207.</span> <span class='ocrx_word' id='word_1_242' title='bbox 343 3605 432 3672; x_wconf 91' lang='lat' dir='ltr'>Item</span> <span class='ocrx_word' id='word_1_243' title='bbox 449 3607 600 3676; x_wconf 90' lang='lat' dir='ltr'>Henrico</span> <span class='ocrx_word' id='word_1_244' title='bbox 615 3610 658 3675; x_wconf 89' lang='lat' dir='ltr'>de</span> <span class='ocrx_word' id='word_1_245' title='bbox 673 3610 891 3690; x_wconf 84' lang='lat' dir='ltr'>Albomonte,</span> <span class='ocrx_word' id='word_1_246' title='bbox 906 3611 985 3675; x_wconf 88' lang='lat' dir='ltr'>cler.</span> <span class='ocrx_word' id='word_1_247' title='bbox 1002 3609 1162 3676; x_wconf 90' lang='lat' dir='ltr'>Leodien.</span> <span class='ocrx_word' id='word_1_248' title='bbox 1178 3610 1275 3690; x_wconf 81' lang='lat' dir='ltr'>dioc,</span> <span class='ocrx_word' id='word_1_249' title='bbox 1291 3612 1364 3675; x_wconf 91' lang='lat' dir='ltr'>bac.</span> <span class='ocrx_word' id='word_1_250' title='bbox 1382 3609 1414 3673; x_wconf 90' lang='lat' dir='ltr'>in</span> <span class='ocrx_word' id='word_1_251' title='bbox 1439 3608 1538 3689; x_wconf 68' lang='lat' dir='ltr'>med„</span> 
     </span>
    </p>
   </div>
   <div class='ocr_carea' id='block_1_11' title="bbox 179 3705 1538 3880">
    <p class='ocr_par' dir='ltr' id='par_1_12' title="bbox 179 3705 1538 3880">
     <span class='ocr_line' id='line_1_29' title="bbox 179 3705 1538 3876; baseline 0.001 -103"><span class='ocrx_word' id='word_1_252' title='bbox 179 3705 325 3876; x_wconf 54' lang='lat' dir='ltr'><strong>ppgoll„</strong></span> <span class='ocrx_word' id='word_1_253' title='bbox 342 3718 418 3794; x_wconf 69' lang='lat' dir='ltr'>etc„</span> <span class='ocrx_word' id='word_1_254' title='bbox 434 3716 552 3780; x_wconf 85' lang='lat' dir='ltr'>abbet</span> <span class='ocrx_word' id='word_1_255' title='bbox 568 3734 667 3781; x_wconf 87' lang='lat' dir='ltr'>conv.</span> <span class='ocrx_word' id='word_1_256' title='bbox 683 3713 876 3779; x_wconf 90' lang='lat' dir='ltr'>monasterii</span> <span class='ocrx_word' id='word_1_257' title='bbox 887 3714 919 3779; x_wconf 94' lang='lat' dir='ltr'>S.</span> <span class='ocrx_word' id='word_1_258' title='bbox 936 3712 1108 3779; x_wconf 92' lang='lat' dir='ltr'>Laurentii</span> <span class='ocrx_word' id='word_1_259' title='bbox 1125 3733 1229 3799; x_wconf 88' lang='lat' dir='ltr'><strong>prope</strong></span> <span class='ocrx_word' id='word_1_260' title='bbox 1239 3732 1352 3777; x_wconf 88' lang='lat' dir='ltr'>muros</span> <span class='ocrx_word' id='word_1_261' title='bbox 1367 3710 1538 3792; x_wconf 88' lang='lat' dir='ltr'>Leodien.,</span> 
     </span>
     <span class='ocr_line' id='line_1_30' title="bbox 215 3812 326 3880; baseline 0.018 -3"><span class='ocrx_word' id='word_1_262' title='bbox 215 3861 222 3877; x_wconf 93' lang='lat'><strong>.</strong></span> <span class='ocrx_word' id='word_1_263' title='bbox 263 3812 326 3880; x_wconf 91' lang='grc' dir='ltr'>.Β.</span> 
     </span>
    </p>
   </div>
   <div class='ocr_carea' id='block_1_12' title="bbox 180 3949 1538 4143">
    <p class='ocr_par' dir='ltr' id='par_1_13' title="bbox 180 3949 1538 4143">
     <span class='ocr_line' id='line_1_31' title="bbox 223 3949 1538 4035; baseline 0.002 -22"><span class='ocrx_word' id='word_1_264' title='bbox 223 3953 326 4017; x_wconf 87' lang='grc'><strong>1208.</strong></span> <span class='ocrx_word' id='word_1_265' title='bbox 345 3949 433 4017; x_wconf 88' lang='lat' dir='ltr'>Item</span> <span class='ocrx_word' id='word_1_266' title='bbox 455 3951 607 4020; x_wconf 89' lang='lat' dir='ltr'>Henrico</span> <span class='ocrx_word' id='word_1_267' title='bbox 622 3953 795 4035; x_wconf 90' lang='lat' dir='ltr'>Ludoviei,</span> <span class='ocrx_word' id='word_1_268' title='bbox 813 3954 890 4019; x_wconf 92' lang='lat' dir='ltr'>cler.</span> <span class='ocrx_word' id='word_1_269' title='bbox 906 3951 1066 4018; x_wconf 91' lang='lat' dir='ltr'>Leodien.</span> <span class='ocrx_word' id='word_1_270' title='bbox 1082 3952 1182 4034; x_wconf 85' lang='lat' dir='ltr'>dioc,</span> <span class='ocrx_word' id='word_1_271' title='bbox 1205 3952 1247 4017; x_wconf 89' lang='lat' dir='ltr'>ad</span> <span class='ocrx_word' id='word_1_272' title='bbox 1271 3952 1357 4032; x_wconf 84' lang='lat' dir='ltr'>coll,</span> <span class='ocrx_word' id='word_1_273' title='bbox 1374 3958 1449 4031; x_wconf 75' lang='lat' dir='ltr'><strong>ete,</strong></span> <span class='ocrx_word' id='word_1_274' title='bbox 1466 3949 1538 4016; x_wconf 93' lang='lat' dir='ltr'>dec.</span> 
     </span>
     <span class='ocr_line' id='line_1_32' title="bbox 180 4054 964 4143; baseline 0.008 -28"><span class='ocrx_word' id='word_1_275' title='bbox 180 4058 215 4116; x_wconf 89' lang='lat' dir='ltr'>et</span> <span class='ocrx_word' id='word_1_276' title='bbox 231 4070 304 4138; x_wconf 89' lang='lat' dir='ltr'><strong>cap.</strong></span> <span class='ocrx_word' id='word_1_277' title='bbox 321 4055 404 4121; x_wconf 91' lang='lat' dir='ltr'>eccl.</span> <span class='ocrx_word' id='word_1_278' title='bbox 420 4054 459 4121; x_wconf 93' lang='lat' dir='ltr'>B.</span> <span class='ocrx_word' id='word_1_279' title='bbox 477 4054 527 4123; x_wconf 90' lang='lat' dir='ltr'>M.</span> <span class='ocrx_word' id='word_1_280' title='bbox 543 4057 755 4143; x_wconf 86' lang='lat' dir='ltr'>Tongrensis,</span> <span class='ocrx_word' id='word_1_281' title='bbox 771 4058 861 4123; x_wconf 91' lang='lat' dir='ltr'>dicte</span> <span class='ocrx_word' id='word_1_282' title='bbox 876 4056 964 4121; x_wconf 92' lang='lat' dir='ltr'>dioc.</span> 
     </span>
    </p>
   </div>
   <div class='ocr_carea' id='block_1_13' title="bbox 179 4198 1539 5020">
    <p class='ocr_par' dir='ltr' id='par_1_14' title="bbox 179 4198 1538 4807">
     <span class='ocr_line' id='line_1_33' title="bbox 222 4198 1538 4288; baseline 0.005 -27"><span class='ocrx_word' id='word_1_283' title='bbox 222 4202 325 4267; x_wconf 78' lang='lat'>1209.</span> <span class='ocrx_word' id='word_1_284' title='bbox 343 4198 432 4266; x_wconf 91' lang='lat' dir='ltr'>Item</span> <span class='ocrx_word' id='word_1_285' title='bbox 447 4202 606 4286; x_wconf 84' lang='lat' dir='ltr'>Johanni,</span> <span class='ocrx_word' id='word_1_286' title='bbox 632 4205 703 4271; x_wconf 90' lang='lat' dir='ltr'>filio</span> <span class='ocrx_word' id='word_1_287' title='bbox 726 4204 893 4282; x_wconf 91' lang='lat' dir='ltr'>Johannis</span> <span class='ocrx_word' id='word_1_288' title='bbox 920 4203 1055 4288; x_wconf 88' lang='lat' dir='ltr'><strong>Proper,</strong></span> <span class='ocrx_word' id='word_1_289' title='bbox 1073 4202 1149 4269; x_wconf 92' lang='lat' dir='ltr'>cler.</span> <span class='ocrx_word' id='word_1_290' title='bbox 1166 4202 1354 4286; x_wconf 89' lang='lat' dir='ltr'>Trajecten.</span> <span class='ocrx_word' id='word_1_291' title='bbox 1370 4202 1467 4283; x_wconf 68' lang='lat' dir='ltr'>dioc„</span> <span class='ocrx_word' id='word_1_292' title='bbox 1484 4201 1538 4267; x_wconf 92' lang='lat' dir='ltr'>lic.</span> 
     </span>
     <span class='ocr_line' id='line_1_34' title="bbox 179 4298 1538 4389; baseline 0.007 -27"><span class='ocrx_word' id='word_1_293' title='bbox 179 4298 212 4362; x_wconf 94' lang='lat' dir='ltr'>in</span> <span class='ocrx_word' id='word_1_294' title='bbox 229 4309 301 4383; x_wconf 70' lang='lat' dir='ltr'>art„</span> <span class='ocrx_word' id='word_1_295' title='bbox 317 4303 361 4368; x_wconf 95' lang='lat' dir='ltr'>ad</span> <span class='ocrx_word' id='word_1_296' title='bbox 376 4305 463 4384; x_wconf 70' lang='lat' dir='ltr'>coll„</span> <span class='ocrx_word' id='word_1_297' title='bbox 481 4314 555 4389; x_wconf 86' lang='lat' dir='ltr'>etc,</span> <span class='ocrx_word' id='word_1_298' title='bbox 570 4311 646 4375; x_wconf 91' lang='lat' dir='ltr'>abb.</span> <span class='ocrx_word' id='word_1_299' title='bbox 662 4317 697 4373; x_wconf 90' lang='lat' dir='ltr'>et</span> <span class='ocrx_word' id='word_1_300' title='bbox 713 4329 812 4374; x_wconf 91' lang='lat' dir='ltr'>conv.</span> <span class='ocrx_word' id='word_1_301' title='bbox 828 4306 1023 4372; x_wconf 86' lang='lat' dir='ltr'>monasterii</span> <span class='ocrx_word' id='word_1_302' title='bbox 1040 4306 1072 4372; x_wconf 90' lang='lat' dir='ltr'>S.</span> <span class='ocrx_word' id='word_1_303' title='bbox 1089 4304 1265 4388; x_wconf 90' lang='lat' dir='ltr'>Trudonis,</span> <span class='ocrx_word' id='word_1_304' title='bbox 1282 4305 1324 4372; x_wconf 92' lang='grc' dir='ltr'>Ο.</span> <span class='ocrx_word' id='word_1_305' title='bbox 1342 4307 1372 4373; x_wconf 93' lang='lat' dir='ltr'>S.</span> <span class='ocrx_word' id='word_1_306' title='bbox 1386 4306 1435 4386; x_wconf 78' lang='lat'>13..</span> <span class='ocrx_word' id='word_1_307' title='bbox 1453 4305 1538 4371; x_wconf 87' lang='lat' dir='ltr'>Leo-</span> 
     </span>
     <span class='ocr_line' id='line_1_35' title="bbox 179 4400 1538 4496; baseline 0.008 -30"><span class='ocrx_word' id='word_1_308' title='bbox 179 4400 267 4468; x_wconf 91' lang='lat' dir='ltr'>dien.</span> <span class='ocrx_word' id='word_1_309' title='bbox 281 4405 368 4473; x_wconf 91' lang='lat' dir='ltr'>dioc.</span> <span class='ocrx_word' id='word_1_310' title='bbox 384 4430 393 4487; x_wconf 91' lang='lat'>;</span> <span class='ocrx_word' id='word_1_311' title='bbox 409 4428 478 4474; x_wconf 92' lang='lat' dir='ltr'>non</span> <span class='ocrx_word' id='word_1_312' title='bbox 492 4413 578 4477; x_wconf 90' lang='lat' dir='ltr'>obst.</span> <span class='ocrx_word' id='word_1_313' title='bbox 595 4411 684 4496; x_wconf 93' lang='lat' dir='ltr'>quod</span> <span class='ocrx_word' id='word_1_314' title='bbox 700 4410 744 4476; x_wconf 92' lang='lat' dir='ltr'>ad</span> <span class='ocrx_word' id='word_1_315' title='bbox 760 4412 858 4477; x_wconf 90' lang='lat' dir='ltr'>coll...</span> <span class='ocrx_word' id='word_1_316' title='bbox 874 4410 947 4475; x_wconf 92' lang='lat' dir='ltr'>dec.</span> <span class='ocrx_word' id='word_1_317' title='bbox 959 4418 993 4474; x_wconf 89' lang='lat' dir='ltr'>et</span> <span class='ocrx_word' id='word_1_318' title='bbox 1009 4430 1083 4496; x_wconf 90' lang='lat' dir='ltr'><strong>cap.</strong></span> <span class='ocrx_word' id='word_1_319' title='bbox 1100 4410 1181 4476; x_wconf 91' lang='lat' dir='ltr'>eccl.</span> <span class='ocrx_word' id='word_1_320' title='bbox 1199 4410 1229 4476; x_wconf 91' lang='lat' dir='ltr'>S.</span> <span class='ocrx_word' id='word_1_321' title='bbox 1247 4410 1336 4476; x_wconf 92' lang='lat' dir='ltr'>Petri</span> <span class='ocrx_word' id='word_1_322' title='bbox 1349 4411 1538 4496; x_wconf 90' lang='lat' dir='ltr'>Trajecten.</span> 
     </span>
     <span class='ocr_line' id='line_1_36' title="bbox 179 4506 1538 4601; baseline 0.01 -32"><span class='ocrx_word' id='word_1_323' title='bbox 179 4506 255 4572; x_wconf 91' lang='lat' dir='ltr'>ben.</span> <span class='ocrx_word' id='word_1_324' title='bbox 271 4528 296 4573; x_wconf 91' lang='lat' dir='ltr'>s.</span> <span class='ocrx_word' id='word_1_325' title='bbox 313 4529 342 4577; x_wconf 96' lang='lat' dir='ltr'>c.</span> <span class='ocrx_word' id='word_1_326' title='bbox 358 4511 392 4576; x_wconf 88' lang='lat' dir='ltr'>in</span> <span class='ocrx_word' id='word_1_327' title='bbox 409 4512 515 4579; x_wconf 81' lang='lat' dir='ltr'>forma</span> <span class='ocrx_word' id='word_1_328' title='bbox 530 4516 700 4580; x_wconf 90' lang='lat' dir='ltr'>communi</span> <span class='ocrx_word' id='word_1_329' title='bbox 717 4536 737 4579; x_wconf 92' lang='lat' dir='ltr'>a</span> <span class='ocrx_word' id='word_1_330' title='bbox 758 4516 790 4581; x_wconf 89' lang='lat' dir='ltr'>S.</span> <span class='ocrx_word' id='word_1_331' title='bbox 807 4515 847 4581; x_wconf 89' lang='lat' dir='ltr'>V.</span> <span class='ocrx_word' id='word_1_332' title='bbox 862 4514 1012 4579; x_wconf 92' lang='lat' dir='ltr'>noscitur</span> <span class='ocrx_word' id='word_1_333' title='bbox 1034 4522 1212 4600; x_wconf 88' lang='lat' dir='ltr'><strong>expectare</strong></span> <span class='ocrx_word' id='word_1_334' title='bbox 1227 4538 1236 4595; x_wconf 88' lang='lat'>;</span> <span class='ocrx_word' id='word_1_335' title='bbox 1254 4515 1306 4580; x_wconf 92' lang='lat' dir='ltr'>cui</span> <span class='ocrx_word' id='word_1_336' title='bbox 1322 4515 1428 4601; x_wconf 84' lang='lat' dir='ltr'>gratie</span> <span class='ocrx_word' id='word_1_337' title='bbox 1444 4535 1538 4601; x_wconf 88' lang='lat' dir='ltr'><strong>para-</strong></span> 
     </span>
     <span class='ocr_line' id='line_1_37' title="bbox 180 4617 1538 4707; baseline 0.008 -33"><span class='ocrx_word' id='word_1_338' title='bbox 180 4617 234 4675; x_wconf 90' lang='lat' dir='ltr'>tus</span> <span class='ocrx_word' id='word_1_339' title='bbox 249 4619 300 4678; x_wconf 92' lang='lat' dir='ltr'>est</span> <span class='ocrx_word' id='word_1_340' title='bbox 315 4617 521 4701; x_wconf 89' lang='lat' dir='ltr'>renunciare,</span> <span class='ocrx_word' id='word_1_341' title='bbox 538 4639 615 4683; x_wconf 90' lang='lat' dir='ltr'>cum</span> <span class='ocrx_word' id='word_1_342' title='bbox 630 4619 766 4704; x_wconf 90' lang='lat' dir='ltr'>aliquod</span> <span class='ocrx_word' id='word_1_343' title='bbox 779 4621 857 4685; x_wconf 92' lang='lat' dir='ltr'>ben.</span> <span class='ocrx_word' id='word_1_344' title='bbox 873 4618 997 4683; x_wconf 85' lang='lat' dir='ltr'>virtute</span> <span class='ocrx_word' id='word_1_345' title='bbox 1013 4618 1201 4705; x_wconf 88' lang='lat' dir='ltr'>hujusmodi</span> <span class='ocrx_word' id='word_1_346' title='bbox 1218 4619 1323 4703; x_wconf 84' lang='lat' dir='ltr'>gratie</span> <span class='ocrx_word' id='word_1_347' title='bbox 1334 4618 1433 4686; x_wconf 84' lang='lat' dir='ltr'>tuerit</span> <span class='ocrx_word' id='word_1_348' title='bbox 1448 4620 1538 4707; x_wconf 90' lang='lat' dir='ltr'>paci·</span> 
     </span>
     <span class='ocr_line' id='line_1_38' title="bbox 180 4712 665 4807; baseline 0.025 -30"><span class='ocrx_word' id='word_1_349' title='bbox 180 4712 243 4779; x_wconf 82' lang='lat' dir='ltr'>lice</span> <span class='ocrx_word' id='word_1_350' title='bbox 259 4729 466 4803; x_wconf 88' lang='lat' dir='ltr'>assequutus.</span> <span class='ocrx_word' id='word_1_351' title='bbox 484 4722 557 4805; x_wconf 88' lang='lat'>(10,</span> <span class='ocrx_word' id='word_1_352' title='bbox 577 4724 665 4807; x_wconf 87' lang='lat'>185).</span> 
     </span>
    </p>

    <p class='ocr_par' dir='ltr' id='par_1_15' title="bbox 180 4816 1539 5020">
     <span class='ocr_line' id='line_1_39' title="bbox 224 4816 1539 4914; baseline 0.008 -31"><span class='ocrx_word' id='word_1_353' title='bbox 224 4816 300 4885; x_wconf 88' lang='lat' dir='ltr'>Fiat</span> <span class='ocrx_word' id='word_1_354' title='bbox 314 4840 376 4908; x_wconf 92' lang='lat' dir='ltr'>pro</span> <span class='ocrx_word' id='word_1_355' title='bbox 393 4824 548 4890; x_wconf 91' lang='lat' dir='ltr'>omnibus</span> <span class='ocrx_word' id='word_1_356' title='bbox 563 4826 795 4912; x_wconf 90' lang='lat' dir='ltr'>suprascriptis</span> <span class='ocrx_word' id='word_1_357' title='bbox 820 4848 925 4913; x_wconf 89' lang='lat' dir='ltr'>usque</span> <span class='ocrx_word' id='word_1_358' title='bbox 941 4836 1016 4910; x_wconf 84' lang='lat' dir='ltr'>etc,</span> <span class='ocrx_word' id='word_1_359' title='bbox 1032 4835 1067 4894; x_wconf 95' lang='lat' dir='ltr'>et</span> <span class='ocrx_word' id='word_1_360' title='bbox 1090 4828 1193 4893; x_wconf 89' lang='lat' dir='ltr'>etiam</span> <span class='ocrx_word' id='word_1_361' title='bbox 1209 4827 1251 4892; x_wconf 92' lang='lat' dir='ltr'>de</span> <span class='ocrx_word' id='word_1_362' title='bbox 1266 4827 1330 4893; x_wconf 89' lang='lat' dir='ltr'>biis</span> <span class='ocrx_word' id='word_1_363' title='bbox 1345 4827 1401 4913; x_wconf 90' lang='lat' dir='ltr'>qui</span> <span class='ocrx_word' id='word_1_364' title='bbox 1417 4836 1539 4914; x_wconf 88' lang='lat' dir='ltr'>petunt</span> 
     </span>
     <span class='ocr_line' id='line_1_40' title="bbox 180 4918 1537 5020; baseline 0.012 -37"><span class='ocrx_word' id='word_1_365' title='bbox 180 4918 214 4984; x_wconf 93' lang='lat' dir='ltr'>in</span> <span class='ocrx_word' id='word_1_366' title='bbox 230 4925 380 4992; x_wconf 90' lang='lat' dir='ltr'>ecclesiis</span> <span class='ocrx_word' id='word_1_367' title='bbox 395 4928 579 5013; x_wconf 88' lang='lat' dir='ltr'>collegiatis</span> <span class='ocrx_word' id='word_1_368' title='bbox 595 4950 668 4997; x_wconf 92' lang='lat' dir='ltr'>can.</span> <span class='ocrx_word' id='word_1_369' title='bbox 684 4934 744 4997; x_wconf 88' lang='lat' dir='ltr'>sub</span> <span class='ocrx_word' id='word_1_370' title='bbox 760 4952 835 5019; x_wconf 85' lang='lat' dir='ltr'><strong>exp.</strong></span> <span class='ocrx_word' id='word_1_371' title='bbox 850 4935 943 5019; x_wconf 92' lang='lat' dir='ltr'><strong>preb.</strong></span> <span class='ocrx_word' id='word_1_372' title='bbox 957 4956 965 5014; x_wconf 88' lang='lat'>;</span> <span class='ocrx_word' id='word_1_373' title='bbox 982 4954 1051 4999; x_wconf 91' lang='lat' dir='ltr'>non</span> <span class='ocrx_word' id='word_1_374' title='bbox 1067 4940 1181 4999; x_wconf 86' lang='lat' dir='ltr'>tamen</span> <span class='ocrx_word' id='word_1_375' title='bbox 1197 4952 1259 5018; x_wconf 92' lang='lat' dir='ltr'>pro</span> <span class='ocrx_word' id='word_1_376' title='bbox 1274 4931 1337 4997; x_wconf 92' lang='lat' dir='ltr'>hiis</span> <span class='ocrx_word' id='word_1_377' title='bbox 1348 4932 1403 5018; x_wconf 94' lang='lat' dir='ltr'>qui</span> <span class='ocrx_word' id='word_1_378' title='bbox 1415 4941 1537 5020; x_wconf 88' lang='lat' dir='ltr'>petunt</span> 
     </span>
    </p>
   </div>
   <div class='ocr_carea' id='block_1_14' title="bbox 0 0 1832 5675">
    <p class='ocr_par' dir='ltr' id='par_1_16' title="bbox 0 0 1832 5675">
     <span class='ocr_line' id='line_1_41' title="bbox 0 0 1832 5675; baseline 0 0"><span class='ocrx_word' id='word_1_379' title='bbox 0 0 1832 5675; x_wconf 95' lang='lat' dir='ltr'> </span> 
     </span>
    </p>
   </div>
  </div>
 </body>
</html>
