3650 5675
673 500 759 574 1844,
783 501 869 564 18-22
893 502 1060 565 novembre.
1493 502 1550 565 185

186 652 355 731 Johannis
379 652 535 740 Capocie,
561 650 677 737 nepoti
702 649 789 737 su0,]
818 670 891 715 can.
917 658 952 715 et
977 653 1069 737 preb.
1097 651 1129 716 S.
1155 651 1338 718 Donatiani
1362 652 1550 737 Brugensis,

186 756 490 837 Tornacen.'dioc.,
505 776 580 822 vac.
596 775 656 841 per
670 761 815 820 mortem
831 753 922 819 dom.
937 752 1102 831 Johannis
1116 755 1272 821 Arcionis
1289 767 1309 836 ¹,
1325 758 1381 842 qui
1398 777 1505 843 nuper
1516 756 1549 821 iu

188 858 352 925 Romanis
374 860 526 946 partibus
549 858 639 923 diem
667 858 787 924 clausit
810 866 1010 939 extremum,
1034 859 1145 923 eidem
1170 860 1287 945 nepoti
1312 882 1373 926 suo
1399 861 1550 926 conferre

187 964 396 1049 dignemiui;
422 984 492 1030 non
519 966 606 1029 obst.
630 963 720 1048 quod
744 963 833 1028 idem
861 962 979 1028 Petrus
1005 984 1080 1029 can.
1107 967 1168 1030 sub
1195 984 1271 1049 exp.
1294 966 1386 1049 preb.
1409 964 1444 1029 in
1467 966 1550 1030 eccl.

187 1068 222 1134 S.
253 1066 390 1133 Martini
420 1068 589 1133 Turonen.
619 1066 768 1132 noscitur
798 1066 961 1133 obtinere.
977 1108 1020 1117 -
1036 1066 1124 1149 Fiat,
1155 1067 1181 1133 si
1212 1087 1282 1133 non
1313 1067 1357 1133 sit
1381 1069 1476 1133 alteri
1497 1068 1551 1153 jus

188 1171 365 1256 quesitum.
382 1170 423 1236 R.

232 1313 312 1374 759.
331 1305 419 1373 Item
444 1327 550 1393 supp„
575 1316 668 1393 quat.
699 1328 773 1394 cap.
805 1328 865 1373 suo
891 1307 1064 1374 Ludovico
1086 1308 1180 1374 dicto
1204 1308 1345 1374 Sanctus
1360 1318 1381 1390 ²,
1408 1308 1550 1374 similem

185 1411 330 1495 gratiam
355 1410 526 1491 facientes,
551 1410 594 1477 de
616 1430 692 1478 can.
714 1420 749 1477 et
768 1414 861 1498 preb.
884 1414 967 1478 eccl.
985 1412 1016 1479 S.
1034 1412 1123 1477 Petri
1140 1412 1335 1492 Duacensis,
1350 1414 1549 1479 Atrebaten.

185 1514 285 1595 dioc,
313 1516 465 1581 similiter
491 1535 565 1581 vac.
590 1535 649 1600 per
676 1518 729 1581 ob.
756 1516 837 1582 dicti
863 1514 1037 1597 Johannis,
1061 1516 1212 1601 predicte
1236 1518 1319 1582 eccl.
1345 1538 1419 1582 can.
1445 1520 1549 1603 preb„

186 1620 213 1683 si
230 1641 298 1685 non
315 1619 359 1685 sit
374 1619 408 1684 in
424 1620 472 1685 eis
484 1620 538 1704 jus
550 1620 646 1684 alteri
659 1620 836 1703 quesitum,
847 1621 957 1685 eidem
970 1618 1144 1685 Ludovico
1155 1619 1338 1703 dignemini
1351 1620 1527 1706 providere
1541 1642 1548 1698 ;

184 1744 255 1789 non
269 1726 354 1789 obst.
370 1714 561 1809 quod'idem
573 1722 764 1789 Ludovicus
780 1724 967 1790 cantoriam
980 1724 1012 1789 iu
1025 1725 1107 1789 eccl.
1121 1724 1152 1789 S.
1163 1723 1345 1789 Donatiani
1359 1722 1549 1809 Brugensis,

185 1826 375 1912 Tornaoen.
392 1827 489 1909 dioc„
506 1834 542 1892 et
557 1846 630 1893 can.
647 1830 707 1891 sub
722 1848 798 1913 exp.
814 1830 906 1913 preb.
923 1828 957 1891 in
980 1827 1097 1893 eadem
1113 1828 1195 1893 eccl.
1222 1828 1371 1893 noscitur
1387 1828 1549 1892 obtinere.

186 1971 232 1980 —
250 1930 326 1996 Fiat
343 1930 382 1996 R.

234 2035 313 2101 Dat.
329 2036 429 2101 Avin.
448 2056 465 2100 2
483 2035 526 2101 id.
541 2056 620 2101 nov.
637 2043 671 2100 a⁰
688 2044 727 2120 3⁰.
746 2036 793 2121 (7,
811 2036 892 2121 48').

241 2168 357 2251 760.
1152 2205 1248 2270 1544,
1268 2189 1308 2251 18
1322 2188 1505 2252 novembre.

233 2285 332 2353 Motu
356 2288 491 2373 proprio
515 2289 729 2374 providemus
756 2311 843 2375 mag.
867 2290 1002 2375 Rogero
1016 2290 1059 2356 de
1076 2289 1239 2356 Balehain
1255 2290 1298 2356 de
1314 2310 1387 2356 can.
1407 2297 1442 2355 et
1457 2292 1549 2375 preb.

186 2393 271 2456 eccl.
299 2390 529 2472 Cameracen„
545 2412 620 2459 vac.
644 2413 704 2479 per
729 2396 783 2459 ob.
806 2394 927 2478 Angeli
949 2392 1068 2471 Jacobi
1092 2393 1256 2459 Peoorarii
1273 2393 1315 2458 de
1331 2392 1476 2477 Tybae,
1493 2393 1548 2478 qui

186 2515 293 2580 nuper
317 2494 350 2559 in
375 2493 537 2561 Romanis
561 2496 710 2581 partibus
733 2497 822 2563 diem
846 2497 965 2563 clausit
980 2505 1178 2577 extremum,
1194 2497 1257 2561 nisi
1270 2498 1325 2581 jus
1339 2496 1437 2561 fuerit
1453 2497 1549 2561 alteri

187 2599 222 2662 in
238 2618 273 2662 re
289 2599 466 2684 quesitum.
483 2642 527 2651 -
543 2600 621 2666 Fiat
635 2609 731 2667 motu
747 2601 882 2686 proprio
898 2600 939 2665 R.

231 2700 311 2767 Dat.
327 2702 428 2766 Avin.
449 2723 486 2787 14
503 2703 571 2770 kal.
588 2703 660 2769 dec.
672 2712 705 2768 a⁰
722 2712 764 2787 3⁰.
782 2704 830 2787 (7,
849 2704 932 2785 60').

240 2838 478 2926 761-763.
841 2939 845 2954 1
1151 2874 1245 2937 1744,
1263 2876 1304 2917 22
1321 2854 1505 2918 novembre.

230 2956 331 3042 Supp.
356 2957 493 3042 Egidius
515 2957 558 3023 de
585 2957 702 3034 Puteo,
726 2958 889 3043 presbiter
911 2959 1082 3039 Leodien.,
1099 2966 1192 3043 quat.
1218 2957 1280 3023 sibi
1296 2957 1339 3023 de
1354 2958 1450 3023 altari
1479 2957 1548 3023 sive

185 3061 306 3146 capell.
320 3080 414 3146 perp.
442 3059 480 3126 B.
511 3059 694 3142 Genovefe,
718 3061 784 3127 sito
804 3062 837 3126 in
861 3062 943 3128 eccl.
960 3063 991 3128 S.
1008 3061 1175 3128 Leouardi
1192 3061 1234 3127 de
1250 3060 1370 3142 Lewis,
1387 3061 1548 3128 Leodien.

184 3163 283 3244 dioc„
300 3183 373 3229 vac.
390 3163 425 3227 in
442 3183 509 3228 cur.
527 3162 625 3228 Rom.
642 3183 702 3250 per
716 3172 860 3229 mortem
877 3164 968 3230 dom.
985 3164 1108 3229 Reneri
1132 3163 1175 3229 de
1199 3163 1425 3244 Cortonaken,
1441 3165 1497 3248 qui
1514 3165 1547 3228 in

183 3267 275 3334 dicta
299 3289 366 3333 cur.
391 3267 482 3333 diem
502 3267 622 3333 clausit
637 3275 823 3332 extremum
838 3290 847 3348 ;
876 3268 969 3353 cujus
984 3267 1141 3333 fructus...
1159 3287 1176 3350 5
1193 3288 1294 3334 marc.
1311 3288 1379 3350 arg.
1394 3269 1546 3332 valorem

186 3392 337 3436 annuum
356 3393 425 3438 non
442 3371 620 3451 excedunt,
646 3371 827 3455 dignemini
844 3372 1042 3458 providere3
1067 3392 1137 3438 non
1152 3375 1238 3437 obst.
1256 3371 1346 3456 quod
1363 3371 1452 3437 idem
1469 3370 1548 3455 Egi-

184 3475 259 3542 dius
276 3477 382 3540 altare
402 3475 434 3541 S.
450 3474 622 3541 Gertrudis
637 3475 671 3539 iu
688 3475 768 3541 eccl.
786 3474 946 3541 Leodien.
963 3485 974 3519 ³
989 3476 1137 3540 noscitur
1152 3475 1315 3540 obtinere.
1332 3473 1410 3539 Fiat
1427 3473 1467 3539 R.

230 3628 312 3688 762.
331 3621 429 3703 Item,
446 3622 566 3688 eodem
590 3621 701 3702 m0d0,
724 3641 819 3708 supp.
843 3620 863 3699 J
866 3622 1018 3688 ohannes
1033 3622 1076 3688 de
1092 3621 1200 3686 Puteo
1215 3632 1236 3700 ⁴,
1252 3622 1360 3706 presb.
1377 3618 1547 3698 Leodien.,

186 3735 279 3810 quat.
307 3727 367 3793 sibi
393 3727 435 3793 de
459 3746 552 3812 perp.
576 3727 653 3790 ben.
679 3723 830 3790 efficiaco
845 3747 976 3791 summe
991 3726 1091 3790 misse
1107 3726 1140 3789 in
1157 3725 1239 3791 eccl.
1256 3724 1287 3790 S.
1306 3722 1443 3787 Martini
1462 3721 1548 3788 Ruc-

186 3831 304 3912 censis,
315 3829 475 3896 Leodien.
496 3829 594 3908 dioc,
606 3828 787 3911 vulgariter
810 3837 1015 3915 nuncupato,
1039 3851 1081 3894 ex
1104 3850 1145 3893 eo
1168 3849 1242 3892 vac.
1266 3825 1358 3909 quod
1382 3824 1549 3890 Henricus

186 3931 318 4019 Copeis,
336 3941 425 3998 auct.
440 3932 627 3997 litterarum
648 3939 842 4013 vestrarum,
859 3953 934 3998 can.
951 3940 986 3997 et
1001 3935 1093 4017 preb.
1109 3932 1191 3996 eccl.
1208 3930 1239 3994 S.
1256 3929 1372 3994 Crucis
1388 3927 1548 3994 Leodien.

186 4046 238 4101 est
254 4045 436 4116 assecutus
452 4036 562 4101 eidem
577 4033 597 4112 J
600 4034 726 4099 ohanni
741 4035 924 4120 dignemini
941 4035 1117 4121 providere
1132 4057 1140 4114 ;
1158 4053 1226 4099 non
1243 4034 1329 4098 obst.
1346 4032 1436 4115 quod
1459 4031 1548 4096 idem

185 4137 206 4216 J
209 4139 363 4205 ohannes
385 4141 490 4205 altare
507 4138 561 4204 SS.
580 4137 699 4219 Mario,
723 4138 893 4205 Lamberti
922 4149 957 4205 et
973 4138 1076 4204 Blasii
1103 4140 1136 4202 in
1153 4138 1256 4203 domo
1272 4138 1441 4202 claustrali
1457 4136 1547 4201 dom.

187 4243 364 4329 Reginaldi
380 4243 422 4308 de
438 4241 622 4322 Barbecon,
640 4263 713 4308 can.
730 4242 891 4309 Leodien.
906 4251 927 4324 ⁵,
938 4243 1087 4309 noscitur
1103 4241 1265 4306 obtinere.
1277 4280 1319 4288 -
1332 4237 1408 4305 Fiat
1419 4238 1460 4304 R.

229 4395 310 4456 763.
337 4388 424 4455 Item
450 4410 546 4475 supp.
573 4391 692 4456 eodem
717 4390 819 4456 modo
842 4389 1041 4454 Lambertus
1056 4387 1220 4466 Johannis
1241 4386 1284 4452 de
1300 4384 1453 4470 Wasege,
1470 4385 1547 4450 cler.

221 4631 240 4678 l.
252 4630 318 4678 Jeon
329 4630 361 4679 do
372 4629 474 4678 Arcben
484 4635 511 4687 ιι·
524 4631 585 4676 1344
598 4631 610 4692 (
624 4645 696 4692 unm.
709 4629 825 4686 chronol„
840 4631 886 4676 166
899 4646 904 4686 ;
917 4629 950 4678 ef.
962 4629 1030 4678 Ano.
1051 4628 1105 4677 Soc.
1124 4627 1216 4686 116ιαῖ,
1230 4628 1254 4673 3·
1265 4624 1318 4679 se'r..
1332 4628 1351 4671 t.
1363 4627 1385 4682 5,
1397 4637 1422 4686 p.
1435 4625 1503 4684 20²).
1516 4654 1547 4660 --

183 4707 208 4751 2.
231 4703 329 4763 Kirocb,
350 4701 425 4760 Kato.
447 4716 471 4764 p.
492 4705 547 4762 266,
568 4705 602 4750 ob
621 4717 654 4750 on
673 4701 911 4752 nummorum
922 4701 1102 4759 θωπικαὶ.
1113 4701 1198 4761 vium.
1211 4715 1236 4748 n.
1248 4700 1364 4746 1996-
1383 4698 1406 4745 3.
1418 4697 1499 4746 Gilles
1515 4699 1547 4746 dr·

183 4777 271 4824 Puche
282 4781 319 4825 est
332 4775 384 4825 cite
395 4790 494 4825 comme
511 4776 645 4838 chapeloin
658 4775 682 4824 le
695 4778 724 4824 14
736 4775 831 4824 levrier
845 4777 906 4824 1348
919 4774 1133 4837 (Schooubroodt,
1147 4772 1296 4828 ror-Manto,
1309 4783 1334 4832 p.
1346 4770 1391 4831 68)
1403 4786 1409 4827 ;
1422 4770 1445 4818 lo
1456 4773 1484 4818 21
1504 4772 1546 4819 dd·

183 4850 286 4899 oembre
306 4851 367 4898 1364
388 4849 533 4912 (Bommns,
559 4849 700 4910 1v‚4on);
731 4850 751 4896 11
768 4855 873 4897 mourut
891 4853 973 4897 avant
992 4847 1016 4896 le
1035 4850 1067 4895 20
1086 4848 1226 4896 novembre
1246 4843 1310 4892 1370
1334 4841 1389 4902 (ib.
1416 4843 1487 4904 466).
1512 4873 1546 4880 --

183 4927 207 4970 4.
222 4919 297 4970 Fuere
308 4921 343 4970 du
356 4919 500 4985 precedent,
514 4923 570 4970 noir
583 4923 713 4984 Bnmnans,
727 4923 771 4982 IV,
784 4923 864 4972 index
875 4938 900 4987 p.
912 4924 968 4971 764.
979 4950 1012 4956 -
1028 4926 1052 4971 5.
1064 4921 1127 4970 Voir
1137 4937 1163 4972 u.
1176 4925 1230 4970 176.
