3650 5675
339 517 396 590 126
867 515 956 602 1318,
979 513 1019 587 29
1041 519 1168 588 octobre.

341 671 570 760 Raymundus,
589 669 679 758 quod
694 678 911 759 expectantes
926 671 1089 738 beneficia
1105 691 1133 738 0.
1145 691 1173 738 0.
1184 671 1237 737 vel
1254 691 1279 738 s.
1296 691 1335 753 0.,
1351 690 1393 737 ex
1408 689 1455 757 gr.
1472 669 1520 738 eis
1535 670 1622 739 fecta
1636 691 1696 758 per

340 778 371 843 S.
388 777 437 859 V.,
454 777 496 842 ad
512 778 608 843 coll...
622 777 722 863 episc.
733 777 923 864 supradicti,
940 775 982 843 de
997 777 1088 843 dicta
1103 778 1185 842 eccl.
1195 775 1237 842 de
1255 775 1475 842 Hondescota
1495 777 1556 842 sibi
1572 776 1695 842 faciant

339 881 515 968 provideri,
530 881 682 948 dicentes
697 880 788 966 quod
803 881 1007 966 permutatio
1017 881 1104 946 facta
1120 879 1162 945 de
1178 879 1268 946 diota
1284 881 1401 965 capell.
1418 901 1495 946 cum
1510 880 1600 946 dicta
1613 882 1693 946 eccl.

339 1005 407 1051 non
423 985 532 1050 tenuit
547 1006 608 1071 pro
624 1006 674 1066 eo,
692 985 769 1070 quia
784 986 874 1052 dicta
889 987 1007 1072 capell.
1024 985 1086 1051 fuit
1101 985 1272 1052 collationi
1289 984 1376 1050 sedis
1391 995 1508 1072 apost,
1529 995 1566 1051 ut
1586 985 1693 1072 predi-

339 1089 433 1170 citur,
449 1098 638 1170 reservata3
655 1110 761 1176 supp,
777 1099 867 1176 quat.
884 1090 927 1156 de
943 1091 1013 1176 ipsa
1025 1090 1106 1156 eccl.
1117 1090 1227 1156 eidem
1238 1088 1440 1175 Raymundo
1449 1089 1641 1174 dignemini,
1652 1089 1694 1155 ad

338 1193 524 1259 tollendum
535 1195 987 1281 omnedubium,providere.
997 1233 1040 1243 -
1051 1193 1127 1260 Fiat
1136 1194 1162 1259 si
1174 1214 1241 1259 non
1253 1193 1295 1259 sit
1307 1194 1401 1260 alteri
1414 1194 1467 1279 jus
1477 1193 1642 1278 quesitum
1653 1192 1693 1259 R.

382 1297 460 1363 Dat.
476 1298 576 1364 Acin.
594 1301 612 1364 8
628 1297 694 1364 kal.
710 1319 788 1364 nov.
804 1307 837 1364 a⁰
854 1307 896 1364 2⁰.
911 1301 959 1382 (3,
976 1298 1013 1364 P.
1030 1296 1075 1380 11,
1096 1300 1176 1382 10l).

389 1436 503 1518 560.
1347 1470 1442 1534 1543,
1460 1469 1500 1534 29
1513 1451 1650 1515 octobre.

382 1554 483 1642 Supp.
499 1553 518 1634 J
522 1556 672 1622 ohannes
686 1554 728 1621 de
745 1554 888 1622 Pistorio
904 1569 924 1636 ¹,
941 1556 1097 1622 minimus
1112 1555 1214 1620 famil.
1238 1563 1357 1635 uester,
1382 1564 1471 1639 quat.
1485 1554 1545 1620 sibi
1562 1553 1603 1619 de
1620 1574 1692 1620 can.

338 1661 419 1727 eccl.
437 1657 662 1739 cameracen„
678 1679 811 1725 necnon
826 1659 868 1725 de
883 1661 986 1745 preb„
1014 1681 1113 1745 quam
1129 1657 1149 1738 J
1152 1657 1294 1725 ordanus
1309 1658 1351 1724 de
1364 1657 1479 1740 Pilleo,
1496 1659 1575 1724 olim
1589 1649 1693 1745 ipsius

339 1765 420 1830 eccl.
445 1785 517 1829 can.
543 1766 635 1849 preb.
659 1777 681 1844 ²,
698 1763 753 1848 qui
779 1772 873 1830 extra
898 1763 996 1830 Rom.
1014 1779 1081 1831 cur.
1097 1764 1187 1830 diem
1214 1763 1331 1829 clausit
1358 1771 1554 1843 extremum,
1572 1764 1692 1850 inipso

337 1867 551 1934 Cameracen.
567 1868 746 1949 eccl.,dum
761 1869 900 1950 viveret,
913 1869 1138 1949 obtinebat,et
1153 1889 1212 1955 per
1227 1867 1691 1954 1113113011·1111931011100,

336 1992 398 2058 pro
424 1993 466 2037 eo
491 1972 568 2058 quia
593 1979 673 2038 ante
699 1971 801 2058 ipsius
827 1976 881 2039 ob.
904 1972 995 2039 dom.
1022 1971 1197 2050 Johannes
1220 1992 1307 2058 papa
1321 1969 1423 2036 XXII
1452 1970 1576 2037 dictam
1600 1973 1691 2057 preb.

321 2077 528 2155 reservavit,
545 2075 654 2141 eidem
670 2073 826 2157 Johanni,
843 2075 945 2142 famil.
962 2085 1084 2157 vestro,
1101 2075 1283 2162 dignemini
1299 2074 1497 2160 providere;
1521 2095 1589 2140 non
1606 2076 1691 2138 obst.

337 2179 427 2264 quod
444 2179 477 2244 in
494 2177 673 2246 Belvacen.
689 2201 729 2246 ac
750 2181 866 2266 majori
893 2189 929 2246 et
945 2181 976 2246 S.
993 2181 1182 2262 Salvatoris,
1199 2202 1237 2247 ac
1254 2181 1285 2245 S.
1301 2178 1321 2257 J
1324 2179 1466 2245 ohannis
1492 2178 1690 2264 Trajecten„

337 2303 470 2348 necnon
487 2281 709 2368 Hugardensl,
727 2282 886 2350 Leodien.
903 2285 1001 2366 dioc,
1019 2283 1177 2366 ecclesiis,
1195 2305 1269 2350 can.
1286 2293 1320 2349 et
1346 2287 1447 2369 preb,
1475 2304 1514 2349 ac
1540 2281 1692 2370 parrocb.

337 2387 418 2453 eccl.
434 2386 476 2452 de
494 2385 649 2468 Medeon,
666 2387 755 2453 dicte
772 2385 932 2454 Leodien.
948 2387 1046 2468 dioc„
1063 2389 1214 2454 obtinere
1229 2394 1396 2454 noscatur.
1416 2425 1448 2436 -
1470 2385 1547 2452 Fiat
1565 2386 1604 2453 R.

381 2489 456 2554 Dat.
472 2489 571 2557 Avin.
588 2515 607 2576 4
623 2489 689 2556 kal.
705 2511 783 2557 nov.
799 2501 832 2556 a⁰
849 2499 890 2558 2⁰.
905 2494 953 2577 (3,
967 2491 1003 2557 P.
1021 2490 1067 2573 ΙΙ,
1087 2493 1152 2576 12).

386 2626 495 2710 561.
1341 2663 1436 2729 1343,
1454 2665 1494 2726 29
1510 2644 1648 2708 octobre.

380 2745 435 2810 Sme
451 2745 560 2812 Pater.
578 2743 661 2812 Cum
675 2745 873 2814 Lambertus
888 2749 930 2815 de
947 2749 978 2815 S.
994 2749 1162 2830 Trudone,
1178 2747 1304 2815 dudum
1319 2741 1428 2816 rector
1442 2748 1593 2835 parroch.
1609 2748 1692 2812 eccl.

336 2851 378 2917 de
394 2851 535 2937 Ophers,
552 2850 711 2917 Leodien.
728 2853 825 2934 dioc„
842 2854 948 2940 ipsam
961 2856 1054 2935 eccl,
1069 2854 1183 2921 animo
1195 2854 1405 2941 permutandi
1416 2874 1491 2920 cum
1505 2850 1690 2927 Gosswino,

337 2954 417 3019 olim
432 2962 562 3019 rectore
588 2956 740 3040 parroclr.
772 2958 854 3023 eccl.
881 2958 913 3023 S.
930 2959 1072 3043 Agnetis
1095 2959 1128 3023 in
1153 2958 1353 3043 beghinagio
1379 2978 1483 3044 prope
1506 2956 1642 3043 opidum
1658 2954 1690 3018 S.

337 3058 512 3139 Trudonis,
529 3059 619 3125 dicte
634 3059 731 3141 dioc.‚
748 3062 966 3145 resignaverit
990 3064 1022 3128 in
1051 3064 1204 3129 manibus
1221 3063 1260 3129 R.
1277 3062 1313 3127 P.
1336 3062 1425 3127 dom.
1443 3059 1621 3138 Guillelmi,
1637 3057 1689 3121 tit.

338 3160 369 3226 S.
386 3160 545 3247 Stephani
562 3163 595 3228 in
620 3160 714 3229 Celio
736 3173 853 3231 monte
868 3169 977 3252 presb.
994 3167 1082 3233 card.
1098 3189 1107 3247 ;
1124 3167 1279 3252 idemque
1289 3166 1378 3232 dom.
1395 3163 1481 3230 card.
1495 3164 1600 3249 ipsam
1611 3160 1690 3226 resi-

336 3265 530 3350 gnationem
546 3288 588 3331 011
603 3286 702 3333 causa
717 3270 972 3353 permutationis
987 3270 1186 3355 hujusmodi,
1202 3271 1245 3337 de
1261 3290 1415 3356 expresso
1431 3267 1590 3333 mandato
1605 3264 1638 3329 S.
1650 3262 1691 3327 V.

338 3368 414 3433 vive
430 3370 523 3434 vocis
538 3372 672 3436 oraculo
687 3371 748 3436 sibi
765 3371 863 3453 facto,
880 3371 1011 3438 duxerit
1027 3373 1271 3440 admittendam
1287 3398 1294 3455 ;
1312 3394 1406 3460 supp.
1429 3373 1518 3439 idem
1534 3370 1692 3436 Lamber-

337 3480 400 3553 tus,
428 3481 516 3558 quat.
551 3474 679 3541 dictam
713 3476 864 3561 parroch.
891 3478 973 3543 eccl.
1003 3477 1046 3543 de
1079 3478 1210 3564 Opbcrs
1240 3480 1348 3544 eidem
1380 3476 1556 3544 Gossu’ino
1586 3480 1693 3559 apost.

337 3575 519 3660 dignemini
547 3586 635 3645 auct.
662 3579 833 3659 conferre;
861 3601 931 3645 non
957 3585 1041 3647 obst.
1069 3604 1267 3668 quacunque
1293 3583 1518 3648 reservatione
1543 3578 1691 3664 gemuel

338 3701 427 3766 spec.
440 3680 528 3747 facta
544 3681 586 3746 de
602 3683 693 3749 dicta
708 3683 790 3749 eccl.
806 3724 849 3732 —
865 3682 943 3749 Fiat
957 3684 996 3750 R.

381 3782 459 3850 Dat.
474 3786 574 3852 Avin.
591 3810 611 3872 4
627 3786 692 3853 kal.
708 3808 786 3854 nou.
802 3799 835 3855 a⁰
852 3798 894 3855 2⁰.
912 3792 960 3873 (3,
977 3789 1013 3856 P.
1031 3788 1076 3869 ΙΙ,
1095 3792 1174 3875 18‘).

387 3921 500 4005 562.
1345 3961 1439 4025 1345,
1456 3962 1497 4024 29
1514 3940 1650 4007 octobre.

381 4042 436 4104 Sl*
453 4041 562 4107 Pater.
579 4042 664 4107 Cum
692 4042 895 4124 Gosswinus,
912 4044 992 4108 olim
1017 4052 1127 4109 rector
1152 4044 1303 4129 parroch.
1331 4046 1412 4110 eccl.
1440 4044 1471 4109 S.
1495 4043 1635 4127 Agnetis
1660 4040 1692 4104 in

337 4144 537 4231 beghinagio
548 4166 654 4232 prope
671 4146 808 4232 opidum
824 4146 856 4212 S.
872 4146 1048 4227 Trudonis,
1062 4146 1221 4213 Leodien.
1237 4148 1334 4228 dioc.,
1348 4148 1452 4233 ipsam
1471 4149 1563 4227 eccl,
1580 4146 1693 4211 animo

337 4250 546 4334 permutandi
563 4270 640 4315 cum
656 4248 837 4316 Lamberto
851 4252 894 4315 de
910 4252 940 4315 S.
957 4250 1124 4332 Trudone,
1140 4251 1264 4318 dudum
1292 4260 1420 4318 rectore
1444 4251 1595 4338 parroclr.
1611 4252 1693 4316 eccl.

337 4353 380 4418 de
396 4354 538 4438 Ophers,
555 4354 644 4419 dicte
660 4353 757 4433 dioc„
773 4356 989 4439 resignaverit
1006 4356 1037 4419 in
1062 4356 1214 4420 manibus
1231 4356 1270 4421 R.
1288 4356 1324 4422 P.
1340 4356 1430 4421 dom.
1447 4356 1625 4435 Guillelmi,
1641 4355 1693 4419 tit.

338 4456 369 4520 S.
386 4457 544 4542 Stephani
563 4457 595 4520 in
620 4456 715 4523 Celio
738 4466 855 4523 monte
880 4460 988 4543 presb.
1005 4458 1103 4538 carol,
1126 4458 1253 4545 [cetera
1277 4468 1312 4523 ut
1329 4460 1361 4523 in
1387 4461 1495 4545 suppl.
1518 4456 1693 4545 preced.];

338 4582 432 4647 supp.
466 4562 554 4627 idem
592 4562 786 4627 Gossuinus
810 4573 901 4649 quat.
928 4564 1052 4630 dictam
1077 4566 1228 4650 parroclr.
1253 4567 1334 4630 eccl.
1367 4566 1397 4629 S.
1421 4564 1563 4647 Agnetis
1585 4561 1694 4626 eidem

340 4663 520 4731 lamberto
535 4666 577 4731 de
594 4660 799 4731 S.''l'rud0ne
814 4678 921 4752 apost.
938 4669 1118 4752 dignemini
1135 4676 1222 4735 auct.
1247 4670 1429 4735 conterre...
1452 4666 1587 4731 —Fiat
1612 4665 1651 4729 R.

382 4769 460 4836 Dat.
476 4771 576 4836 Ario.
592 4794 611 4855 4
628 4770 693 4835 kal.
709 4792 787 4836 nov.
803 4782 835 4836 a¹¹
852 4782 893 4838 2⁰.
911 4776 959 4857 (3,
978 4773 1013 4837 P.
1032 4771 1076 4855 ll,
1098 4777 1177 4853 18').

341 4900 591 4914 -—-fi————

372 4946 393 5014 1ss
403 4967 465 5017 roe
476 4982 501 5017 11.
515 4970 568 5028 171,
581 4970 636 5017 aro.
648 4994 680 5005 -
689 4972 714 5019 a.
732 4970 831 5033 ctoriae,
844 4987 868 5020 n.
881 4974 937 5021 ess.
