3650 5675
743 478 830 551 1344,
854 479 883 542 11
906 478 976 543 mai.
1484 481 1540 545 173

178 630 288 698 eidem
313 630 424 716 quoad
438 633 514 697 ben.
531 651 556 696 s.
573 650 601 695 c.
623 640 820 710 remaneret,
838 630 1047 696 assecutione
1063 631 1165 716 ipsius
1180 634 1261 698 eccl.
1277 654 1345 698 non
1362 636 1518 699 obstante
1532 656 1540 713 ;

178 756 220 801 ac
243 735 365 800 deinde
389 733 540 800 ordinem
565 731 824 800 subdiaconatus
845 734 1002 821 suscepit,
1029 756 1161 821 semper
1175 736 1219 801 de
1234 758 1292 804 sua
1315 738 1541 823 appellatione

180 839 335 906 confisus.
345 836 468 903 Verum
481 838 558 922 quia
574 837 663 902 idem
679 845 883 922 procurator,
900 837 943 903 de
959 838 1098 903 aliorum
1111 839 1376 925 jurisperitorum
1392 841 1541 921 consilio,

181 941 226 1008 ad
241 962 324 1027 quos
338 962 400 1028 pro
415 942 604 1027 hujusmodi
620 942 699 1009 facti
711 940 917 1008 discussione
928 942 1045 1007 habuit
1065 962 1244 1023 recursum,
1256 943 1336 1010 fecit
1347 964 1383 1009 se
1392 954 1405 979 ²
1414 944 1542 1009 absolvi

181 1066 241 1132 per
255 1045 428 1111 dominum
445 1045 583 1111 Petrum
603 1038 712 1126 Fabri,
728 1065 818 1111 nunc
833 1045 938 1110 totius
953 1065 1052 1110 cause
1068 1044 1265 1127 auditorem,
1282 1046 1316 1110 in
1332 1047 1439 1112 sonna
1462 1046 1544 1132 juris

180 1170 200 1215 a
230 1150 398 1215 sententia
428 1148 785 1215 excommunicationis
814 1148 978 1235 predicta,
1007 1150 1127 1214 nolens
1164 1150 1308 1235 amplius
1344 1150 1391 1216 sic
1424 1151 1544 1235 ligatus

179 1272 365 1334 remanere,
399 1274 462 1319 nec
499 1253 601 1318 finem
638 1252 850 1317 discussionis
887 1251 1053 1317 dictarum
1092 1252 1367 1337 appellationum,
1405 1273 1544 1337 quarum

181 1365 341 1421 eventum
358 1356 493 1421 finalem
522 1356 708 1436 dubitabat,
743 1363 932 1441 expectare.
956 1355 1058 1441 Supp.
1082 1354 1192 1421 dictus
1214 1355 1303 1421 card.
1328 1365 1418 1440 quat.
1435 1356 1545 1421 eidem

181 1461 399 1545 procuratori,
426 1460 483 1545 pio
510 1460 757 1546 compatientes
781 1458 916 1540 affectu,
943 1459 1034 1544 quod
1059 1459 1165 1544 possit
1188 1460 1221 1524 in
1244 1459 1337 1525 dicto
1351 1460 1544 1525 subdiacon.

183 1563 299 1630 ordine
319 1565 506 1630 ministrare
533 1572 567 1629 et
590 1563 634 1630 ad
655 1564 841 1649 superiores
856 1562 1047 1643 ascendere,
1064 1584 1104 1628 ac
1120 1562 1246 1629 dictam
1261 1564 1343 1629 eccl.
1360 1585 1401 1628 ex
1416 1564 1546 1649 prefata

184 1670 259 1735 coll.
286 1670 439 1750 retinere,
467 1679 502 1735 et
528 1670 642 1753 vigore
669 1678 779 1734 vestre
801 1668 907 1753 gratie
933 1667 1084 1753 predicte
1106 1670 1182 1732 ben.
1206 1667 1288 1732 alias
1310 1667 1371 1732 sibi
1394 1667 1544 1732 debitum

184 1772 325 1855 assequi,
351 1792 426 1837 cum
451 1772 598 1852 vacabit,
614 1771 796 1857 dignemini
819 1792 896 1837 cum
921 1792 963 1837 eo
987 1770 1188 1857 dispensare,
1209 1790 1250 1835 ac
1273 1771 1490 1836 collationem
1511 1779 1546 1835 et

183 1874 325 1960 gratiam
341 1874 507 1960 predictas
523 1876 628 1941 etiarn
644 1874 851 1955 confirmare,
868 1883 902 1939 et
918 1875 1001 1939 alias
1016 1875 1049 1939 in
1065 1874 1234 1959 premissis
1256 1874 1410 1939 omnibus
1424 1874 1546 1953 facere,

185 1978 267 2043 acsi
283 1978 375 2043 dicta
397 1978 754 2045 excommunicationis
776 1978 944 2044 sententia
958 1998 1131 2063 nunquam
1146 1977 1261 2043 fuisset
1277 1978 1311 2042 in
1327 1978 1436 2064 ipsum
1451 1980 1522 2042 lata
1538 2000 1546 2057 ;

186 2102 384 2165 quacunque
399 2082 640 2148 constitutione
656 2082 822 2147 contraria
840 2101 909 2147 non
926 2084 1012 2147 obst.
1027 2122 1072 2131 -
1086 2080 1305 2147 Providemus
1320 2082 1380 2147 sibi
1397 2082 1440 2147 de
1455 2080 1546 2147 dicta

186 2186 278 2265 eccl,
295 2194 330 2249 et
346 2186 500 2251 volumus
515 2185 605 2270 quod
623 2186 730 2269 gratie
746 2186 806 2251 sibi
823 2186 912 2250 facte
928 2188 1028 2250 robur
1043 2186 1229 2251 obtineant.
1247 2185 1287 2251 R.

232 2288 310 2353 Dat.
332 2290 431 2354 Avin.
456 2292 474 2354 8
499 2289 542 2355 id.
569 2290 648 2354 maii
675 2298 708 2354 a⁰
736 2298 777 2355 2⁰.
791 2290 842 2373 (4,
869 2291 962 2374 348')

240 2426 350 2506 728.
1257 2460 1352 2524 1344,
1370 2460 1408 2503 rr
1427 2462 1504 2505 inae.

231 2543 332 2630 Supp.
372 2543 509 2629 Egidius
537 2544 647 2609 dictus
677 2543 817 2609 Bridous
846 2544 888 2609 de
920 2542 1067 2627 Belaing,
1092 2543 1238 2608 seniens
1261 2563 1428 2607 annorum
1462 2542 1549 2627 regis

187 2646 339 2729 Francie,
367 2656 456 2731 quat.
484 2648 544 2713 sibi
570 2657 604 2713 et
628 2645 746 2728 Marie,
770 2648 840 2732 ejus
863 2647 1006 2731 conjugi,
1022 2646 1204 2731 dignemini
1220 2646 1389 2729 indulgere
1413 2644 1497 2731 [ind.
1515 2646 1548 2709 in

187 2760 249 2816 art.
265 2750 381 2838 mort]
399 2791 442 2799 -
459 2748 535 2816 Fiat
552 2750 593 2815 R.

232 2853 319 2919 Item
342 2874 436 2940 supp.
456 2864 547 2938 quat.
564 2855 812 2940 consanguineo
835 2875 905 2935 su0,
926 2853 1072 2932 Johanni
1088 2853 1130 2918 de
1146 2854 1177 2918 S.
1194 2853 1316 2934 Salvio,
1334 2854 1411 2918 cler.
1428 2851 1548 2917 Came-

185 2981 296 3026 racen.
312 2958 409 3041 dioc,
426 2959 468 3025 de
485 2981 559 3025 can.
576 2961 657 3025 eccl.
675 2962 792 3046 colleg.
811 2959 1068 3040 Rothnacensis,
1084 2958 1175 3024 dicte
1190 2957 1329 3038 dioc.,et
1345 2959 1437 3042 preb.
1457 2955 1547 3042 [vac.

185 3065 241 3128 vel
257 3062 383 3149 vacat]
401 3062 584 3148 dignemini
598 3063 783 3150 prouidere.
800 3104 843 3113 -
860 3063 947 3128 Fiat.
966 3062 1005 3128 R.

232 3168 311 3232 Dat.
334 3167 434 3233 Avin.
459 3187 475 3252 5
501 3169 545 3233 id.
567 3169 645 3234 maii
673 3177 705 3233 a⁰
730 3176 771 3234 2⁰.
789 3169 840 3252 (4,
859 3170 948 3254 346).

221 3355 250 3417 a)
266 3355 322 3404 tirel.
333 3356 464 3417 Fecitque.
