3650 5675
674 433 762 508 1348,
784 433 884 498 20-28
906 434 1072 498 novembre.
1488 437 1548 500 aab

189 587 372 675 dignemini
394 585 580 673 providere.
606 583 751 651 -Fiat
777 585 908 650 etiamsi
938 585 972 649 in
1000 586 1142 651 ecclesia
1169 586 1352 652 cathedrali
1376 607 1480 672 usque
1506 587 1549 652 ad

189 693 362 760 biennium
378 698 443 756 etc.
460 689 500 756 R.

233 796 313 862 Dat.
327 795 428 861 Avin.
448 814 485 859 12
501 793 568 859 kal.
584 794 655 861 dec.
671 801 705 858 a⁰
721 800 763 876 70.
780 794 851 877 (16,
867 793 952 877 410).

243 947 387 1030 1454.
1151 964 1247 1044 1348,
1264 981 1306 1024 20
1323 963 1505 1028 nonernbrc.

233 1067 357 1153 Supp...
373 1065 504 1151 Sergius
526 1063 700 1146 Domircii,
716 1065 828 1150 legum
854 1064 974 1130 doctor
1000 1085 1041 1130 ae
1067 1064 1180 1149 regine
1205 1063 1321 1130 Cicilie
1344 1073 1549 1151 procurator,

190 1169 280 1255 quat.
297 1168 475 1254 Baldoyno
492 1168 651 1254 Riquardi
668 1179 687 1250 ¹,
703 1169 888 1255 presbitero
912 1166 1080 1234 Morinen.
1106 1167 1204 1249 dioc,
1230 1167 1273 1233 de
1299 1188 1372 1234 ean.
1399 1176 1434 1233 et
1457 1172 1549 1255 preb.

190 1275 221 1341 S.
238 1273 328 1339 Petri
345 1271 558 1354 Casletensis,
581 1271 671 1337 dicte
694 1271 792 1352 dioc,
816 1292 889 1337 vac.
914 1293 973 1358 per
996 1274 1050 1338 ob.
1077 1271 1167 1336 Petri
1194 1270 1313 1349 Jacobi
1342 1269 1481 1338 Henrici
1507 1272 1549 1338 de

190 1375 294 1457 Urbe,
311 1377 367 1461 qui
384 1384 478 1441 extra
494 1375 620 1441 curiam
635 1374 725 1441 diem
741 1375 860 1441 clausit
884 1384 1115 1457 extremum...
1138 1375 1321 1458 dignemini
1348 1375 1524 1461 providere
1540 1399 1548 1456 ;

188 1501 258 1545 non
274 1483 360 1546 obst.
376 1479 467 1564 quod
483 1478 592 1546 dictus
615 1478 810 1564 Baldoynus
836 1480 973 1566 paroch.
990 1481 1071 1545 eccl.
1088 1479 1130 1545 de
1146 1477 1333 1544 Wonnoud
1347 1499 1388 1545 ac
1404 1481 1549 1566 capella-

189 1584 280 1649 niam
296 1583 330 1648 in
346 1585 429 1650 eccl.
445 1583 477 1649 S.
494 1583 643 1670 Sepulcri
659 1582 702 1648 de
720 1583 752 1649 S.
767 1583 972 1664 Audomaro,
988 1583 1079 1649 dicte
1095 1582 1192 1663 dioc,
1216 1583 1258 1648 de
1274 1583 1393 1667 quibus
1413 1592 1549 1670 propter

189 1693 350 1773 guerras·
364 1687 490 1753 ibidem
505 1687 697 1772 ingruentes
712 1687 852 1752 minime
867 1687 1021 1772 gaudeat,
1037 1687 1185 1753 noscitur
1210 1686 1494 1754 obtinere-Fiat
1510 1688 1551 1754 R.

235 1792 312 1857 Dat.
328 1792 428 1857 Avin.
449 1812 485 1856 12
502 1791 569 1857 kal.
584 1791 658 1857 dec.
674 1799 707 1857 a⁰
723 1798 766 1876 7⁰.
783 1792 853 1876 (16,
870 1792 940 1876 44).

243 1943 387 2027 1455.
1157 1960 1253 2043 1348,
1266 1979 1308 2022 20
1325 1962 1507 2025 novembre.

235 2063 358 2149 Supp...
374 2061 582 2142 Guillelmus,
599 2082 713 2129 comes
730 2061 981 2144 Namurcensis,
997 2070 1112 2148 quat...
1122 2063 1192 2148 ejus
1213 2063 1389 2150 capellano
1401 2071 1550 2130 etseme-

189 2167 276 2232 tario
289 2166 308 2245 J
311 2167 437 2232 ohanni
452 2165 495 2231 de
510 2165 718 2233 Bonavilla...
733 2166 776 2232 de
793 2188 867 2233 can.
883 2175 919 2234 et
933 2169 1026 2253 preb.
1043 2167 1183 2233 ecclesie
1199 2165 1239 2232 B.
1251 2164 1301 2232 M.
1316 2165 1550 2252 Trajectensis,

191 2269 352 2336 Leodien.
367 2269 465 2351 dioc„
480 2290 554 2335 vac.
570 2272 625 2335 vel
648 2264 760 2336 vacat.
787 2270 970 2355 dignemini
996 2270 1229 2356 providere...;
1254 2289 1322 2337 non
1350 2273 1437 2337 obst.
1462 2271 1551 2355 quod

190 2392 263 2437 can.
279 2380 315 2437 et
329 2373 422 2457 preb.
438 2372 473 2436 in
488 2372 569 2438 eccl.
585 2373 820 2453 Anthoniensi,
831 2373 1099 2460 [Cameracen]b
1114 2374 1212 2455 dioc„
1228 2375 1378 2440 noscitur
1390 2374 1550 2439 obtinere.

191 2515 235 2525 —-
251 2475 328 2540 Fiat
345 2475 408 2542 R...

235 2579 313 2644 Dat.
334 2579 433 2645 Avin.
461 2599 496 2643 12
513 2579 581 2644 kal.
597 2579 670 2644 dec.
687 2587 721 2644 a⁰
738 2587 780 2664 7⁰.
797 2579 811 2663 (
816 2579 867 2660 16,
884 2581 954 2663 47).

243 2732 389 2815 1456.
1154 2746 1248 2828 1348,
1266 2765 1307 2809 21
1324 2747 1507 2810 rzooembre.

235 2850 359 2938 Supp...
373 2849 554 2932 AmedeuS,
571 2871 685 2916 comes
701 2848 943 2930 Gebennensis,
960 2858 1053 2933 quat.
1073 2848 1240 2936 [familiari
1257 2869 1317 2915 suo
1327 2858 1362 2915 et
1374 2850 1551 2918 secretario

190 2954 340 3033 Johanni
365 2953 525 3021 Mallardi
549 2955 592 3019 de
617 2953 791 3020 Namurco
807 2964 828 3034 0,
847 2951 986 3039 clerico]
1013 2953 1178 3039 Lyodien.
1202 2953 1279 3021 dioc
1281 3003 1334 3035 .....
1348 2953 1391 3019 de
1415 2953 1550 3039 paroch.

190 3060 333 3125 ecclesia
360 3059 525 3140 Crussilie,
551 3058 748 3125 Gebennen.
772 3058 903 3138 dioc.‚...
930 3057 1114 3143 dignemini
1139 3057 1341 3143 providere;
1365 3078 1434 3128 non
1465 3061 1550 3125 obst.

190 3165 281 3247 quod
305 3165 414 3230 dictus
440 3163 614 3242 Johannes
639 3167 732 3248 preb.
758 3171 793 3227 et
818 3183 892 3228 can.
908 3163 940 3228 S.
963 3162 1057 3228 Pauli
1074 3162 1238 3248 Lyodien.
1256 3184 1297 3230 ac
1315 3162 1451 3249 paroch.
1467 3163 1549 3227 eccl.

190 3268 223 3333 S.
260 3267 408 3333 Silvestri
439 3266 670 3333 Gebennensis
706 3267 867 3345 obtineat,
899 3286 1000 3350 quam
1030 3268 1112 3333 eccl.
1143 3267 1175 3333 S.
1205 3267 1352 3334 Silvestn'
1382 3266 1550 3333 dimittere

189 3379 347 3436 teneatur·
360 3392 438 3438 cum
452 3371 543 3437 dicte
557 3370 709 3457 parroch.
732 3370 815 3437 eccl.
839 3369 977 3435 Crusilie
992 3370 1171 3456 pacificam
1193 3370 1438 3457 possessionem
1453 3370 1550 3435 fuerit

190 3483 392 3540 assecutus...
413 3473 537 3539 -Fiat
553 3474 593 3539 R.

235 3577 314 3643 Dat.
330 3578 429 3643 Avin.
450 3598 483 3642 11
503 3577 571 3643 kal.
587 3578 659 3642 dec.
677 3584 710 3641 a⁰
734 3584 776 3660 70.
791 3578 859 3661 (16,
876 3583 945 3662 45).

244 3732 386 3816 1457.
1152 3745 1248 3826 1348,
1265 3746 1311 3808 28
1323 3744 1505 3809 rzooernbre.

235 3849 358 3936 Supp...
374 3848 529 3934 Philippa
544 3847 586 3913 de
601 3845 738 3926 Baucio,
761 3846 899 3912 domina
922 3846 964 3913 de
990 3847 1169 3933 Apcheri0,
1197 3854 1313 3931 quat...
1341 3844 1481 3933 [Pontio
1496 3846 1549 3912 de

192 3952 401 4039 Ruppeforti‚
418 3951 602 4038 clen‘co‚]...
618 3950 661 4017 de
676 3970 751 4017 can.
764 3960 799 4016 et
810 3955 902 4038 preb.
916 3951 1134 4017 Cameracen.
1146 3951 1269 4016 vacad
1281 3971 1416 4037 presens
1426 3972 1485 4037 per
1494 3954 1548 4018 ob.

191 4056 320 4123 Cambii
335 4057 378 4123 de
394 4049 581 4138 Florencia,
598 4054 655 4139 qui
671 4055 704 4119 in
719 4055 868 4141 partibus
883 4054 1004 4121 Tuscia
1019 4054 1309 4135 decessit,etiamsi
1325 4054 1407 4121 dicti
1422 4076 1497 4121 can.
1514 4062 1549 4120 et

189 4163 302 4245 preb...
318 4161 452 4226 fuerunt
467 4159 671 4241 reservati...
686 4159 871 4243 dignemini
884 4158 1060 4245 providere
1076 4182 1084 4240 ;
1101 4180 1170 4225 non
1187 4163 1271 4227 obst.
1287 4156 1459 4225 beneficiis
1482 4178 1547 4243 que

190 4264 246 4329 hic
260 4265 385 4330 habere
399 4264 582 4349 dignemini
598 4284 659 4349 pro
682 4263 854 4348 expressis,
871 4265 926 4327 vel
942 4264 1062 4349 ipsein
1087 4264 1283 4329 cancellaria
1305 4272 1417 4329 vestra
1440 4262 1547 4349 expri-

191 4387 281 4432 mere
296 4368 412 4453 possit.
1477 4384 1478 4389 ’

234 4471 313 4537 Dat.
328 4472 429 4537 Avin.
445 4468 548 4556 4'kal.
566 4471 640 4539 dec.
656 4479 689 4536 a⁰
706 4479 747 4555 7⁰.
765 4473 834 4556 (16,
852 4471 934 4556 790).

224 4676 251 4736 n)
268 4674 325 4725 (inl.
335 4690 429 4737 genna.
441 4703 474 4711 —
484 4675 514 4738 b)
531 4674 587 4725 (bd.
598 4676 675 4726 dicte.
687 4703 720 4711 -
730 4675 757 4737 c)
773 4674 829 4724 dbd.
841 4674 976 4725 Namuleo.

225 4865 246 4911 l.
259 4862 320 4911 Voir
331 4878 356 4912 n.
369 4864 439 4922 1201,
453 4864 523 4911 1297.
