3650 5675
725 531 816 621 ‚raet
841 530 891 593 aa
913 532 994 595 aon.
1481 534 1542 597 583

230 684 315 751 Item
332 685 548 751 collationem
567 686 688 752 laetam
705 682 843 769 Symoni
861 680 1007 759 Cauwel,
1029 682 1222 766 presbitero,
1239 682 1280 745 de
1306 683 1450 748 secunda
1465 705 1541 769 por-

185 789 276 853 tione
292 789 427 873 paroch.
444 790 584 853 ecclesie
600 790 641 853 de
661 787 891 862 Hondescota,
911 783 1077 849 Morinen.
1094 785 1192 864 dioc,
1208 805 1281 849 vac.
1297 806 1356 869 per
1372 787 1511 853 obitum.

229 891 313 957 Item
331 893 546 958 collationem
564 893 685 958 factam
703 890 880 955 Francisco
897 887 1059 955 Bacheler
1085 888 1127 953 de
1150 908 1225 953 can.
1241 896 1276 952 et
1291 892 1383 973 preb.
1400 892 1540 955 ecclesie

186 993 396 1076 Nivellensis,
413 994 571 1061 Leodien.
587 996 683 1077 dioc,
701 1016 773 1060 rac.
791 1013 849 1079 per
866 994 919 1057 ob.
935 991 1076 1061 Antonii
1092 991 1173 1057 dicti
1191 990 1335 1057 Badee...
1347 994 1417 1077 (21,
1435 997 1526 1077 ror')

228 1136 337 1200 2247.
354 1133 441 1200 Item
457 1134 672 1200 collationem
688 1132 814 1198 factam
842 1128 988 1195 Nicolao
1009 1128 1101 1195 dicto
1116 1128 1263 1209 Tenien,
1279 1130 1473 1215 presbitero,
1496 1132 1538 1197 de

184 1258 257 1302 can.
273 1247 307 1302 et
323 1241 414 1323 preb.
442 1238 473 1304 S.
490 1237 578 1304 Petri
602 1236 758 1316 AriensiS,
787 1232 954 1299 Morinen.
982 1232 1077 1312 dioc,
1099 1253 1172 1298 vac.
1198 1254 1257 1319 per
1280 1234 1537 1319 resignationem

183 1360 280 1405 causa
295 1342 553 1426 permutationis
569 1341 654 1406 inter
671 1342 777 1426 ipsum
794 1346 829 1402 et
843 1335 862 1414 J
867 1338 1037 1405 ohannem
1051 1338 1180 1402 dictum
1197 1337 1274 1403 Hac
1293 1348 1311 1419 ¹,
1327 1358 1404 1404 cum
1428 1342 1538 1426 capel-

182 1444 269 1509 lania
286 1444 316 1509 S.
334 1445 424 1511 Petri
440 1446 474 1510 in
490 1447 572 1511 eccl.
589 1446 620 1511 S.
638 1442 790 1509 Marcelli
804 1442 900 1526 juxta
917 1439 1071 1507 Parisios.

226 1546 312 1613 Item
328 1548 545 1614 collationem
561 1549 686 1615 factam
705 1546 850 1613 Nicolao
865 1545 906 1610 de
931 1544 1030 1611 Barla
1054 1545 1096 1611 de
1121 1567 1193 1612 can.
1218 1554 1253 1611 et
1279 1549 1370 1632 preb.
1395 1548 1427 1612 S.
1450 1547 1538 1613 Piati

182 1650 392 1732 Sicliniensis,
409 1652 594 1718 Tornacen.
611 1652 708 1731 dioc,
729 1670 789 1736 per
804 1648 1065 1733 resignationem
1090 1670 1132 1714 ex
1159 1669 1257 1716 causa
1283 1652 1538 1736 permutationis

183 1755 269 1820 inter
283 1756 392 1840 ipsum
407 1765 443 1821 et
458 1755 651 1835 Johannem
669 1755 746 1821 Hac
764 1756 832 1837 (21,
853 1752 940 1837 102).

225 1895 337 1959 2248.
355 1891 443 1959 Item
459 1870 676 1960 collationem
692 1893 817 1959 factam
834 1890 1004 1957 Willelmo
1019 1891 1113 1959 dicto
1127 1892 1170 1957 de
1186 1891 1350 1958 Geldonia
1370 1894 1413 1959 de
1428 1904 1538 1959 custo-

182 1996 235 2062 dia
249 1997 389 2063 ecclesie
407 1996 441 2063 N
443 1997 620 2079 ivellensis,
637 1996 797 2063 Leodien.
813 1994 910 2075 dioc,
927 2015 1000 2061 rac.
1024 2015 1084 2080 per
1110 1996 1369 2081 resignationem
1396 1997 1536 2063 Bartho-

180 2100 281 2164 lomei
298 2099 516 2169 Salomonis...

223 2238 309 2303 ltem
325 2239 543 2305 collationem
560 2241 682 2306 factam
699 2238 849 2305 Henrico
864 2238 906 2304 de
931 2237 1038 2323 Hoyo
1063 2239 1106 2304 de
1132 2259 1205 2305 can.
1230 2248 1264 2306 et
1288 2244 1379 2326 preb.
1396 2243 1536 2307 ecclesie

180 2340 210 2407 S.
227 2341 320 2407 Pauli
338 2341 499 2411 Leodien.
514 2365 586 2411 vac.
612 2364 671 2430 per
696 2343 958 2427 resignationem
983 2364 1024 2406 ex
1049 2363 1147 2408 cansa
1173 2345 1427 2429 permutationis
1449 2346 1537 2409 inter

179 2444 286 2530 ipsum
302 2455 336 2511 et
352 2445 569 2515 Godefridum
585 2448 627 2513 de
644 2446 780 2513 Nivella
795 2456 807 2481 ²
822 2466 898 2512 cum
915 2446 1100 2530 capellania
1127 2446 1181 2513 SS.
1197 2446 1375 2512 duodecim
1401 2456 1535 2533 aposto-

180 2549 286 2613 lorum
302 2550 365 2615 sita
381 2551 414 2615 in
431 2553 550 2617 eadem
566 2553 598 2617 S.
615 2551 708 2617 Pauli
725 2551 876 2616 ecclesia.
892 2590 936 2598 —
953 2549 1028 2614 Fiat
1046 2549 1086 2614 R.

223 2650 299 2719 Dat.
316 2654 415 2720 Avin.
434 2676 450 2719 2
468 2655 534 2721 kal.
551 2676 624 2739 aug.
641 2662 675 2719 a⁰
696 2662 756 2721 10⁰.
772 2655 842 2737 (21,
863 2656 963 2737 roal).

229 2790 376 2875 2249.
1254 2823 1349 2887 1351,
1367 2827 1385 2869 2
1402 2810 1491 2872 nortl.

221 2910 323 2996 Supp.
341 2909 500 2994 Rogerius
516 2910 558 2974 de
585 2909 758 2976 Belloforti
786 2917 876 2992 quat.
906 2906 1123 2994 [cambreno]
1153 2927 1214 2972 suo
1238 2907 1411 2975 Bemardo
1437 2909 1535 2997 May·

179 3014 283 3094 nardi,
300 3014 421 3080 clerico
437 3013 649 3079 Xanctonen.
664 3014 762 3092 dioc,
779 3033 853 3077 can.
869 3021 904 3077 et
920 3015 1011 3097 preb.
1028 3011 1169 3077 ecclesie
1185 3012 1215 3077 S.
1233 3010 1348 3077 Crucis
1357 3013 1402 3078 du
1412 3013 1534 3100 Lieige‚

177 3117 335 3184 Leodien.
350 3118 448 3197 dioc,
461 3139 533 3184 vac.
543 3139 602 3203 per
615 3126 758 3183 mortem
774 3114 793 3194 J
797 3117 941 3182 ohannis
952 3115 1033 3182 dicti
1045 3115 1218 3182 Haufania
1228 3117 1311 3201 ³,qui
1322 3125 1417 3182 extra
1432 3119 1528 3184 Rom.

179 3222 303 3287 curiam
318 3221 407 3287 diem
424 3222 542 3288 clausit
559 3230 754 3300 extremum,
772 3219 922 3286 conferre
940 3220 1132 3305 dignemini.
1148 3261 1192 3270 -—
1208 3219 1283 3286 Fiat
1300 3221 1341 3288 R.

219 3325 297 3390 Dat.
312 3326 412 3392 Avin.
429 3351 449 3411 4
466 3347 545 3392 non.
562 3347 636 3410 aug.
653 3333 685 3389 a⁰
706 3333 767 3390 10⁰.
785 3325 798 3408 (
802 3327 857 3405 21,
879 3327 968 3408 113).

230 3462 376 3544 2250.
1255 3495 1349 3560 1351,
1366 3500 1384 3561 ,ι
1402 3485 1490 3543 nortl.

221 3579 322 3666 Supp.
345 3579 517 3659 Johannes
542 3578 659 3644 Clerici
687 3579 729 3644 de
757 3579 973 3664 Guignicurte
989 3592 1009 3661 ⁴,
1038 3577 1234 3644 Laudunen.
1261 3581 1358 3661 dioc,
1386 3580 1418 3645 in
1444 3581 1532 3646 curia

177 3691 287 3748 restra
303 3682 458 3748 Romana
474 3693 679 3769 procurator,
697 3691 788 3767 quat.
811 3683 854 3748 de
868 3684 1006 3770 paroch.
1022 3684 1105 3749 eccl.
1119 3684 1162 3748 de
1178 3683 1302 3768 Helpa,
1319 3683 1532 3750 Cameracen.

175 3786 272 3866 dioc,
289 3807 363 3851 vac.
379 3807 437 3872 per
453 3788 506 3851 ob.
523 3785 630 3851 ultimi
646 3788 794 3867 rectoris
812 3789 866 3872 qui
884 3787 918 3851 in
936 3807 1026 3852 anno
1042 3784 1080 3850 L.
1091 3787 1242 3871 proxime
1254 3789 1414 3872 preterito
1430 3789 1462 3853 in
1480 3789 1531 3852 iti-

176 3909 254 3955 nere
281 3889 434 3955 Romano
460 3909 596 3975 peregre
621 3891 833 3976 proficiscens
868 3891 958 3956 diem
989 3890 1106 3955 clausit
1136 3900 1333 3973 extremum,
1348 3892 1530 3976 dignemini

175 3994 362 4079 providere.
377 4035 420 4043 —
437 3993 512 4058 Fiat
531 3993 570 4058 R.

219 4096 297 4162 Dat.
313 4097 413 4162 Avin.
432 4117 448 4161 2
466 4118 544 4162 non.
561 4117 635 4182 aug.
652 4105 685 4163 a⁰
705 4107 764 4164 10⁰.
782 4101 853 4183 (21,
871 4099 940 4182 97).

227 4235 527 4320 2251-2254.
1253 4255 1487 4334 manserant.

219 4356 320 4441 Supp.
336 4353 508 4433 Jolrannes
524 4353 663 4418 Artaudi
680 4361 700 4434 ⁵,
717 4354 884 4437 equitator
909 4353 1035 4418 domini
1060 4353 1144 4436 regis
1162 4351 1311 4434 Francie,
1328 4363 1418 4439 quat.
1434 4355 1529 4441 [con-

175 4459 358 4542 sanguineo
373 4479 434 4524 sno
450 4457 610 4522 Eustacio
627 4456 776 4536 Comitis,
804 4455 1005 4541 presbitero]
1038 4454 1204 4522 Morinen.
1229 4458 1326 4538 dioc,
1352 4460 1394 4524 de
1418 4461 1529 4543 aliquo

175 4565 250 4627 ben.
267 4564 349 4628 eccl.
366 4584 394 4628 c.
411 4583 440 4627 c.
457 4563 509 4626 rel
526 4583 551 4626 s.
568 4581 606 4640 c.,
624 4569 798 4645 spectante
822 4561 864 4626 ad
883 4560 1099 4626 collationem
1126 4570 1190 4626 etc.
1218 4562 1375 4646 episcopi,
1398 4563 1528 4644 decani,

175 4674 209 4729 et
226 4665 362 4750 capituli
378 4666 648 4750 singulorumque
665 4665 903 4729 canonicorum
921 4664 1061 4728 ecclesie
1079 4661 1255 4747 Morinen.,
1273 4667 1374 4730 etiam
1402 4667 1427 4730 si
1445 4667 1527 4732 infra

213 4900 234 4946 l.
247 4898 343 4948 Mollat.
357 4913 382 4948 n,
395 4900 465 4948 9137.
478 4925 509 4933 -
527 4901 549 4947 2.
563 4901 623 4947 l'oir
634 4914 658 4948 n.
671 4902 742 4950 2007.
755 4925 786 4933 -
804 4901 825 4946 3.
843 4901 883 4946 Au
901 4913 927 4948 n.
940 4901 1003 4948 2266
1021 4901 1039 4947 il
1052 4906 1089 4948 est
1101 4900 1192 4964 appele
1204 4901 1236 4948 de
1250 4901 1375 4949 Hermio.
1387 4929 1418 4938 —
1430 4903 1454 4950 l.
1474 4903 1533 4949 l'oir

177 4987 203 5021 n.
217 4975 286 5022 1370.
298 5001 330 5010 -
342 4977 366 5021 ῦ.
384 4973 444 5020 l'oir
457 4987 481 5021 n.
497 4976 567 5022 1215.
