3650 5675
273 458 335 532 376
780 456 869 537 1343,
892 463 933 526 13Γ
953 460 1125 540 septembre.

274 620 510 685 commensalis
524 608 605 685 dicti
622 617 723 699 card,
739 616 773 683 in
799 614 920 682 eadem
947 614 1088 680 ecclesia
1115 613 1195 679 dum
1219 613 1349 678 viveret
1373 615 1560 698 obtinebat,
1575 637 1634 703 per

274 723 403 788 obitum
419 723 520 808 ipsius
535 722 625 808 apud
639 721 754 787 sedem
768 718 877 806 apost.
888 725 972 783 tunc
983 717 1193 798 vacantibus,
1205 717 1335 803 pridem
1351 717 1383 784 S.
1399 718 1472 805 ipsa
1487 721 1634 806 providit

275 824 435 892 Michaeli
450 826 493 892 de
509 825 671 905 Conchla,
687 818 863 910 capellano
879 823 1033 888 familiari
1050 829 1085 886 et
1101 823 1321 888 commensali
1338 823 1513 890 cardinalis
1522 825 1633 911 ipsius,

273 930 332 995 sed
355 929 542 1015 hujusmodi
568 928 716 1016 provisio
742 936 888 993 nonest
914 927 1032 992 sortita
1058 946 1122 992 nec
1149 927 1305 992 sortietur
1331 927 1499 1010 effectum,
1525 949 1568 994 ex
1591 950 1633 996 eo

274 1035 364 1118 quod
378 1033 487 1100 dictus
504 1033 652 1100 Michael
669 1055 744 1098 eam
759 1053 828 1099 non
845 1032 975 1099 curavit
990 1032 1271 1117 prosequineque
1287 1039 1392 1111 curat.
1417 1031 1518 1118 Supp.
1534 1032 1633 1118 igitur

273 1138 448 1204 cardinalis
473 1138 643 1224 predictus
665 1145 756 1222 quat.
783 1135 974 1203 conferendi
1002 1134 1066 1201 hac
1091 1135 1176 1216 vice,
1204 1135 1404 1201 auctoritate
1429 1144 1550 1218 vestra,
1575 1136 1632 1202 uni

273 1262 415 1328 persone
431 1241 473 1307 de
488 1262 609 1327 genere
625 1261 697 1323 suo,
712 1241 792 1307 licet
803 1261 872 1306 non
885 1239 1065 1305 excesserit
1074 1239 1310 1305 duodecimum
1321 1260 1379 1305 sue
1394 1240 1493 1305 etatis
1508 1261 1632 1306 annum

273 1345 307 1410 in
324 1367 391 1430 quo
407 1347 590 1412 constituta
606 1344 729 1424 existit,
745 1343 899 1429 Burgen,
916 1343 951 1408 et
960 1343 992 1410 S.
1008 1342 1167 1424 Severini,
1184 1341 1402 1429 Burdegalen.
1418 1344 1632 1410 ecclesiarum

273 1450 452 1515 canonicat
453 1471 491 1514 us
438 1458 540 1515 tet
555 1449 745 1536 prebendas
759 1434 938 1534 predictos
955 1468 1031 1513 cunr
1044 1447 1269 1533 prestimoniis
1282 1455 1317 1512 et
1328 1447 1633 1532 prestimonialibus

271 1553 490 1638 portionibus,
518 1560 553 1618 et
576 1550 648 1618 aliis
671 1553 822 1652 personis
847 1551 1000 1638 ydoneis,
1027 1570 1108 1635 quas
1133 1550 1177 1616 ad
1202 1551 1269 1617 hoc
1293 1549 1425 1616 duxerit
1451 1551 1631 1636 eligendas

271 1677 386 1721 earum
402 1656 547 1741 singulis,
563 1658 666 1722 etiam
681 1677 708 1721 sr
700 1655 842 1722 eedem
854 1643 954 1736 aliud,
965 1656 1019 1719 vel
1031 1654 1098 1720 alia
1110 1653 1187 1736 due,
1203 1654 1332 1720 veltria
1347 1674 1405 1720 seu
1420 1655 1515 1740 plura
1529 1657 1631 1720 bene-

271 1758 347 1826 ficia
362 1760 645 1842 ecclesiasticae.
662 1779 691 1826 o.
707 1761 803 1826 vels.
820 1781 860 1839 0.,
883 1750 1071 1839 obtineant,
1095 1778 1199 1822 unum
1213 1758 1269 1822 vel
1284 1757 1361 1839 duo,
1384 1765 1457 1823 tam
1472 1757 1514 1823 de
1528 1761 1630 1824 bene-

271 1863 354 1929 ficiis
370 1864 443 1929 aliis
458 1863 657 1930 vacantibus
672 1862 880 1949 supradictis
897 1846 990 1927 etde
1006 1863 1124 1946 quibus
1146 1861 1305 1947 predictis
1327 1861 1393 1927 suis
1416 1861 1631 1928 familiaribus

269 1987 330 2052 per
345 1967 377 2032 S.
393 1966 433 2031 E.
449 1968 532 2032 alias
547 1968 718 2053 provisum
744 1965 866 2048 extitit,
890 1973 928 2031 ut
954 1965 1126 2052 prefertur,
1144 1987 1244 2051 quam
1268 1965 1372 2030 etiam
1397 1964 1439 2031 de
1459 1966 1630 2032 beneficiis

270 2069 515 2151 ecclesiasticis,
532 2071 558 2135 si
575 2091 640 2155 que
655 2068 745 2135 dicte
760 2090 903 2155 persone
918 2070 1032 2134 taliter
1055 2069 1208 2154 eligende
1230 2076 1384 2155 tempore
1400 2069 1552 2136 faciende
1568 2071 1629 2137 sibi

270 2173 459 2240 collationis
473 2172 663 2259 hujusmodi
680 2170 888 2254 obtinebant,
904 2181 939 2237 et
955 2193 1019 2257 que
1032 2193 1091 2258 per
1103 2173 1348 2239 assecutionem
1363 2173 1539 2260 pacificam
1554 2195 1630 2261 pos·

270 2277 426 2342 sessionis
456 2277 706 2358 beneficiorum,
737 2285 775 2342 ut
803 2262 1019 2363 premittitur,
1047 2276 1326 2342 conferendorum
1352 2277 1478 2343 eisdem
1507 2297 1629 2344 vacare

270 2381 455 2466 continget,
467 2382 568 2446 etiam
581 2381 608 2447 si
621 2402 756 2467 que‚seu
768 2381 794 2446 si
811 2375 901 2465 quod
917 2401 958 2444 ex
972 2379 1144 2446 beneficiis
1159 2379 1356 2466 supradictis
1368 2381 1584 2447 canonicatus
1595 2389 1629 2447 et

269 2480 439 2570 prebende
454 2486 696 2552 cathedralium
719 2498 778 2552 seu
802 2472 1054 2568 collegiatarum
1079 2485 1305 2565 ecclesiarum,
1330 2492 1387 2549 aut
1413 2484 1628 2570 archipresbi-

268 2597 395 2654 teratus
410 2588 469 2654 seu
484 2588 812 2675 archipresbiterales
826 2587 968 2654 ecclesie
992 2588 1125 2668 fuerint,
1141 2595 1176 2652 et
1199 2608 1315 2667 curam
1336 2587 1486 2653 habeant
1502 2587 1628 2653 anima-

268 2713 353 2774 rum,
369 2700 404 2758 et
419 2692 618 2779 providendi
632 2693 676 2758 de
692 2678 756 2759 illis
779 2693 844 2758 hac
867 2693 952 2773 m'ee,
979 2691 1162 2777 dignemini
1189 2692 1281 2758 dicto
1308 2691 1467 2758 cardinali
1491 2693 1626 2778 plenam

270 2795 454 2861 concedere
471 2796 678 2879 facultatem,
705 2815 783 2863 cum
809 2816 879 2862 non
903 2786 1115 2862 obstantibus
1139 2803 1174 2861 et
1201 2795 1355 2862 clausulis
1382 2793 1564 2881 oportuniS,
1589 2815 1628 2861 ac

270 2899 511 2966 executoribus.
527 2941 571 2949 —
586 2887 664 2967 Fiat
681 2901 722 2967 R.

314 3001 395 3067 Dat.
411 3003 510 3069 Avin.
529 3024 545 3088 5
562 3003 628 3069 kal.
643 3012 730 3091 sept.
746 3012 780 3070 a⁰
797 3012 839 3089 7⁰.
856 3004 927 3085 (15,
945 3004 1034 3089 209).

324 3176 462 3259 1413.
1229 3187 1324 3269 1348,
1341 3192 1383 3251 10‘
1398 3179 1587 3273 septembre.

315 3292 457 3380 Supp....
491 3287 673 3379 Pllilippus,
703 3309 762 3357 rex
790 3290 941 3374 Frende,
969 3298 1060 3377 quat.
1086 3290 1177 3356 fratri
1203 3290 1304 3355 Petro
1326 3290 1368 3356 de
1393 3288 1510 3377 Longa
1530 3310 1630 3375 aqua,

270 3396 440 3462 monacho
456 3396 487 3461 S.
504 3382 659 3488 Dyonisii
676 3396 709 3461 in
726 3387 879 3478 Francia,
891 3396 938 3461 Ὁ.
955 3395 986 3460 S.
997 3392 1047 3476 B,
1058 3394 1215 3461 Parisien.
1226 3394 1323 3475 dioc,
1336 3394 1428 3461 fratri
1438 3415 1630 3480 germano...

341 3499 508 3586 Radulphi
536 3499 579 3565 de
605 3498 722 3585 Longa
744 3510 843 3584 aqua,
870 3500 1000 3565 abbatis
1029 3498 1223 3564 monasterii
1247 3498 1490 3583 Aquiscinctini
1507 3509 1525 3579 ¹,
1549 3498 1630 3564 dicti

272 3604 405 3684 ordinis,
420 3605 451 3668 A
453 3608 617 3670 trebate'n.
632 3595 719 3670 dioc.
722 3604 967 3689 ‚,..presbltero
975 3603 1039 3668 de
1051 3603 1199 3690 prioratu
1210 3611 1244 3668 et
1253 3602 1510 3689 preposituraS
1527 3601 1631 3668 Geor-

268 3708 315 3792 'gii
327 3708 423 3792 juxta
440 3706 631 3787 Hisdinum,
657 3706 779 3804 prefati
805 3702 886 3786 ord,
917 3690 1085 3771 Morinen.
1101 3706 1232 3773 dioc...
1182 3757 1232 3788 .‚...
1256 3728 1328 3773 vac.
1345 3705 1387 3772 ad
1410 3726 1547 3793 presens
1570 3725 1630 3790 per

272 3812 400 3875 obitum
411 3809 580 3893 quondam
593 3805 654 3894 Hp
644 3806 773 3874 ebali
745 3829 866 3895 ipsius
877 3810 1063 3895 prioratus
1067 3810 1214 3896 prioris.
1218 3810 1413 3895 dignemrnr
1423 3826 1629 3897 providere

271 3952 314 3964 -—
331 3912 408 3979 Fiat
424 3912 464 3978 R
482 3934 559 3978 cum
573 3904 790 3978 translatione
807 3910 848 3979 R.

315 4017 396 4084 Dat.
418 4018 519 4084 Avin.
541 4016 609 4084 kal.
632 4026 717 4103 sept.
741 4018 774 4082 'a‘'
797 4023 865 4101 7⁰.²
882 4012 956 4103 ’(15,
975 4019 1077 4103 2141).

304 4230 331 4287 a)
345 4226 419 4274 Cette
430 4224 607 4287 suppliquese
616 4222 733 4272 trdbrait
744 4224 812 4272 aussi
824 4222 859 4271 a‘u
870 4222 916 4273 fol.
929 4222 976 4272 212
984 4228 1003 4284 V,
1017 4226 1082 4272 mals
1093 4221 1185 4273 cassee.
1199 4222 1239 4272 En
1251 4236 1338 4283 merge
1349 4236 1382 4270 on
1393 4220 1426 4269 lit
1441 4235 1447 4268 :
1469 4218 1550 4267 Vacat
1566 4219 1629 4281 quia

271 4303 410 4361 regenerata
421 4302 456 4346 eet
468 4297 535 4345 alibi
545 4297 665 4359 teser-ine.

304 4532 465 4582 tremulae
479 4532 582 4593 Longae
593 4536 662 4593 aqua
674 4531 745 4579 aruit
758 4530 893 4594 'templsce
912 4530 1024 4581 amedee
1036 4532 1071 4580 dc
1083 4530 1154 4593 Lery
1165 4528 1210 4579 des
1226 4530 1249 4579 le
1262 4533 1284 4581 6,
1296 4528 1390 4579 ferricr
1408 4530 1470 4577 1317
1493 4530 1559 4593 (roir
1569 4526 1629 4591 plus

270 4609 343 4668 baut,
354 4622 381 4655 n.
394 4610 432 4667 82,
444 4612 504 4655 note
517 4606 550 4665 3).
560 4603 602 4652 On
610 4604 638 4655 'le
647 4614 786 4655 renoontre
797 4618 888 4656 encore
896 4607 964 4656 dams
976 4608 1012 4655 les
1027 4606 1186 4668 obligatione
1203 4605 1323 4666 (Archiv.
1345 4604 1434 4662 Vatic,
1454 4607 1472 4650 t.
1485 4604 1524 4661 32,
1536 4602 1555 4651 f.
1567 4603 1627 4663 68¹).

269 4681 294 4731 le
305 4684 337 4730 23
348 4680 483 4729 ‹lecembre
495 4679 566 4727 1360.
577 4676 613 4725 Le
629 4678 719 4727 Gallia
740 4680 835 4739 ebriat,
857 4682 919 4745 iffls
933 4684 997 4741 415),
1022 4680 1045 4729 le
1066 4682 1115 4729 fait
1133 4680 1230 4727 mourir
1250 4693 1282 4727 en
1300 4680 1369 4727 1369.
1391 4678 1426 4726 Le
1448 4676 1537 4725 Gallia
1555 4682 1580 4724 et
1593 4676 1629 4725 Le

269 4755 337 4817 Glay
349 4754 490 4818 (Uarrrerae.
509 4750 604 4807 ebriet,
617 4752 674 4813 231)
696 4752 848 4816 l'appellcnt
867 4754 950 4803 Raoul
964 4754 998 4802 'dc
1014 4747 1189 4813 Longucville.
1210 4752 1366 4801 L'obituairo
1384 4752 1417 4798 ‹le
1438 4750 1628 4798 Saint-Dcnisb

270 4830 343 4877 Paris
354 4830 503 4877 mentionne
515 4840 566 4875 une
577 4824 676 4875 colonie
687 4826 742 4876 dite
754 4841 769 4877 t(
780 4828 868 4891 Longa
878 4843 947 4889 aque
960 4841 980 4887 n,
994 4825 1125 4891 propr-lete
1136 4826 1168 4875 de
1186 4825 1304 4887 l’abbapc
1316 4824 1456 4888 (Molinier,
1474 4824 1627 4881 Obilonna,

270 4902 290 4963 I,
298 4903 362 4964 314).
