3650 5675
287 527 351 593 470
793 527 883 601 1349,
907 526 948 590 24
968 528 1164 605 septembre:

292 738 295 743 .
336 675 435 757 Item,
451 676 694 742 absolutionem
709 697 729 741 a
745 678 832 761 pena
847 684 882 741 et
898 678 1006 763 eulpa,
1023 685 1057 741 et
1071 678 1164 759 alias,
1176 686 1219 744 ut
1233 679 1267 743 in
1284 680 1401 745 forma.
1416 721 1459 731 -
1475 680 1551 746 Fiat
1560 681 1608 747 R.

337 779 436 861 Item,
453 780 561 845 eidem
579 780 764 846 concedere
780 780 963 866 dignemini
987 781 1170 847 subsidium
1196 782 1408 849 moderatum
1423 783 1651 871 recipiendum

294 904 313 948 a
329 884 478 969 personis
493 882 727 950 ecclesiasticis
742 905 876 950 suarum
892 884 1041 950 civitatis
1055 894 1091 949 et
1110 885 1208 967 dioc„
1224 894 1262 951 ut
1277 886 1311 951 in
1327 886 1443 953 fomra.
1454 928 1503 951 .-
1518 887 1594 953 Fiat
1609 889 1650 954 R.

338 987 435 1070 Item,
462 988 552 1073 quod
580 998 658 1055 octo
683 990 792 1055 clerici
821 990 854 1054 in
882 1010 943 1055 suo
969 989 1105 1055 servitio
1133 992 1291 1057 continue
1318 991 1500 1072 existentes
1528 992 1652 1057 fructus

294 1092 444 1158 omnium
460 1093 698 1159 beneficiorum
719 1114 863 1173 suorum,
880 1092 1012 1158 etiamsi
1039 1093 1231 1177 dignitates
1253 1103 1453 1180 personatus
1468 1102 1525 1160 aut
1540 1094 1652 1163 officia

293 1195 439 1261 existant
454 1203 489 1261 et
505 1216 618 1261 curam
633 1196 780 1261 habeant
796 1195 984 1261 animarum
999 1195 1129 1280 possint
1139 1196 1310 1281 percipere
1326 1207 1361 1264 et
1376 1197 1511 1281 habere,
1524 1208 1558 1264 et
1568 1200 1651 1265 alias

289 1307 330 1364 ut
346 1299 380 1363 in
396 1299 503 1365 forma
518 1308 553 1365 et
568 1299 611 1364 ad
628 1299 903 1389 quinquennium.
919 1338 962 1347 —
978 1296 1055 1363 Fiat
1071 1296 1111 1363 R.

169 1489 172 1496 Ι
290 1405 292 1411 ’
337 1402 437 1485 Item,
454 1404 563 1468 eidem
580 1403 765 1469 concedere
789 1402 970 1489 dignemini
998 1401 1175 1489 quod'ipse
1190 1406 1296 1490 possit
1311 1406 1421 1491 quoad
1436 1406 1557 1471 vixerit
1572 1428 1652 1473 con-

293 1507 451 1573 fessorem
477 1508 649 1592 ydoneum
674 1508 805 1593 eligere,
830 1507 887 1593 qui
914 1507 1022 1593 ipsum
1039 1511 1081 1574 ab
1104 1508 1258 1574 omnibus
1284 1510 1431 1597 peccatis
1458 1512 1523 1574 suis
1547 1511 1652 1596 possit

295 1610 478 1691 absolvere,
494 1608 555 1676 nisi
572 1611 653 1676 talia
669 1612 735 1676 sint
750 1618 815 1677 ete.
832 1620 869 1676 ut
885 1611 919 1675 in
935 1610 1052 1676 forma.
1068 1652 1112 1661 -
1128 1610 1204 1677 Fiat
1220 1611 1260 1679 R.

339 1712 437 1795 Item,
454 1724 619 1799 quatenus
642 1715 751 1781 eidem
778 1714 964 1781 concedere
988 1713 1171 1799 dignemini
1198 1718 1482 1784 conservatoriam
1498 1717 1542 1784 ad
1557 1719 1652 1803 quin-

295 1818 475 1903 quennium
491 1840 568 1885 cum
583 1819 743 1885 distantia
757 1820 896 1886 duarum
911 1818 1086 1901 metarum,
1102 1829 1138 1886 et
1153 1830 1414 1904 conservatores
1429 1830 1468 1887 ut
1483 1822 1516 1886 in
1534 1822 1652 1887 forma.

296 1962 338 1972 —
354 1921 433 1987 Fiat
447 1923 481 1987 in
499 1922 616 2004 forma,
634 1922 674 1989 R.
885 1920 887 1927 ’

338 2026 416 2092 Dat.
433 2046 486 2112 ap.
503 2025 763 2107 Villamnovam,
781 2029 799 2092 8
816 2026 882 2093 kal.
899 2036 966 2093 oct.
982 2035 1015 2092 a⁰
1031 2030 1071 2093 8⁰.
1089 2030 1160 2113 (18,
1179 2031 1237 2113 5⁷)-

348 2161 493 2245 1806.
555 2175 558 2181 ’
1250 2200 1345 2266 1349,
1363 2203 1402 2264 24
1420 2181 1609 2266 septembre.

338 2277 469 2367 Su'pp...
489 2280 529 2347 G.
546 2280 589 2346 de
604 2280 769 2367 Baylinia,
783 2278 1050 2347 ¹archidiaconus
1077 2282 1153 2347 Brie
1170 2284 1203 2348 in
1219 2285 1301 2350 eccl.
1329 2283 1499 2365 Parisien.‚
1516 2293 1650 2369 quat...

296 2383 450 2449 familiari
466 2405 526 2450 suo
542 2385 703 2451 continuo
731 2384 850 2470 Egidio
878 2384 1020 2466 Matbei,
1046 2387 1168 2452 clerico
1194 2385 1362 2454 Moriuen.
1389 2387 1486 2468 dioc,
1510 2388 1553 2453 de
1574 2391 1651 2453 ben.

294 2488 376 2554 eccl.
392 2486 434 2553 ad
450 2488 525 2554 coll.
543 2488 678 2574 capituli
694 2488 893 2561 Ambianen.
909 2489 1085 2575 providere
1100 2490 1292 2575 dignemini.
1309 2532 1351 2542 —
1367 2490 1443 2557 Fiat
1459 2490 1500 2557 R.

338 2591 414 2657 Dat
432 2612 485 2677 ap.
503 2590 761 2674 Villamnovam,
779 2595 797 2659 8
813 2591 878 2658 kal.
896 2602 963 2659 oct.
980 2599 1014 2659 a⁰
1030 2596 1071 2657 8⁰.
1088 2595 1158 2674 (18,
1177 2598 1217 2679 7).

348 2729 486 2814 1807.
1254 2762 1349 2826 1349,
1366 2764 1406 2825 24
1419 2744 1608 2828 septembre.

338 2849 470 2935 Supp...
497 2848 681 2929 Jobannes,
710 2848 981 2934 archiepiscopus
1006 2846 1254 2931 Rothomagen.
1271 2852 1292 2927 ¹,
1319 2854 1409 2930 quat.
1436 2845 1582 2923 Johanni
1610 2845 1653 2911 de

297 2951 494 3037 Vironvayo
504 2966 525 3033 ²,
552 2952 685 3018 notario
701 2972 771 3032 suo,
787 2951 830 3016 de
846 2971 921 3018 can.
938 2959 972 3016 et
982 2954 1080 3037 preb.
1096 2970 1169 3016 vae.
1191 2950 1226 3014 in
1242 2949 1384 3015 ecclesia
1399 2948 1430 3014 S.
1448 2948 1535 3016 Piati
1559 2948 1653 3014 Sicli·

295 3056 427 3136 niensis,
444 3055 629 3124 Tomacen.
646 3055 742 3136 dioc„
769 3076 828 3141 per
853 3057 906 3121 ob.
932 3053 1102 3139 quondam
1124 3052 1275 3139 Phihppi
1293 3051 1429 3118 Roberti
1452 3065 1472 3133 ³,
1489 3054 1544 3137 qui
1560 3061 1655 3118 extra

297 3158 395 3225 Rom.
412 3159 537 3225 curiam
552 3158 642 3224 diem
659 3160 777 3225 clausit
793 3167 991 3240 extremum,
1007 3157 1189 3244 dignemini
1205 3157 1391 3244 providere.
1408 3198 1447 3207 -
1466 3156 1542 3223 Fiat
1558 3156 1598 3224 R.

339 3262 416 3328 Dat.
433 3283 486 3348 ap.
502 3262 761 3371 villamnovam,
778 3261 879 3328 8lral.
896 3272 963 3330 oct.
980 3269 1014 3328 a⁰
1030 3265 1072 3328 8⁰.
1090 3264 1161 3348 (18,
1175 3263 1240 3346 8¹).
1348 3317 1352 3325 .

348 3398 1346 3496 18081349,
1363 3433 1403 3496 ²4
1420 3414 1608 3499 septembre.

338 3519 468 3604 Supp...
492 3515 721 3595 Jobannes'de
738 3515 970 3597 Montecalvo,
998 3517 1103 3596 miles,
1128 3516 1329 3581 castellanus
1353 3513 1542 3595 Bellicadri,
1558 3524 1652 3598 quat.

294 3623 386 3688 fratri
402 3642 462 3687 suo
479 3620 671 3686 Humberto
687 3620 728 3686 de
746 3618 966 3686 Montecalvo
975 3638 997 3701 ⁴,
1009 3619 1173 3684 Viennen.
1185 3618 1283 3701 dioc„
1293 3618 1346 3684 lic.
1359 3619 1393 3683 in
1409 3627 1470 3684 art.
1487 3625 1521 3683 et
1532 3617 1655 3684 scolari

295 3726 328 3790 in
355 3726 469 3806 theol,
497 3725 538 3790 de
566 3724 882 3810 arclripresbiteratu
907 3723 951 3788 de
967 3722 1122 3807 Bagiaco,
1146 3721 1342 3807 Lugdunen.
1358 3721 1455 3802 dioc„
1472 3712 1655 3807 dignemini

292 3829 478 3915 providere,
505 3849 572 3894 non
598 3831 683 3893 obst.
711 3828 801 3911 quod
827 3827 1073 3914 preposituram
1089 3825 1120 3891 S.
1137 3825 1310 3910 Gaugerici
1328 3825 1545 3891 Cameracen.
1569 3833 1604 3890 et
1619 3825 1655 3889 in

293 3933 445 3998 Anicien.
462 3940 497 3996 et
512 3933 543 3996 S.
560 3929 734 4017 Gangetici
761 3931 952 3996 Haltrensis
966 3938 989 4012 ¹⁸,
1006 3929 1223 3995 Cameracen.
1243 3929 1341 4011 dioc„
1357 3930 1506 3996 ecclesiis
1521 3950 1595 3995 can.
1619 3937 1655 3994 et

293 4039 385 4123 preb.
401 4035 493 4101 etde
509 4035 605 4100 terris
620 4036 710 4101 dicte
725 4034 1097 4115 Aniciensis,consuetis
1114 4033 1215 4119 ipsius
1230 4033 1370 4101 ecclesie
1386 4034 1557 4101 canonicis
1568 4031 1653 4097 dun·

292 4149 388 4205 taxat
413 4140 446 4204 in
473 4148 672 4226 perpetuum
687 4137 1075 4222 beneficium'assignari,
1092 4159 1157 4222 que
1181 4146 1268 4203 terre
1284 4139 1350 4203 val.
1376 4157 1416 4222 50
1438 4138 1510 4202 libr.
1526 4135 1651 4201 Turon.

293 4243 466 4308 annuatim
491 4264 561 4309 non
589 4244 755 4309 excedunt
783 4263 823 4308 ac
850 4243 1035 4309 chorariam
1062 4241 1144 4308 eccl.
1168 4238 1206 4306 B.
1223 4238 1273 4306 M.
1289 4240 1478 4306 Annoniaci
1502 4239 1651 4306 noscitur

294 4347 487 4426 obtinere...,
503 4347 630 4412 dictam
647 4355 759 4412 autem
766 4345 1014 4432 preposituram
1031 4344 1061 4408 S.
1073 4342 1249 4428 Gaugeriei
1258 4352 1395 4430 paratus
1409 4353 1462 4410 est
1471 4344 1652 4410 dimittere.

333 4450 748 4641 Iiiitaiisi'iuamnovam
765 4558 783 4621 8
800 4554 866 4620 kal.
882 4562 949 4621 oct.
967 4561 1000 4619 a⁰
1017 4556 1059 4618 8⁰.
1074 4554 1148 4637 (18,
1169 4555 1234 4637 15).

321 4727 348 4784 a)
365 4720 422 4770 Cod.
435 4722 600 4770 Helctrensis,

321 4909 342 4956 1.
360 4907 424 4956 Jean
436 4907 469 4956 de
478 4907 603 4969 Marigny,
617 4911 708 4957 ancien
720 4907 817 4968 oreque
828 4907 861 4956 de
873 4907 1006 4956 Beaurais.
1017 4935 1049 4942 —
1061 4909 1083 4955 1.
1096 4905 1192 4954 Voirn.
1206 4907 1259 4964 111,
1274 4906 1372 4954 7111-
1385 4905 1412 4954 ³.
1425 4904 1518 4953 Mollnt
1537 4916 1563 4951 n.
1577 4904 1648 4963 1316,

285 4983 400 5030 1111-
420 4981 631 5042 4.v0rrn.1105‚
652 4983 805 5040 11121228.
862 5009 864 5016 ·
1583 5015 1587 5025 ,
