3650 5675
717 499 819 574 lala,
844 498 998 580 5jui1ut.
1503 503 1544 569 89

179 652 386 720 commercio
401 662 622 732 commutare,
638 672 700 738 pro
716 669 851 716 suarum
867 659 901 716 et
917 658 1106 736 parentum,
1123 651 1373 736 progenitorum
1387 674 1428 719 ac
1443 656 1544 720 bene·

180 760 347 824 sactorum
362 779 497 824 suorum
514 759 702 824 animarum
720 759 828 822 salute
852 757 1086 842 disposuerunt
1112 765 1146 820 et
1174 756 1380 835 ordinarunt,
1396 760 1487 843 quod
1509 760 1543 824 in

180 861 328 948 quadam
344 883 460 928 eorum
476 863 579 928 domo
594 863 719 927 situata
735 861 769 924 in
784 861 866 925 villa
880 860 923 926 de
940 859 1116 940 Gandaro,
1129 860 1219 926 dicte
1234 861 1330 942 dioc,
1344 863 1404 928 fiat
1416 885 1545 948 percos

181 989 286 1034 unum
301 967 554 1046 monasterium,
582 966 616 1031 in
643 987 711 1051 quo
738 973 848 1031 certus
873 985 1032 1030 numerus
1058 965 1255 1030 monialium
1282 969 1342 1031 sub
1368 969 1482 1052 regula
1510 977 1544 1032 et

181 1072 299 1138 habitu
308 1071 425 1138 ord.B.
441 1074 537 1158 Aug„
554 1074 588 1137 in
603 1071 702 1159 dictis
716 1071 867 1156 partibus
876 1069 1128 1136 nominatarum
1140 1070 1171 1136 S.
1185 1070 1329 1136 Victoris
1339 1070 1543 1153 Parisiensis,

179 1176 262 1241 inibi
289 1177 567 1244 includendamm
591 1198 632 1243 ac
662 1175 925 1241 exhibiturarum
955 1185 1119 1260 perpetuo
1144 1175 1293 1240 Domino
1316 1174 1543 1256 famulatum;

181 1302 284 1366 quam
298 1280 435 1365 quidem
451 1281 590 1347 domum
606 1301 682 1346 cum
698 1279 765 1345 suis
775 1279 903 1363 juribus
919 1286 954 1343 et
965 1279 1176 1364 pertinentiis
1192 1279 1353 1344 universis
1369 1279 1543 1364 dederunt,

180 1393 419 1450 concesserunt
434 1393 469 1450 et
486 1385 698 1469 assignarunt
713 1405 775 1470 pro
790 1384 911 1450 eodem
926 1385 1133 1451 monasterio
1145 1405 1229 1450 cum·
1246 1385 1397 1466 ecclesia,
1415 1386 1543 1454 cimite-

179 1489 237 1569 rio,
250 1490 409 1570 claustro,
425 1489 602 1555 refectorio
617 1497 653 1553 et
668 1489 876 1571 dormitorio,
894 1509 935 1554 ac
952 1490 1025 1554 aliis
1041 1490 1237 1556 necessariis
1253 1488 1395 1557 officinis
1410 1473 1469 1575 per
1485 1513 1543 1557 eos

178 1593 259 1658 inibi
276 1593 503 1680 constmendo
518 1601 553 1657 et
567 1593 806 1658 nichilominus
829 1601 940 1658 certos
966 1592 1114 1658 redditus
1139 1601 1174 1658 et
1202 1600 1386 1678 proventus
1411 1614 1542 1661 annuos

178 1718 283 1781 usque
310 1696 353 1762 ad
380 1717 546 1762 summam
573 1701 635 1762 600
661 1697 718 1762 lib.
742 1717 836 1783 parv.
852 1705 887 1761 et
902 1699 1078 1762 *bonorum
1107 1696 1220 1776 Paris,
1244 1717 1303 1782 per
1319 1717 1376 1761 eos
1393 1698 1541 1781 legitime

178 1801 361 1884 acquisitos
368 1809 402 1865 et
416 1800 459 1867 ad
474 1821 589 1866 eorum
606 1800 803 1866 instantiam
819 1821 879 1886 per
894 1800 1052 1865 comitem
1070 1798 1228 1865 Flandrie
1244 1801 1468 1880 amortisatos,
1480 1803 1542 1887 pro

178 1905 333 1969 dotando
346 1904 475 1969 dictum
490 1905 733 1970 monasterium
749 1904 913 1970 dederunt
929 1913 1093 1990 perpetuo
1109 1913 1143 1969 et
1159 1904 1262 1970 etiam
1279 1905 1541 1990 assignarunt‚et

179 2008 268 2072 ultra
283 2008 347 2073 bec
362 2015 557 2094 proponunt
583 2029 644 2073 200
660 2009 717 2074 lib.
733 2008 881 2093 ejusdem
896 2017 1035 2074 monete
1048 2009 1080 2073 in
1093 2009 1276 2074 redditibus
1297 2009 1416 2074 annuis
1428 2009 1541 2074 feoda-

179 2111 266 2177 libus
280 2112 335 2176 vel
350 2113 563 2178 censualibus
576 2112 610 2176 in
622 2122 712 2177 terra
727 2133 786 2177 seu
802 2113 966 2178 comitatu
984 2111 1150 2193 Flandrie,
1167 2113 1215 2178 eis
1227 2133 1285 2198 per
1295 2113 1422 2179 dictum
1438 2113 1542 2178 comi-

177 2226 249 2280 tem
266 2216 481 2282 amortisatas
497 2217 531 2281 in
547 2217 640 2282 brevi
657 2217 828 2300 acquirere
844 2225 880 2282 et
903 2238 962 2282 eas
987 2217 1167 2302 acquisitas
1189 2237 1251 2302 pro
1277 2217 1396 2282 eodem
1423 2237 1542 2281 mona·

178 2321 281 2384 sterio
310 2320 488 2404 largitione
515 2320 668 2406 ampliori
699 2320 851 2387 dotando
881 2321 961 2387 dare
992 2331 1027 2386 et
1052 2322 1154 2387 etiam
1181 2321 1359 2406 assignare,
1384 2329 1482 2406 prout
1506 2322 1539 2384 in

176 2423 317 2490 diversis
330 2425 466 2510 publico
482 2424 706 2490 instrumento
716 2433 751 2489 et
761 2425 879 2492 litteris
892 2426 1094 2492 auctenticis
1104 2426 1225 2492 exinde
1236 2425 1398 2492 confectis
1410 2425 1540 2511 plenius

177 2529 380 2594 continetur.
396 2528 509 2612 Quare
525 2529 645 2614 prefati
662 2530 821 2615 conjuges
842 2551 937 2616 supp.
953 2529 992 2594 V.
1005 2530 1047 2610 S..
1070 2538 1162 2613 quat.
1182 2531 1271 2615 ipsos
1297 2531 1330 2594 in
1351 2529 1539 2615 hujusmodi

175 2632 352 2719 proposito
362 2632 627 2699 confoventes...
639 2633 800 2719 episcopo
811 2632 1129 2714 Tomacen.,eorum
1143 2633 1310 2699 ordinario
1324 2643 1342 2714 ¹,
1355 2633 1540 2699 concedere

176 2737 361 2821 dignemini
378 2738 586 2819 facultatem,
603 2746 641 2803 ut
655 2739 817 2824 premissa
833 2737 948 2803 onmia
964 2745 999 2802 et
1015 2737 1154 2821 singula,
1172 2737 1198 2804 si
1214 2758 1255 2802 ea
1264 2737 1327 2801 rite
1340 2757 1380 2802 ac
1392 2737 1540 2822 legitime

177 2841 344 2908 invenerit
370 2864 444 2908 esse
470 2843 643 2928 disposita,
672 2843 838 2923 ordinata,
862 2842 955 2922 data,
981 2863 1141 2908 concessa
1166 2850 1201 2907 et
1227 2842 1407 2927 assignata,
1431 2851 1490 2908 aut
1513 2842 1539 2907 si

177 2945 290 3011 forsan
306 2946 408 3011 iidem
424 2947 582 3033 conjuges
597 2969 638 3013 ea
653 2948 773 3013 melius
788 2954 823 3011 et
839 2937 1039 3031 completius
1056 2967 1096 3011 ac
1111 2956 1211 3033 prout
1223 2946 1306 3012 talia
1329 2946 1466 3030 exigunt
1482 2966 1539 3011 seu

176 3048 359 3133 requirunt,
375 3050 564 3136 disponere,
589 3051 753 3132 ordinare,
779 3051 869 3132 dare,
895 3051 1081 3117 concedere
1106 3060 1142 3116 et
1165 3051 1333 3135 assignare
1360 3050 1538 3131 voluerint,

175 3153 392 3220 reformando
406 3163 586 3241 postquam
602 3176 662 3242 per
677 3174 736 3220 eos
748 3156 795 3220 ita
808 3155 936 3221 sactum
952 3155 1050 3221 fuerit
1062 3163 1097 3219 et
1112 3154 1154 3220 de
1164 3155 1228 3220 hiis
1238 3155 1369 3242 prelato
1380 3154 1539 3240 episcopo

178 3258 376 3338 constiterit,
393 3280 434 3324 ea
450 3261 564 3325 valeat
581 3269 670 3327 auct.
687 3267 795 3345 apost.
811 3268 846 3323 et
863 3267 955 3324 certa
971 3260 1113 3325 scientia
1130 3260 1330 3325 confirmare
1354 3279 1395 3324 ac
1411 3258 1537 3323 eisdem
1628 3328 1633 3341 ¹

178 3362 375 3447 conjugibus
390 3362 578 3447 predictum
594 3364 837 3429 monasterium
852 3364 1067 3430 construendi
1092 3384 1169 3429 cum
1196 3364 1348 3444 ecclesia,
1374 3362 1538 3428 cimiterio

178 3472 216 3529 et
230 3464 302 3530 aliis
318 3466 517 3551 supradictis
531 3467 651 3533 eadem
668 3467 871 3535 auctoritate
887 3468 1059 3534 licentiam
1072 3468 1293 3555 impertiride
1303 3467 1443 3533 uberiori
1456 3466 1486 3531 5.
1498 3465 1537 3531 V.

178 3568 298 3653 gratia,
314 3569 542 3636 concedentes
556 3572 648 3655 quod
663 3570 831 3658 prefatum
853 3572 1096 3639 monasterium
1111 3579 1147 3637 et
1162 3573 1336 3652 moniales,
1360 3592 1426 3657 que
1447 3572 1480 3636 in
1498 3592 1539 3635 eo

180 3692 241 3757 pro
255 3680 409 3758 tempore
424 3672 557 3754 fuerint,
574 3673 701 3739 eisdem
716 3675 897 3760 privilegiis
923 3684 959 3741 et
985 3675 1263 3755 immunitatibus,
1280 3676 1490 3740 libertatibus
1506 3682 1540 3739 et

180 3774 395 3862 indulgentiis
409 3777 572 3843 universis
586 3778 758 3862 gaudeant
773 3786 809 3843 et
825 3786 971 3859 utantur,
983 3780 1100 3863 quibus
1115 3779 1263 3865 gaudent
1276 3786 1310 3842 et
1321 3785 1458 3842 utuntur
1474 3778 1540 3842 alia

180 3882 386 3947 monasteria
401 3890 436 3946 et
451 3882 616 3948 moniales
630 3883 756 3949 ordinis
771 3883 960 3963 memorati,
977 3904 1053 3949 cum
1070 3883 1224 3949 omnibus
1239 3902 1307 3947 non
1329 3880 1540 3946 obstantibus

178 3992 216 4050 et
230 3986 386 4051 clausulis
400 3988 585 4072 oportunis.
598 4026 644 4037 -
660 3987 738 4053 Fiat
753 3988 839 4053 sicut
854 3987 980 4072 petitur
995 3989 1088 4053 salvo
1100 3988 1173 4072 jure
1190 3984 1400 4073 parrochiali.
1412 3984 1461 4051 R..

223 4088 302 4155 Dat.
316 4109 370 4176 ap.
387 4088 637 4157 Villamnovam
652 4114 672 4176 4
688 4112 767 4157 non.
780 4092 852 4177 julii
869 4100 903 4156 a⁰
920 4100 962 4156 2⁰.
980 4092 1029 4177 (5,
1047 4092 1131 4175 8ol').

230 4246 1326 4338 409.1345,
1342 4272 1364 4334 5
1373 4252 1495 4335 juillet.

224 4364 324 4453 Supp.
350 4364 454 4452 Hugo
469 4366 512 4431 de
527 4364 689 4431 Pomeriis
705 4372 807 4450 quat,
824 4386 900 4430 cum
924 4363 1014 4429 dom.
1031 4360 1150 4440 Guido‚
1167 4359 1293 4424 electus
1309 4356 1538 4437 Cameracen.,

180 4468 240 4534 sibi
265 4470 445 4535 contulerit
469 4490 573 4534 unum
598 4468 746 4535 officium
770 4466 999 4554 parsaparerie
1024 4464 1065 4530 de
1088 4462 1339 4529 Mostrencourt
1362 4464 1541 4549 vulgariter

177 4583 411 4660 nuncupatum
423 4583 434 4608 ²
446 4581 711 4659 consuetumque
726 4592 786 4659 per
801 4572 979 4659 episcopos
996 4566 1257 4635 Cameracenses
1274 4568 1306 4632 in
1320 4588 1435 4634 eorum
1445 4568 1541 4635 nori-

211 4817 233 4863 l.
244 4816 307 4864 Voir
320 4815 359 4872 ib.
378 4831 403 4878 p.
417 4818 456 4864 59.
474 4844 508 4851 -
525 4818 548 4864 2.
562 4815 669 4876 Hugues
687 4814 719 4863 rle
734 4814 852 4870 Pomiers‚
872 4814 998 4862 chanoine
1017 4814 1049 4861 do
1070 4814 1171 4873 Cabum
1193 4812 1256 4861 erait
1277 4813 1371 4863 vicaire
1388 4810 1490 4873 gdudml
1508 4810 1540 4858 du

177 4887 468 4950 l'trequeuecambrai.
479 4890 564 4938 lr'acte
573 4904 620 4953 par
632 4889 716 4951 lcqucl
727 4888 841 4949 l'dquue
859 4889 921 4950 (luy
938 4888 973 4936 lui
994 4888 1057 4937 edila
1077 4889 1101 4937 la
1120 4890 1199 4951 pairie
1211 4888 1243 4936 de
1264 4885 1442 4937 Moutrdcourt
1454 4890 1492 4934 ost
1504 4884 1538 4933 du

179 4964 192 5010 7
211 4963 278 5013 avril
292 4965 354 5011 1342
367 4964 443 5027 (Κεφ,
455 4964 539 5024 Aria.
552 4966 590 5022 76,
603 4962 621 5013 i.
634 4964 741 5024 osv-65).
