3650 5675
605 474 692 547 1843,
715 473 757 538 80
777 469 928 538 octobr-04
950 473 1117 538 novembre.
1463 469 1545 541 ’127

232 618 349 709 563.
1194 655 1289 722 1343,
1303 657 1347 723 jo
1363 639 1500 714 octobre.

225 741 328 827 Supp.
343 742 511 808 Arnaldus
533 743 576 809 de
601 743 631 809 S.
649 742 831 829 Margarita
854 753 874 824 ¹,
901 741 997 808 miles
1022 740 1181 809 Leodien.
1208 743 1304 825 dioc,
1324 743 1401 830 [pro
1426 745 1492 811 ind.
1510 746 1544 812 in

179 851 245 909 art.
261 845 390 931 mort.].
411 883 445 894 -
466 845 543 912 Fiat
561 846 602 913 R.
1128 856 1133 865 '

228 947 304 1013 Dat.
320 949 418 1015 Avin.
436 970 453 1034 3
470 948 536 1016 kal.
552 971 630 1017 nov.
647 959 680 1016 a⁰
698 959 740 1017 2⁰.
758 952 810 1037 (3,
828 950 866 1016 P.
884 949 930 1031 ΙΙ,
958 951 1024 1035 16).

235 1086 352 1170 564.
1193 1121 1289 1186 1343,
1302 1121 1347 1186 30
1363 1104 1500 1170 octobre.
1550 1187 1552 1195 ,
1597 1187 1602 1198 4

227 1205 317 1290 Sign.
334 1205 466 1287 Daniel,
490 1206 591 1293 episc.
619 1205 772 1287 Verden,
788 1206 878 1292 quod
902 1207 983 1272 olim
1009 1226 1086 1271 cum
1106 1204 1262 1282 Johanne
1292 1205 1333 1271 de
1355 1205 1507 1293 Carpena
1523 1221 1544 1288 ²,

181 1309 262 1374 cler.
279 1308 455 1375 Colonien.
483 1310 581 1391 dioc,
608 1332 707 1398 super
730 1312 795 1377 def.
811 1319 880 1378 nat.
896 1332 996 1396 quern
1011 1310 1138 1396 patitur
1163 1310 1205 1376 de
1230 1313 1340 1376 soluto
1363 1313 1495 1396 genitus
1510 1320 1544 1378 et

182 1414 325 1478 soluta...
341 1413 440 1478 fuerit
454 1413 693 1500 dispensatum,
711 1415 803 1501 cujus
823 1413 1082 1501 dispensationis
1097 1413 1211 1498 vigore
1228 1413 1259 1478 in
1277 1418 1385 1500 presb.
1403 1423 1453 1481 est
1468 1436 1543 1502 pro·

181 1525 296 1581 motus
315 1525 350 1582 et
370 1516 412 1581 de
429 1537 502 1582 can.
518 1522 578 1583 sub
595 1540 669 1605 exp.
682 1522 774 1606 preb.
787 1519 821 1583 in
834 1519 915 1585 eccl.
927 1518 958 1583 S.
975 1517 1064 1583 Petri
1075 1516 1235 1583 Leodien.
1248 1539 1267 1583 a
1282 1518 1372 1585 dom.
1388 1517 1543 1598 Johanne

181 1640 271 1705 papa
285 1618 421 1685 XXII...
438 1621 583 1687 obtinuit
609 1623 760 1707 gratiam,
788 1622 912 1687 virtute
936 1622 1029 1706 cujus
1044 1620 1153 1687 dictos
1168 1641 1242 1686 can.
1263 1629 1297 1686 et
1312 1625 1404 1707 preb.
1432 1623 1544 1689 extitit

183 1723 324 1808 pacifice
339 1732 375 1788 et
390 1724 552 1791 canonice
567 1733 748 1792 assecutus
765 1727 876 1810 Quare
892 1746 987 1812 supp.
1004 1724 1125 1810 quod...
1143 1725 1231 1790 idem
1246 1724 1266 1803 J
1269 1725 1449 1793 ohannes..
1466 1749 1542 1814 pos·

184 1827 228 1892 sit
243 1828 311 1894 duo
325 1828 489 1894 beneficia
503 1831 585 1896 eccl.
601 1830 781 1917 recipere...
797 1871 840 1879 -
859 1828 935 1895 Fiat
952 1828 992 1894 R.

229 1931 308 1997 Dat.
323 1933 423 1997 Avin.
441 1953 458 2017 3
476 1931 542 1999 kal.
557 1955 636 2000 nov.
651 1942 685 2000 a⁰
701 1942 743 2001 2⁰.
760 1935 810 2019 (3,
827 1933 864 1998 Ρ.
882 1932 927 2014 II,
949 1935 1002 2018 19)

237 2067 351 2152 565.
1169 2103 1263 2167 1343,
1281 2105 1300 2148 2
1317 2085 1499 2151 novembre.

229 2185 331 2272 Supp.
348 2185 475 2268 Petrus,
500 2187 568 2253 dux
584 2186 790 2270 Borbonesii,
807 2196 898 2273 quat.
926 2187 1107 2253 Gnillelmo
1133 2187 1176 2252 de
1201 2187 1230 2249 V
1232 2188 1361 2255 ichiaco
1376 2207 1387 2243 ³
1403 2190 1445 2256 de
1469 2210 1541 2257 can.

184 2289 266 2355 eccl.
280 2288 450 2374 Urgellen.
467 2298 501 2356 et
512 2293 604 2378 preb.
615 2313 689 2358 vac.
702 2294 756 2356 vel
766 2299 873 2356 vacat.
886 2291 1067 2376 dignemini
1081 2290 1266 2377 providere,
1277 2313 1345 2359 non
1358 2295 1443 2359 obst.
1454 2294 1543 2378 quod

184 2414 257 2459 can.
273 2401 309 2457 et
331 2397 423 2480 preb.
447 2396 529 2460 eccl.
556 2395 589 2461 S.
614 2394 795 2461 Donatiani
822 2392 1009 2480 Brugensis,
1036 2394 1222 2460 Tornacen.
1243 2395 1374 2484 [dioc.],
1392 2399 1543 2464 obtinere

184 2497 342 2563 noscitur.
358 2539 401 2546 —
414 2496 499 2564 Fiat.

228 2600 307 2666 Dat.
323 2601 423 2668 Avin.
439 2625 459 2687 4
475 2623 554 2670 non.
571 2624 648 2670 nov.
664 2612 697 2670 a⁰
714 2611 755 2669 2⁰.
772 2604 821 2686 (8,
838 2601 874 2668 P.
892 2600 938 2684 Il,
956 2603 1023 2686 71).

235 2741 352 2824 566.
1169 2769 1263 2834 1343,
1280 2773 1298 2835 4
1317 2754 1499 2818 novembre.

229 2860 330 2946 Supp.
347 2858 445 2925 Walo
461 2857 600 2938 Cadelli,
615 2857 724 2924 dictus
739 2856 781 2923 de
801 2852 909 2920 Franc
925 2865 947 2936 ⁴,
963 2875 1050 2939 mag.
1067 2854 1100 2919 in
1116 2862 1177 2919 art.
1201 2865 1235 2919 et
1251 2875 1363 2921 cursor
1379 2856 1412 2920 in
1427 2856 1542 2938 theol,

185 2971 275 3046 quat.
293 2961 558 3027 consideratione
573 2963 652 3027 bon.
668 2981 769 3025 mem.
784 2959 875 3024 dom.
892 2958 980 3024 card.
996 2957 1261 3024 Autissiodoren.
1278 2966 1297 3039 ⁵,
1314 2960 1366 3025 cui
1394 2960 1450 3026 diu
1477 2982 1541 3027 ser-

184 3067 280 3147 vivit,
296 3075 331 3131 et
346 3066 402 3151 qui
418 3040 559 3131 dudum⁰
570 3064 659 3150 apud
684 3084 744 3129 vos
770 3073 807 3129 ut
833 3065 863 3131 ei
888 3062 1108 3151 provideretis
1132 3063 1322 3149 specialiter
1344 3064 1541 3146 intercessit,

183 3178 283 3256 prout
299 3170 331 3234 S.
347 3167 387 3234 V.
403 3169 508 3249 novit,
536 3168 646 3235 eidem
661 3166 703 3233 de
723 3168 835 3253 aliquo
861 3170 937 3235 ben.
963 3166 1055 3247 eccl,
1072 3186 1100 3232 c.
1124 3186 1152 3232 c.
1174 3187 1243 3246 100,
1259 3168 1314 3232 vel
1329 3188 1354 3232 s.
1372 3190 1400 3234 c.
1419 3190 1458 3253 50
1473 3170 1540 3251 lib,

185 3294 250 3338 sec.
266 3282 335 3338 tax.
350 3273 491 3353 decime,
508 3280 682 3359 spectante
698 3272 922 3337 communiter
937 3271 991 3335 vel
1015 3269 1148 3335 divisim
1163 3270 1205 3336 ed
1230 3272 1327 3336 coll...
1343 3272 1452 3358 episc,
1468 3273 1541 3339 dec.

185 3384 220 3440 et
235 3397 308 3462 cap.
325 3374 504 3456 Morinen,
524 3375 612 3463 [vac.
629 3376 683 3440 vel
699 3374 838 3461 vacat.],
855 3376 957 3439 etiarn
974 3374 999 3441 si
1017 3373 1050 3437 in
1074 3374 1154 3439 eccl.
1172 3372 1313 3455 catlred,
1331 3376 1413 3442 citra
1428 3386 1541 3442 tamen

184 3481 328 3565 majores
342 3480 537 3566 prebendas,
555 3480 586 3545 ei
600 3480 784 3565 dignemini
800 3480 998 3566 providere;
1023 3499 1090 3544 non
1117 3481 1202 3543 obst.
1219 3480 1309 3563 quod
1325 3480 1356 3545 in
1376 3480 1542 3548 Morinen.

186 3605 258 3649 can.
275 3588 335 3650 sub
351 3606 426 3671 exp.
442 3588 545 3671 preb,
562 3593 596 3650 et
612 3586 644 3650 in
661 3586 692 3649 S.
705 3585 886 3650 Salvatoris
901 3583 943 3649 de
960 3583 991 3649 S.
1009 3583 1113 3648 Paulo
1136 3584 1284 3649 ecclesiis
1300 3606 1372 3651 can.
1389 3594 1422 3649 et
1441 3590 1542 3671 preb,

185 3696 220 3751 et
234 3687 537 3775 inleprosariarum
553 3689 595 3755 de
611 3687 827 3755 Parvovillari
843 3696 878 3753 et
902 3688 944 3754 de
968 3687 1048 3753 Aria
1072 3687 1207 3773 capellis
1231 3688 1348 3772 capell.
1375 3708 1478 3775 perp,
1503 3710 1543 3753 nc

183 3792 431 3877 parroch.eccl.
447 3792 489 3858 de
516 3790 689 3873 Marcello,
716 3792 918 3857 Anrbianen.
946 3799 980 3857 et
1006 3789 1173 3856 Morinen.
1198 3790 1378 3871 diocesurn,
1395 3792 1543 3857 noscitur

185 3897 348 3960 obtinere.
360 3936 403 3944 —-
419 3893 495 3961 Fiat
519 3895 559 3961 R.

228 4000 307 4064 Dat.
322 4000 423 4064 Avin.
441 4021 458 4064 2
475 4021 553 4065 non.
570 4020 648 4065 nov.
664 4007 697 4064 a..
714 4009 755 4063 2''.
773 4006 821 4081 (3,
839 3998 875 4063 P.
890 3997 935 4079 II,
954 4006 1021 4083 24).

235 4135 482 4219 567“568.
1169 4168 1263 4231 1343,
1280 4172 1298 4232 4
1317 4150 1497 4215 uozomore.

230 4255 332 4341 Supp.
362 4253 543 4333 Johannes,
568 4254 669 4340 episc.
692 4252 878 4318 'fornacem
893 4251 914 4332 ⁶,
942 4271 1017 4317 cunr
1045 4250 1153 4316 subire
1180 4252 1330 4318 habuerit
1362 4262 1396 4318 et
1420 4254 1542 4319 lrabeat

183 4359 280 4442 plura
307 4378 408 4423 onera
431 4358 464 4421 in
486 4357 693 4443 episcopatu,
718 4364 790 4420 tum
815 4362 952 4441 propter
977 4354 1124 4420 decimas
1147 4355 1285 4422 domino
1307 4357 1375 4441 regi
1402 4355 1541 4422 Francie

184 4470 372 4542 concessas,
388 4470 460 4527 turn
476 4470 613 4547 propter
628 4481 723 4525 suurn
740 4460 898 4526 continue
914 4458 1096 4538 servitium,
1113 4465 1184 4523 tum
1202 4459 1302 4525 etiam
1319 4469 1455 4557 propter
1466 4462 1541 4527 lites

219 4709 240 4755 1.
260 4705 384 4765 l'oncclet,
398 4705 478 4767 bross.
490 4708 545 4754 3513.
558 4732 588 4739 —·
606 4710 630 4755 2.
642 4706 790 4764 Seoueriane,
808 4704 896 4753 [lireio.
914 4702 1018 4763 l'1·lr.,n.
1033 4706 1099 4762 11111,
1114 4706 1183 4754 ltili.
1201 4732 1233 4739 ψ·
1250 4706 1273 4753 3.
1286 4706 1325 4755 lb.
1339 4706 1419 4765 v'nlal,
1434 4710 1541 4757 1121153,

184 4808 215 4813 --
226 4782 251 4826 4.
266 4778 326 4826 Voir
337 4794 361 4828 n.
373 4782 404 4827 87
417 4794 424 4828 ι
437 4780 542 4833 Donido.
559 4779 682 4828 (bero-tul..
701 4780 736 4837 ll,
750 4780 804 4827 ota.
816 4804 848 4811 -—
867 4781 890 4826 b.
910 4778 994 4825 l’ieme
1013 4777 1045 4825 ‹lc
1068 4778 1210 4829 bloi-temer.
1223 4778 1334 4827 caribde
1348 4782 1370 4828 tl.
1387 4780 1496 4828 Etienne
1507 4796 1540 4829 au

183 4853 277 4908 celius,
291 4854 360 4913 (vair
370 4868 397 4902 n.
408 4852 461 4910 87).
529 4856 552 4902 6.
569 4852 635 4901 donn
651 4853 684 4900 de
698 4853 763 4912 Pres,
776 4851 872 4912 ovoque
882 4851 914 4899 de
928 4851 1045 4911 Lnngres,
1058 4850 1185 4899 nommee
1200 4851 1310 4899 'l'ournai
1323 4852 1346 4900 le
1358 4856 1388 4900 25
1400 4857 1464 4915 sept.
1479 4856 1540 4901 1342

182 4925 291 4989 (Enbel.
305 4925 405 4988 1.517).
