3650 5675
670 508 758 585 1845,
781 508 867 573 15-18
889 508 1007 575 sevrier.
1470 514 1527 579 193

1178 695 1240 760 134
1241 695 1274 757 5,
1291 696 1333 758 15
1340 678 1482 763 s'evrier.

207 783 289 844 789.
303 776 405 863 Supp.
420 775 611 862 Stephanus
624 774 802 858 Balistarii,
818 776 995 843 hostiarius
1003 785 1124 860 vester,
1134 786 1228 863 quat.
1239 780 1332 846 socio
1347 801 1417 863 suo,
1433 780 1527 847 farni-

163 879 236 944 liari
251 878 480 946 dom.ducisse
496 878 696 965 Burgondie,
721 883 799 947 nob.
815 880 889 947 viro
913 880 1083 948 Bernardo
1109 882 1152 949 de
1168 883 1368 966 Sicamilitis‚
1384 884 1427 950 de
1452 906 1525 951 can.

163 983 247 1049 eccl.
270 982 430 1049 Leodien.
447 986 507 1049 sub
524 1004 598 1069 exp.
614 986 706 1070 preb.
725 983 924 1071 [dignemini
939 985 1147 1072 providere}
1162 986 1295 1053 —Fiat
1311 987 1352 1054 R.

209 1087 287 1154 Dat.
300 1089 401 1156 Avin.
421 1107 456 1173 15
473 1088 542 1155 kal.
557 1096 655 1154 mart.
671 1095 704 1154 a⁰
721 1095 763 1173 3⁰.
780 1088 830 1173 (6,
849 1108 865 1173 3
891 1092 918 1174 ).

217 1224 334 1307 790.
486 1296 488 1299 .
1180 1243 1484 1330 1345,18sevrier.

209 1342 308 1408 Pater
323 1343 388 1407 8¹⁰⁰.
405 1340 491 1406 Cum
507 1342 667 1428 magistri,
679 1343 790 1428 jurati,
803 1346 1043 1429 gubernatores
1059 1352 1094 1409 et
1117 1345 1305 1427 consiliarii,
1317 1354 1353 1411 et
1368 1348 1528 1412 nonnulle

164 1446 231 1533 alie
239 1446 420 1532 singulares
430 1466 582 1531 persone,
593 1468 633 1512 ac
643 1448 865 1513 communitas
874 1447 965 1534 opidi
977 1448 1151 1534 Hoyensis
1161 1469 1278 1515 causas
1288 1450 1529 1536 apellationum

164 1571 226 1637 pro
242 1559 337 1637 parte
350 1571 409 1616 sua
422 1570 442 1615 a
454 1550 653 1634 quibusdam
666 1550 882 1636 processibus,
895 1559 930 1616 et
942 1552 1119 1617 sententiis
1131 1553 1529 1633 excommunicationum,

164 1663 200 1720 et
215 1654 384 1720 interdicti
408 1654 740 1740 promulgationibus,
762 1654 948 1721 inflictione
974 1676 1137 1741 penarum
1165 1658 1371 1739 terribilium,
1398 1667 1434 1724 et
1456 1659 1530 1723 aliis

165 1758 468 1845 aggravationibuS,
481 1757 580 1825 factis
595 1766 630 1824 et
646 1759 731 1839 latis,
743 1767 780 1824 ut
795 1759 949 1841 creditur,
960 1760 1127 1845 injuriose,
1136 1760 1284 1828 indebite
1299 1771 1335 1828 et
1350 1763 1482 1848 injuste,
1495 1770 1530 1827 et

165 1886 226 1951 per
237 1865 327 1931 dom.
343 1863 544 1946 Johannem,
561 1863 663 1949 episc.
680 1863 861 1930 Forlivien.
877 1879 898 1945 ¹,
924 1872 1042 1931 contra
1059 1863 1242 1951 Hoyenses
1255 1866 1415 1952 prefatos,
1428 1867 1529 1931 inter-

165 1968 350 2054 positarum
367 1969 400 2033 in
416 1968 507 2033 curia
525 1967 556 2033 S.
581 1966 622 2033 V.
648 1976 892 2054 prosequantur
916 1968 1087 2051 instanter,
1104 1970 1282 2035 credentes
1297 1990 1332 2035 se
1347 1973 1472 2036 bonam
1495 1978 1531 2035 et

160 2072 287 2157 justam
303 2091 438 2137 causam
453 2071 568 2137 fovere
584 2094 593 2151 ;
615 2092 756 2157 parsque
771 2072 910 2138 adversa
937 2072 981 2137 ad
1006 2073 1105 2155 aliud,
1123 2080 1160 2137 ut
1176 2073 1330 2155 creditur,
1346 2094 1416 2138 non
1439 2076 1531 2139 labo·

163 2186 226 2258 ret,
242 2177 306 2243 nisi
321 2184 359 2242 ut
374 2177 464 2263 ipsos
481 2176 663 2262 Hoyenses
677 2175 815 2262 prefatis
831 2176 1190 2242 excommunicationis
1205 2185 1240 2243 et
1264 2176 1434 2243 interdicti
1457 2198 1531 2242 sen·

163 2280 281 2346 tentiis
315 2301 356 2346 ac
385 2280 674 2346 diffamationibus
704 2286 738 2345 et
768 2280 942 2366 vituperiis
971 2288 1087 2345 teneat
1117 2280 1319 2346 vinculatos.
1347 2280 1402 2347 Ne
1433 2281 1532 2367 igitur

166 2393 305 2471 propter
320 2386 455 2471 culpam
470 2384 528 2465 eis,
545 2392 583 2450 ut
598 2385 747 2466 credunt,
767 2383 852 2449 falso
878 2384 1081 2469 impositam,
1107 2384 1170 2470 ipsi
1188 2383 1370 2469 Hoyenses
1392 2384 1532 2470 punian-

167 2495 231 2569 tur,
248 2496 283 2555 et
297 2487 472 2554 Altissimo
486 2488 664 2553 missarum
680 2488 831 2553 solennia
855 2495 889 2551 et
913 2488 1054 2552 aliarum
1069 2487 1272 2569 orationum,
1288 2495 1323 2552 et
1337 2488 1445 2551 multa
1466 2487 1532 2552 alia

166 2591 275 2659 laudis
300 2592 471 2678 preconia,
504 2592 623 2676 quibus
654 2591 771 2657 diebus
808 2590 944 2674 singulis
977 2591 1174 2674 placaretur,
1206 2591 1413 2656 cessantibus
1439 2590 1531 2672 inibi,

168 2704 307 2782 propter
321 2696 539 2761 interdictum
553 2695 596 2761 de
612 2695 703 2761 facto
714 2695 872 2781 positum,
886 2694 1008 2759 divinis
1023 2693 1143 2760 officiis
1158 2695 1397 2759 subtrahantur
1409 2716 1418 2774 ;
1435 2714 1531 2779 supp.

169 2798 339 2866 humiliter
354 2809 390 2867 et
415 2801 539 2869 devote
567 2800 749 2887 Hoyenses
772 2799 902 2887 prefati,
925 2808 1016 2885 quat.
1042 2799 1207 2866 honorem
1232 2807 1268 2864 et
1291 2798 1532 2865 exaltationem

168 2902 272 2968 divini
299 2903 454 2985 nominis,
480 2904 606 2986 odiose,
631 2913 669 2972 ut
692 2905 857 2986 asseritur,
884 2904 1005 2970 ultioni
1037 2903 1295 2969 misericorditer
1317 2903 1531 2989 preferentes,

168 3015 204 3071 et
235 3008 376 3071 obtentu
405 3008 557 3092 augende
590 3008 780 3075 devotionis
816 3009 943 3095 populi,
975 3029 1041 3093 que
1071 3008 1198 3074 facilius
1235 3010 1432 3093 plerumque
1468 3007 1533 3071 hiis

168 3111 286 3177 diebus
312 3113 423 3198 potius
448 3112 608 3178 minuitur
633 3134 736 3196 quam
759 3121 907 3198 augetur,
936 3111 1152 3177 interdictum
1178 3111 1212 3176 in
1243 3111 1531 3191 communitatem,

170 3215 335 3297 suburbia,
360 3215 527 3282 territoria
543 3224 578 3281 et
594 3215 761 3282 districtus
785 3217 874 3304 opidi
901 3215 1073 3301 Hoyensis
1100 3223 1135 3280 et
1151 3215 1184 3279 in
1208 3216 1317 3301 ipsum
1337 3215 1474 3301 opidum
1490 3215 1532 3280 de

171 3318 263 3384 facto
278 3340 338 3405 per
353 3319 497 3384 eundem
515 3321 617 3405 episc.
629 3323 887 3406 promulgatum,
897 3341 958 3405 per
966 3340 1207 3385 unum-annum
1223 3319 1407 3405 aproxime
1422 3319 1534 3384 futuro

173 3421 301 3488 Pasche
317 3422 454 3488 Domini
481 3422 568 3511 [die]
588 3425 863 3510 computandum,
880 3424 991 3509 quoad
1016 3444 1152 3488 ornnem
1168 3422 1218 3487 sui
1234 3422 1402 3504 effectum,
1420 3423 1534 3507 digne-

171 3525 253 3590 mini
284 3527 458 3606 relaxare;
497 3528 672 3613 presertim
703 3549 780 3594 cum
810 3527 890 3594 dicti
927 3527 1109 3612 Hoyenses
1145 3525 1287 3592 offerant
1324 3547 1359 3591 se
1396 3534 1534 3611 paratos

172 3651 293 3696 cavere
325 3639 360 3696 et
386 3631 494 3697 facere
526 3633 639 3698 omnia
668 3641 703 3699 et
734 3635 862 3719 singula
893 3654 958 3718 que
983 3633 1071 3698 circa
1093 3631 1255 3717 premissa
1283 3631 1405 3694 fuerint
1437 3649 1534 3714 opor-

171 3742 254 3801 tuna
266 3759 275 3816 ;
291 3756 361 3801 non
385 3739 470 3802 obst.
493 3737 583 3821 quod
599 3758 698 3823 super
720 3737 889 3823 premissis
912 3738 967 3801 vel
992 3737 1104 3821 aliquo
1131 3733 1314 3799 eorundem
1332 3733 1373 3797 lis
1388 3733 1534 3818 pendeat

172 3858 289 3904 coram
315 3838 357 3905 R.
384 3839 421 3905 P.
437 3839 527 3905 dom.
548 3838 774 3928 [Guillelmo],
803 3840 963 3907 cardinali
989 3838 1199 3905 Montisolivi
1215 3855 1237 3918 ²,
1263 3858 1305 3901 ex
1321 3835 1361 3901 V.
1383 3836 1415 3901 S.
1442 3856 1533 3900 com·

172 3942 330 4008 missione
346 3942 407 4008 sibi
423 3942 513 4009 facta
531 3945 677 4029 speciali,
690 3946 778 4009 inter
792 3945 880 4010 dom.
893 3945 1089 4030 episcopum
1108 3940 1287 4006 Forlivien.
1299 3948 1334 4004 et
1353 3937 1534 4023 Hoyenses

172 4045 322 4130 prefatos
336 4069 345 4126 ;
363 4066 476 4112 coram
491 4068 559 4131 quo
575 4069 678 4132 usque
703 4048 746 4113 ad
772 4048 946 4114 dationem
971 4047 1072 4112 libelli
1094 4053 1129 4110 et
1144 4044 1324 4109 nonnullos
1339 4043 1424 4107 alios
1438 4050 1534 4108 actus

174 4156 226 4214 est
242 4149 402 4214 inclusive
416 4169 621 4235 processum.
633 4192 677 4201 -
692 4152 929 4237 Suspendimus
944 4151 1072 4216 dictum
1088 4148 1303 4214 interdictum
1328 4147 1372 4212 ad
1398 4166 1533 4227 annum,

175 4253 215 4319 R.
233 4253 285 4318 De
300 4255 509 4339 plenitudine
523 4256 701 4341 potestatis
728 4255 769 4320 R.
795 4256 840 4321 Et
861 4254 952 4339 quod
972 4261 1125 4318 transeat
1149 4252 1220 4315 sine
1239 4251 1304 4314 alia
1318 4250 1475 4315 lectione.
1490 4287 1534 4298 —

175 4355 252 4422 Fiat
270 4356 309 4423 R.

218 4460 297 4526 Dat.
313 4482 366 4546 ap.
382 4460 631 4527 Villamnovam
650 4482 686 4526 12
702 4460 769 4526 kal.
785 4469 881 4528 mart.
894 4467 927 4526 a⁰
943 4466 986 4544 3⁰.
1003 4460 1054 4544 (6,
1073 4464 1155 4542 51').

207 4644 229 4691 1.
242 4642 368 4706 L'eveque
378 4645 410 4693 de
422 4645 492 4694 llorli
503 4646 575 4694 avait
586 4643 628 4694 dte
639 4645 735 4708 ddpntd
746 4659 793 4708 par
805 4643 924 4693 clement
934 4643 972 4690 vl
984 4656 1049 4705 pour
1060 4641 1183 4689 terminer
1202 4639 1239 4687 les
1257 4635 1400 4686 differenda
1411 4649 1536 4686 eumenus

173 4721 246 4766 entre
257 4717 372 4780 leveque
382 4717 414 4766 de
426 4717 502 4780 Libge
523 4724 549 4768 et
562 4719 598 4766 les
617 4720 696 4777 villes,
708 4718 843 4767 divisesde
855 4718 1007 4766 sentiments
1026 4730 1070 4764 sur
1089 4712 1304 4776 l'interpretetion
1323 4711 1356 4760 de
1374 4711 1401 4759 la
1420 4710 1484 4759 Paix
1503 4709 1536 4758 de

174 4790 262 4839 Fexhe
274 4791 398 4854 (Hooeem
417 4807 458 4856 ap.
472 4792 644 4856 chapeaville,
662 4791 745 4841 Getta.
752 4795 823 4856 porat.
835 4789 918 4851 Laod,
932 4789 966 4848 11,
979 4789 1104 4845 46647ος
1125 4785 1246 4835 Zantfliet
1265 4799 1307 4847 ap.
1319 4783 1406 4846 Aurpl.
1423 4782 1491 4842 0012,
1503 4781 1535 4844 V,

174 4865 314 4926 237·242);
331 4867 388 4913 voir
399 4865 533 4927 pluebant
545 4874 573 4912 n⁰
584 4867 669 4914 treet
683 4865 785 4928 Deprez,
803 4863 911 4914 clerte-u
929 4863 971 4922 VI,
992 4877 1018 4910 n.
1030 4863 1084 4921 277,
1097 4861 1152 4908 280.
1170 4888 1203 4896 -
1226 4862 1249 4907 2.
1266 4857 1413 4907 Guillnume
1432 4855 1536 4915 d'Auru,

174 4939 265 4985 ancien
276 4937 343 4986 ebbe
354 4937 387 4985 de
399 4936 542 4988 Montolieu
555 4940 661 5002 (llubel,
675 4939 694 5000 Ι,
709 4941 759 5001 17).

230 5025 291 5067 Auel.
307 5025 356 5067 Ver.
375 5026 434 5076 Belg.
1467 5034 1490 5072 ¹3
