3650 5675
287 495 326 559 58
785 493 883 571 1343,
906 492 992 557 28-81
1013 492 1140 573 janvier.

339 646 446 729 275.
1014 686 1017 695 ·
1297 678 1314 721 1
1315 678 1358 741 33
1359 678 1392 741 3,
1409 660 1451 721 28
1460 656 1602 738 Jorror'er.

329 765 431 850 Supp.
448 764 609 831 Nicolaus
626 764 775 845 Martini,
791 771 882 847 quat.
899 762 1004 846 [fratri
1021 782 1081 827 suo
1095 781 1257 845 germano
1274 760 1411 844 Pontio]
1435 760 1580 841 Martini,
1604 762 1648 827 de

285 886 359 931 cau.
369 873 404 929 et
418 868 510 950 preb.
526 866 609 930 eccl.
626 864 876 947 Melbodiensis,
887 864 1104 931 Cameracen.
1114 865 1212 944 dioc,
1222 885 1296 929 vae.
1307 863 1398 950 apud
1415 864 1527 929 sedem
1539 874 1647 950 apost.

285 989 345 1054 per
368 972 421 1033 ob.
447 968 622 1053 Wyllenni
650 970 692 1035 de
716 970 886 1049 Stochem,
908 969 999 1034 dicte
1025 968 1111 1034 sedis
1138 989 1224 1053 cap,
1250 967 1304 1052 qui
1332 977 1426 1033 extra
1452 964 1519 1034 cur.
1548 969 1647 1035 Rom.

285 1073 373 1138 diem
389 1073 507 1137 clausit
523 1081 711 1138 extremum
722 1090 742 1154 ¹,
758 1073 940 1159 dignemini
953 1071 1139 1158 providere.
1162 1070 1196 1136 N
1199 1092 1242 1137 on
1260 1074 1345 1137 obst.
1361 1072 1451 1155 qnod
1468 1073 1499 1135 in
1517 1074 1597 1138 eccl.
1614 1074 1646 1139 S.

285 1177 425 1241 Servatii
442 1176 484 1241 de
500 1176 667 1261 Trajecto,
684 1176 842 1243 Leodien.
858 1177 956 1255 dioc,
973 1196 1045 1242 can.
1071 1178 1131 1239 sub
1157 1196 1232 1260 exp.
1257 1178 1359 1260 preb,
1386 1176 1535 1241 noscitur
1561 1179 1646 1243 obti-

285 1301 363 1345 nere
380 1304 387 1358 ;
405 1301 469 1363 que
486 1280 620 1363 quidem
637 1281 829 1368 expectatio
841 1280 901 1344 sibi
919 1287 971 1345 est
982 1280 1102 1345 nullius
1117 1280 1239 1345 valoris
1249 1288 1386 1365 propter
1397 1281 1645 1345 multitudinem

285 1383 537 1469 impetrantium
568 1405 644 1448 eum
677 1385 928 1471 precedentium
955 1406 963 1463 ;
995 1391 1029 1447 et
1059 1404 1161 1467 quam
1201 1384 1473 1469 expectationem
1510 1394 1647 1469 paratus

284 1496 335 1552 est
350 1487 528 1569 dimittere,
545 1489 571 1553 si
588 1489 620 1554 S.
648 1489 688 1556 V.
714 1489 888 1576 placuerit,
911 1488 991 1553 dum
1007 1488 1252 1573 possessionem
1280 1488 1456 1573 pacificam
1481 1488 1644 1553 dictorum

284 1613 355 1658 can.
372 1600 406 1656 et
422 1595 514 1677 preb.
530 1594 612 1659 eccl.
631 1592 871 1661 Melbodiensis
886 1593 985 1657 fuerit
994 1591 1136 1678 pacifice
1147 1599 1328 1656 assecutus
1341 1633 1383 1639 —
1395 1590 1471 1656 Fiat
1484 1590 1524 1656 R.
1534 1632 1577 1641 —-
1587 1591 1646 1675 [Et

285 1695 388 1760 nichil
404 1694 555 1761 dimittat
572 1695 612 1761 R.
623 1698 649 1780 ¹⁸]

330 1800 405 1865 Dat.
421 1802 519 1867 Avin.
537 1822 554 1886 5
572 1801 637 1867 kal.
649 1804 735 1870 febr.
752 1812 784 1869 a⁰
805 1796 844 1869 1⁵.
862 1804 912 1889 (2,
932 1822 948 1887 5
965 1804 1006 1887 v).

338 1932 446 2013 276·
1295 1965 1311 2007 1
1313 1964 1355 2027 54
1357 1964 1389 2026 3,
1407 1944 1449 2006 28
1458 1940 1602 2023 jonurier.

329 2048 383 2114 Ad
398 2050 678 2134 supplicationem
693 2052 794 2137 episc.
816 2050 1003 2115 Tullensis²
1019 2049 1213 2135 providetur
1241 2048 1313 2112 ,lde
1343 2047 1384 2112 de
1411 2045 1544 2113 Urchiis
1568 2066 1578 2102 ³
1604 2048 1645 2113 de

287 2153 439 2237 parroch.
456 2154 537 2218 eccl.
554 2153 595 2218 de
613 2154 774 2240 Dompno
787 2153 951 2237 Remigi0,
966 2154 1056 2219 dicte
1071 2151 1202 2218 Tulleu.
1219 2152 1316 2229 dioc,
1333 2150 1424 2231 cuius
1437 2150 1591 2215 fructus...
1606 2156 1644 2234 36

286 2257 342 2320 lib.
357 2254 436 2319 Tur.
453 2276 554 2339 paru,
571 2278 634 2321 see.
650 2266 717 2323 tax.
734 2258 873 2337 decime,
890 2260 1039 2323 valorem
1056 2277 1123 2321 non
1141 2254 1317 2335 excedunt,
1330 2274 1401 2319 vac.
1419 2253 1452 2318 in
1470 2254 1560 2319 curia
1586 2274 1647 2339 pro

287 2358 429 2441 eoquod
445 2357 556 2424 Guido
569 2359 658 2425 Petri
674 2361 957 2445 deSiccocampO,
974 2361 1110 2425 ultimus
1136 2370 1246 2424 rector
1273 2348 1382 2443 ipsius
1412 2365 1497 2423 auct.
1522 2357 1646 2422 littera-

286 2481 357 2525 rum
374 2460 423 2524 fel.
442 2480 506 2525 rec.
519 2460 606 2526 dom.
623 2461 796 2529 Benedicti
813 2484 900 2549 pape
917 2462 996 2545 XII,
1014 2485 1085 2529 can.
1101 2474 1136 2529 et
1151 2466 1240 2549 preb.
1258 2463 1337 2528 eccl.
1355 2462 1480 2527 Eduen.
1497 2472 1548 2527 est
1572 2482 1646 2548 pos-

285 2565 466 2630 sessionem
482 2566 661 2651 pacificam
678 2576 869 2648 assecutus;
884 2589 954 2634 non
970 2571 1054 2633 obst.
1072 2569 1162 2653 quod
1178 2588 1250 2632 can.
1268 2576 1302 2631 et
1318 2570 1398 2651 preb
1423 2566 1465 2631 de
1492 2564 1645 2651 Bricey0,

285 2671 377 2755 cujus
390 2670 548 2752 redditus
564 2693 628 2738 sec.
643 2681 711 2739 tax.
727 2673 867 2755 decime,
887 2694 926 2739 10
941 2674 1011 2739 libr.
1028 2673 1103 2738 Tur.
1128 2693 1217 2759 parv.
1243 2674 1390 2737 valorem
1414 2691 1560 2736 annuum
1577 2692 1644 2735 non

284 2774 460 2856 excedunt,
491 2784 526 2842 et
542 2778 659 2862 capell.
684 2778 858 2864 hospitalis
887 2779 930 2844 de
957 2778 1104 2858 Wavrin,
1131 2800 1171 2844 ex
1196 2777 1375 2844 collatione
1400 2776 1500 2861 episc.
1519 2774 1644 2841 Toma-

284 2899 367 2958 cen.,
383 2881 532 2945 noscitur
548 2883 706 2946 obtinere.
723 2922 767 2932 -
784 2881 859 2947 Fiat
876 2883 914 2946 R.

327 2981 405 3046 Dat.
421 2983 521 3047 Ario.
541 3005 557 3067 5
574 2983 638 3048 kal.
654 2984 733 3051 febr.
749 2995 782 3049 a⁰
801 2993 837 3049 1⁰.
856 2987 905 3064 (2,
926 2990 984 3068 JV).

334 3112 444 3191 277.
1298 3149 1312 3190 1
1409 3119 1599 3191 aizonier.

326 3229 427 3314 Snpp.
438 3209 833 3315 Guillehnus'Ribayroli,
851 3233 925 3296 cler.
938 3231 1150 3298 Leurovicen.
1161 3232 1255 3310 dioc,
1267 3147 1642 3315 quddjsiulhdustodiam

282 3353 340 3397 seu
356 3333 410 3398 off.
426 3334 620 3399 clericature
644 3337 725 3400 eccl.
743 3335 771 3400 S.
788 3335 948 3421 Stephani
967 3336 1157 3416 Insolensis,
1174 3336 1358 3401 Tomacen.
1375 3335 1470 3415 dioc,
1490 3355 1548 3420 per
1570 3354 1642 3419 pre·
1680 3389 1683 3394 .

281 3437 427 3520 positum
443 3439 523 3503 eccl.
539 3437 568 3501 S.
586 3437 674 3502 Petri
690 3439 732 3503 de
749 3438 871 3519 Insula,
898 3441 1047 3525 ejusdem
1071 3441 1168 3520 dioc,
1192 3439 1234 3504 ad
1258 3440 1362 3504 vitam
1387 3458 1480 3504 suam
1505 3437 1641 3519 factam]

281 3539 463 3622 dignemini
480 3541 685 3606 confirmare.
700 3583 744 3591 —
760 3542 835 3608 Fiat
853 3543 890 3608 R.

324 3642 400 3706 Dat.
416 3643 516 3708 Avin.
533 3667 552 3728 4
569 3643 631 3709 kal.
649 3644 725 3711 febr.
742 3655 775 3711 a⁰
794 3654 831 3710 1⁰.
849 3649 899 3729 (2,
921 3654 983 3723 10).

330 3771 441 3854 278.
1227 3849 1229 3854 .
1293 3809 1352 3874 133
1354 3809 1385 3872 3,
1400 3810 1442 3872 31
1455 3787 1597 3869 Jonw'er.

322 3891 424 3976 Supp.
450 3891 597 3973 P(etrus)
624 3892 733 3958 dictus
759 3891 889 3972 Chasle,
913 3892 1060 3977 phisicus
1085 3891 1228 3970 Andree,
1246 3893 1296 3958 tit.
1317 3892 1348 3957 S.
1368 3892 1516 3956 Susanne
1532 3892 1638 3978 presb.

280 3992 390 4073 card.⁴,
404 4002 493 4077 quat.
510 3995 618 4059 eidem
635 3995 818 4078 dignemini
835 3995 1030 4073 concedere,
1048 4005 1085 4059 ut
1107 3995 1283 4061 residendo
1299 3997 1331 4060 in
1349 3997 1459 4061 studio
1483 3995 1637 4080 generali,

279 4097 332 4160 vel
343 4097 374 4160 in
387 4099 701 4163 uuobeneliciorum
714 4120 880 4164 suorum...
892 4099 998 4184 possit
1014 4119 1131 4163 omnes
1141 4099 1265 4166 fructus
1275 4101 1418 4186 ipsorum
1432 4099 1636 4185 percipere..;

278 4221 346 4266 non
363 4205 447 4268 obst.
470 4203 675 4287 juramentis
696 4203 885 4288 privilegiis,
903 4203 1046 4282 statutis
1063 4204 1359 4269 consuetudinibus
1376 4203 1636 4288 quibuscunque,

278 4325 416 4388 perque
432 4306 466 4369 in
483 4307 607 4372 eisdem
634 4308 845 4392 personalem
871 4306 1085 4371 residentiam
1110 4307 1219 4373 facere
1244 4315 1407 4373 teneatur.
1427 4347 1470 4358 -
1496 4305 1570 4370 Fiat
1594 4305 1636 4370 ad

277 4409 457 4473 biennium.
476 4409 516 4476 R.

321 4513 400 4577 Dat.
415 4513 515 4579 Avin.
534 4535 550 4578 2
567 4515 633 4580 kal.
650 4516 729 4580 febr.
746 4525 778 4581 a⁰
798 4523 837 4582 1⁰.
855 4517 904 4601 (2,
924 4522 984 4597 pl).

308 4699 336 4759 n)
349 4699 480 4749 Addition.
494 4701 534 4747 En
545 4716 632 4763 mange
646 4717 652 4750 ε
664 4707 775 4750 correcta
784 4718 833 4766 par
843 4703 970 4751 donrinum
984 4707 1100 4754 reatinum.

279 4925 289 4969 1
310 4852 331 4969 ἒ.
346 4849 406 4969 111141·
418 4864 442 4968 rp
454 4853 509 4900 202.
521 4878 553 4885 —
565 4855 588 4901 1,
604 4852 713 4900 Thomas
724 4853 756 4901 ‹le
769 4853 941 4912 Bourlcmont,
957 4857 1093 4902 teari-1353
1105 4855 1209 4916 (Eubel,
1225 4857 1242 4914 l,
1261 4855 1330 4916 531).
1348 4883 1379 4890 -
1398 4859 1419 4904 3.
1441 4855 1539 4912 Kirsch,
1560 4853 1636 4912 Koll,

295 4925 332 4969 Γ.
362 4951 376 4956 --
405 4960 411 4971 .
437 4923 485 4970 'oir
496 4937 521 4972 n.
536 4927 588 4973 124.
