3650 5675
645 511 734 586 1848,
757 510 851 575 2325
873 511 1039 578 novembre.
1465 515 1523 581 137

156 660 289 738 Jacobo
303 682 339 728 se
354 661 502 728 invicem
517 663 630 748 aliquo
646 663 945 748 consanguinitatis
966 664 1069 748 gradu
1092 664 1335 749 contingerent,
1352 667 1524 734 matrimo-

155 766 251 830 nium
266 765 473 832 adinvicem
500 775 749 848 contraxerunt,
766 767 915 851 illudque
933 788 994 854 per
1009 769 1178 834 camalem
1195 771 1351 855 copulam
1368 793 1523 838 consum-

157 879 293 935 marunt
308 878 344 934 et
358 872 489 956 prolem
506 871 609 936 etiarn
623 878 811 956 genuerunt
824 893 833 950 ;
850 891 928 936 cum
943 879 1057 936 autem
1072 873 1288 958 postmodum
1304 873 1348 940 ad
1375 877 1521 962 ipsorum

157 972 202 1036 sit
216 972 400 1038 deductum
414 974 582 1053 notitiam,
598 974 690 1059 quod
705 972 852 1051 Jacobus
878 983 914 1039 et
930 973 1099 1058 quondam
1117 974 1303 1042 Fridericus
1319 979 1460 1063 predicti
1486 1001 1522 1046 se

158 1077 192 1140 in
209 1077 310 1142 tertio
325 1086 360 1142 et
385 1086 506 1162 quarto
531 1078 830 1163 consanguinitatis
854 1078 958 1163 gradu
981 1078 1127 1144 invicem
1153 1081 1404 1166 contingebant,
1420 1093 1456 1148 et
1480 1105 1521 1150 ex

157 1180 314 1261 divortio,
330 1181 356 1246 si
374 1183 461 1247 inter
477 1183 566 1268 ipsos
589 1183 694 1262 fieret,
721 1189 861 1268 possent
885 1183 978 1267 sequi
1005 1184 1094 1248 mala
1118 1191 1152 1247 et
1177 1185 1334 1249 scandala
1356 1186 1521 1271 plurima;

157 1305 252 1370 supp.
269 1294 361 1370 quat.
382 1307 459 1351 cum
475 1287 611 1369 eisdem,
628 1296 665 1352 ut
682 1287 715 1351 in
732 1287 921 1372 hujusmodi
946 1287 1161 1353 matrimonio
1185 1288 1334 1372 legitime
1350 1309 1522 1356 remanere

156 1389 302 1470 valeant,
326 1410 396 1455 non
413 1393 498 1457 obst.
516 1392 808 1476 consanguinitate
834 1391 996 1477 predicta,
1020 1391 1205 1476 dignemini
1229 1391 1429 1478 dispensare,
1442 1415 1519 1480 pro-

156 1494 222 1558 lem
239 1515 280 1558 ex
297 1516 339 1560 eo
354 1504 545 1582 susceptam
561 1507 595 1562 et
611 1495 857 1582 suscipiendam
874 1495 1058 1580 legitimam
1085 1495 1309 1560 decernendo.
1333 1536 1376 1546 -
1401 1495 1478 1562 Fiat
1494 1499 1520 1564 si

155 1599 268 1662 banna
283 1599 374 1664 edita
390 1599 532 1680 fuerunt,
549 1621 615 1666 sec.
641 1599 919 1666 consuetudinem
945 1599 1031 1664 illius
1046 1599 1153 1686 patrie
1180 1598 1291 1682 quoad
1307 1599 1447 1681 nobiles,
1462 1623 1522 1688 per

154 1701 375 1767 diocesanum
392 1703 418 1768 si
435 1704 478 1768 sit
495 1703 542 1769 ita
552 1704 593 1769 R.

200 1805 280 1870 Dat.
295 1806 396 1870 Avin.
414 1827 432 1886 9
449 1806 514 1873 kal.
531 1807 604 1873 dec.
620 1815 653 1872 a⁰
670 1815 712 1874 2⁰.
730 1808 777 1892 (3,
795 1807 831 1872 P.
849 1804 894 1888 ll,
909 1808 977 1891 70).

207 1942 457 2028 601·603.
1124 1976 1219 2040 1343,
1236 1977 1255 2020 a
1257 1975 1278 2038 3
1295 1958 1478 2022 novembre.

200 2059 303 2146 Supp.
331 2059 528 2126 Franciscus
553 2060 662 2125 dictus
681 2060 712 2123 le
739 2058 867 2139 Bochu,
883 2059 926 2124 de
947 2059 1140 2140 Camerac0,
1167 2060 1393 2126 buticularius.
1420 2059 1521 2146 episc.

155 2162 336 2230 Belvacen.
353 2177 374 2244 ¹,
391 2166 468 2230 cler.
487 2165 695 2249 conjugatus,
719 2170 811 2247 quat.
838 2163 948 2228 eidem
963 2163 1006 2228 de
1030 2163 1191 2244 custodia,
1209 2172 1268 2230 aut
1283 2164 1518 2244 matricularia,

154 2288 214 2333 seu
222 2268 290 2333 alio
306 2267 622 2348 offieccl·.,consuet0
632 2267 836 2332 secularibus
844 2276 880 2332 et
895 2267 1000 2332 etiam
1010 2267 1198 2353 conjugatis
1210 2268 1338 2334 clericis
1351 2268 1521 2352 assignari,

157 2371 248 2458 [vac.
264 2373 319 2435 vel
334 2371 464 2458 vacat]
483 2372 516 2436 in
543 2370 770 2452 Cameracen,
786 2371 986 2452 Tomacen,
1010 2373 1064 2437 vel
1095 2369 1264 2437 Morinen.
1291 2371 1355 2436 civ.
1372 2379 1407 2436 et
1422 2371 1521 2452 dioc,

154 2475 200 2540 ad
214 2476 441 2561 cujuscunque
457 2477 511 2540 vel
528 2495 791 2559 quoruncunque
801 2477 889 2556 coll,
899 2476 930 2540 ei
942 2475 1125 2560 dignemini
1136 2476 1325 2561 providere;
1338 2496 1406 2540 non
1424 2477 1521 2556 obst,

154 2579 256 2662 quod,
271 2579 352 2644 dum
375 2579 456 2644 illud
472 2579 528 2644 off.
544 2579 683 2665 pacifice
708 2579 806 2644 fuerit
823 2587 1004 2659 assecutus,
1020 2599 1080 2664 per
1106 2579 1208 2643 alium
1224 2578 1394 2664 ydoneum
1411 2579 1520 2644 facere

154 2683 312 2748 deserviri
339 2684 461 2764 valeat,
478 2690 515 2748 ut
541 2684 575 2748 in
603 2683 721 2749 sonna.
746 2723 789 2732 —
815 2682 891 2747 Fiat
916 2682 959 2748 de
983 2682 1208 2748 matricularia
1232 2682 1265 2746 in
1289 2683 1370 2747 eccl.
1394 2681 1521 2747 Toma-

156 2807 232 2853 cen.
249 2784 290 2853 R.

199 2932 285 2993 602.
302 2924 401 3007 Item,
418 2948 494 2993 cum
511 2927 581 3013 ipse
598 2946 616 3007 9
640 2926 821 2992 liberorum
845 2926 1032 2991 viventium
1054 2944 1156 2991 onere
1172 2924 1215 2991 sit
1230 2931 1396 3009 gravatus,
1413 2944 1520 3009 supp,

156 3036 250 3112 quat.
265 3028 426 3111 Gerardo,
438 3031 509 3115 ejus
526 3030 604 3110 lilio,
617 3030 705 3109 cler,
721 3029 764 3095 de
790 3030 902 3114 aliquo
928 3033 1005 3095 ben.
1022 3032 1104 3095 eccl.
1125 3051 1150 3095 s.
1168 3050 1207 3110 c.,
1235 3028 1328 3113 cujus
1352 3027 1521 3093 fructus...

157 3134 199 3197 80
214 3133 270 3198 lib.
287 3132 365 3199 Tur.
378 3134 603 3217 quantitatem
629 3152 788 3213 annuam,
803 3155 870 3200 sec.
885 3142 955 3199 tax.
980 3134 1121 3214 decime,
1137 3153 1205 3198 non
1233 3132 1409 3212 excedant,
1426 3150 1520 3217 spec-

156 3244 252 3301 tante
267 3236 313 3301 ad
326 3238 403 3303 coll.
430 3237 624 3323 archiepisc.
649 3237 827 3319 Senonen„
848 3237 939 3324 [vac.
963 3239 1016 3302 vel
1045 3235 1185 3323 vacat.],
1202 3236 1384 3323 dignemini
1409 3235 1521 3321 provi·

156 3339 234 3405 dere
250 3364 259 3419 ;
276 3361 345 3407 non
362 3344 448 3407 obst.
475 3342 567 3426 quod
593 3342 711 3427 capell.
737 3344 866 3428 capelle
886 3342 1023 3407 domine
1052 3341 1241 3427 Margarete
1269 3339 1360 3427 apud
1375 3339 1520 3405 Pontem

157 3442 190 3508 S.
207 3442 417 3525 Manxentie,
435 3445 613 3511 Belvacen.
640 3444 737 3525 dioc,
764 3446 913 3511 noscitur
940 3447 1101 3511 obtinere.
1123 3486 1166 3495 -
1192 3444 1269 3510 Fiat
1293 3466 1397 3529 usque
1419 3444 1462 3509 ad
1480 3464 1521 3528 50

158 3548 214 3612 lib.
229 3548 269 3614 R.

201 3692 284 3753 603.
302 3685 391 3752 Item
407 3708 503 3773 supp.
531 3687 604 3753 sim.
631 3708 679 3772 gr.
703 3688 774 3752 fieri
800 3687 835 3752 in
861 3708 1041 3775 personam
1067 3688 1167 3768 Petri,
1194 3689 1264 3773 ejus
1289 3687 1357 3765 filii,
1374 3687 1461 3765 cler,
1478 3684 1522 3750 ad

158 3791 267 3856 coll...
283 3791 385 3876 episc.
402 3790 632 3872 Cameracen,
654 3790 745 3877 [vac.
761 3793 816 3855 vel
833 3790 974 3878 vacat.].
991 3832 1034 3841 —-
1051 3791 1128 3858 Fiat
1143 3800 1181 3856 ut
1197 3810 1297 3875 supra
1315 3788 1354 3853 R.

202 3893 281 3959 Dat.
296 3896 397 3961 Avin.
414 3915 432 3976 9
448 3894 516 3961 kal.
532 3896 605 3961 dec.
621 3904 655 3961 a⁰
672 3904 715 3961 2⁰.
732 3897 780 3981 (3,
798 3894 835 3960 Ρ.
852 3892 898 3975 II,
917 3897 1001 3981 γον).

209 4031 327 4114 604.
1125 4064 1219 4129 1343,
1236 4062 1278 4125 25
1295 4044 1477 4108 novembre.

202 4150 303 4237 Supp.
341 4148 525 4232 Johannes,
567 4150 705 4216 Boemie
744 4172 812 4231 rex,
855 4158 889 4216 et
932 4172 1046 4217 comes
1080 4148 1388 4233 Lucemburgensis,
1428 4156 1520 4232 quat.

158 4256 240 4321 eccl.
257 4254 409 4341 parroch.
425 4254 468 4319 de
484 4254 543 4336 Os,
559 4254 719 4322 Leodien.
735 4256 834 4337 dioc,
851 4256 894 4321 de
918 4262 1098 4342 patronatu
1124 4256 1200 4319 abb.
1224 4260 1259 4317 et
1275 4272 1372 4317 conv.
1405 4271 1520 4316 mona-

156 4360 248 4424 sterii
280 4358 551 4444 EptemacensiS,
579 4358 621 4425 O.
638 4360 670 4425 S.
686 4358 736 4440 B,
752 4359 932 4425 Treveren.
962 4359 1059 4437 dioc,
1092 4358 1124 4422 in
1155 4356 1248 4421 dicto
1275 4354 1439 4420 comitatu
1455 4353 1519 4433 siti,

157 4463 341 4549 dignemini
356 4464 449 4530 dicto
463 4463 668 4528 monasterio
684 4463 718 4526 iu
734 4473 951 4547 augmentum
967 4461 1155 4527 reddituum
1173 4468 1207 4524 et
1222 4459 1412 4523 relevamen
1429 4456 1520 4523 debi-

157 4579 279 4648 torum,
295 4568 416 4653 quibus
430 4567 559 4633 dictum
583 4567 825 4632 monasterium
849 4575 900 4631 est
927 4574 1113 4651 gravatum,
1139 4571 1226 4629 auct.
1243 4570 1350 4648 apost.
1367 4562 1521 4647 incorpo-

157 4692 231 4738 rare
246 4694 292 4739 ac·
302 4672 398 4736 unire
412 4678 586 4756 perpetu0,
603 4677 728 4735 certam
744 4679 943 4756 perpetuam
967 4669 1125 4736 vicariam
1143 4668 1175 4732 in
1192 4667 1342 4752 predicta
1358 4667 1439 4731 eccl.
1457 4667 1521 4731 ins·

157 4776 323 4855 tituendo,
340 4775 393 4841 cui
418 4774 500 4841 certi
527 4782 760 4859 competentes
784 4766 934 4840 redditus
961 4773 1062 4859 ipsius
1089 4774 1181 4852 eccl,
1207 4771 1250 4838 ad
1274 4770 1521 4838 ordinationem

190 4962 213 5007 l.
224 4960 291 5009 «Itan
303 4958 337 5008 de
349 4958 474 5021 lilarigny,
489 4959 630 5009 lala-1347
643 4957 747 5021 (Eubel,
762 4958 781 5017 l,
797 4958 864 5018 130).
