3650 5675
292 435 357 500 390
800 438 887 512 1848,
911 439 962 504 88
984 438 1166 510 decembre.

348 584 488 668 1458·
1284 608 1380 690 1348,
1396 609 1420 673 8
1433 611 1611 675 decembre.

339 703 394 769 De
409 706 696 791 resignationibus,
870 785 873 794 y

340 807 478 872 Placeat
493 807 524 873 S.
541 807 602 873 V...
617 807 765 874 —ltem
788 810 886 876 simili
909 811 1013 878 modo
1036 811 1183 890 Johanni
1207 813 1249 880 de
1274 812 1392 896 Freris,
1420 815 1542 881 clerico
1568 815 1655 882 Leo-

295 911 412 993 diensi,
427 910 609 996 dignemini
626 912 802 998 providere
818 913 860 979 de
876 915 1012 1000 paroch.
1029 917 1111 982 eccl.
1127 915 1170 982 de
1186 916 1355 1000 Doneher,
1380 917 1539 985 Leodien.
1555 919 1653 1002 dioc,

295 1034 369 1080 vac.
385 1035 445 1099 per
458 1015 598 1079 liberam
614 1017 878 1103 resignacionem
894 1018 928 1083 in
940 1020 1093 1084 manibus
1106 1020 1164 1107 [R.
1177 1022 1214 1088 P.
1226 1021 1316 1088 dom.
1329 1021 1543 1110 G(uillelmi),
1556 1024 1655 1090 electi

295 1117 552 1206 Tricastrini],...
568 1119 694 1186 factam
710 1142 770 1207 per
785 1142 873 1206 mag.
890 1119 1097 1187 Willelmum
1112 1124 1155 1191 de
1172 1121 1319 1207 Monte,¹
1336 1126 1417 1191 olim
1433 1127 1534 1213 ipsius
1550 1128 1656 1193 eccle-

296 1222 343 1286 sie
358 1229 534 1303 rectorem,
550 1223 783 1309 dispensantes
807 1246 883 1290 cum
906 1225 1026 1291 eodem
1050 1225 1208 1304 Johanne
1232 1229 1322 1315 quod
1344 1231 1521 1297 ecclesiam
1548 1231 1654 1318 ipsam

296 1324 444 1410 recipere
460 1334 495 1391 et
510 1325 602 1390 licite
618 1328 761 1392 retinere
783 1329 899 1414 possit,
923 1349 999 1394 cum
1019 1351 1058 1414 23
1083 1332 1184 1397 etatis
1207 1353 1265 1398 sue
1287 1354 1413 1399 annum
1440 1333 1597 1419 attigerit.
1612 1375 1655 1384 —

297 1427 375 1494 Fiat
391 1429 431 1495 R.

340 1533 421 1598 Dat.
437 1534 537 1599 Avin.
556 1539 573 1598 6
590 1534 634 1600 id.
649 1535 722 1601 dec.
739 1544 772 1601 a⁰
790 1543 832 1620 7⁰.
849 1538 919 1622 (16,
939 1538 1021 1618 δι”).

350 1672 493 1754 1459.
1285 1692 1610 1776 13488181111111.

341 1789 396 1855 De
404 1794 720 1877 pennutachm'bus.

341 1892 430 1960 Item
445 1916 522 1961 cum
537 1895 637 1962 frater
648 1896 798 1963 Thomas
809 1897 852 1963 de
867 1897 1007 1980 Leodio,
1020 1899 1202 1964 canonicus
1213 1899 1408 1965 monasterii
1421 1898 1655 1974 Calvimontis,

299 1998 439 2064 Remen.
455 1999 553 2081 dioc,
570 2000 889 2067 Premonstratensis
905 2002 1039 2084 ordinis,
1066 2024 1126 2088 per
1153 2024 1189 2069 se
1215 2003 1290 2090 [de]
1309 2002 1472 2089 Oingnies
1497 2013 1532 2070 et
1556 2003 1657 2070 frater

297 2101 470 2180 Johannes
498 2105 531 2169 le
557 2103 689 2187 Bokial,
706 2108 887 2174 canonicus
921 2108 1114 2174 monasterii
1138 2107 1323 2190 Lefflensis,
1349 2108 1494 2195 predicti
1522 2109 1657 2189 ordinis,

297 2207 457 2274 Leodien.
483 2207 581 2291 dioc,
604 2231 664 2295 per
689 2220 940 2297 procuratorem
967 2233 1063 2278 suum
1079 2212 1121 2278 de
1137 2211 1347 2297 Jassoingne,
1375 2211 1534 2279 Leodien.
1556 2212 1657 2294 dioc,

297 2311 435 2396 paroch.
458 2313 617 2379 ecclesias
651 2316 752 2380 caus‘a
784 2315 1077 2401 permutacionis...
1099 2316 1350 2401 resignaverint,
1374 2337 1469 2402 supp.
1493 2325 1659 2402 quatenus

297 2414 389 2481 fratri
401 2415 533 2482 Thome
548 2418 590 2484 de
598 2417 620 2496 'J
622 2419 798 2504 assoingne
809 2428 843 2485 et
852 2419 945 2485 fratri
957 2418 978 2497 J
981 2420 1105 2486 ohanni
1117 2419 1275 2507 predictis
1290 2419 1333 2486 de
1344 2419 1508 2506 Oingnies
1519 2421 1657 2506 paroch.

297 2521 446 2586 ecclesiis
455 2522 558 2588 modo
569 2523 731 2608 premisso
743 2524 942 2589 vacantibus
953 2524 1136 2610 dignemini
1148 2524 1323 2612 providere
1335 2545 1412 2591 cum
1426 2515 1656 2591 translatione.

298 2664 341 2673 —
357 2622 434 2689 Fiat
449 2645 512 2710 pro
527 2633 701 2710 utroque...
717 2626 759 2692 R.
1103 2675 1104 2678 κ

340 2727 420 2794 Dat.
436 2728 535 2794 Avin.
554 2734 572 2794 6
588 2728 632 2795 id.
648 2729 720 2796 dec.
736 2737 770 2796 a⁰
786 2738 828 2815 7⁰.
845 2732 917 2814 (16,
937 2733 1005 2818 67).

351 2865 496 2947 1460.
1286 2882 1381 2967 1348,
1397 2902 1417 2965 9
1434 2883 1613 2949 de'cernbre.

341 2982 463 3067 Supp...
479 2982 580 3048 frater
596 2982 724 3065 Petrus,
740 2972 956 3052 Vasionensis
971 2987 1107 3073 episc.,²
1123 2994 1215 3072 quat.
1229 2986 1444 3052 collationem
1460 2985 1583 3052 factam
1599 3008 1660 3073 per

296 3086 406 3172 ipsum
421 3086 553 3152 notario
569 3107 629 3153 suo
645 3085 885 3155 Bartholomeo
897 3086 1042 3156 Malheti
1058 3089 1101 3155 de
1117 3090 1290 3155 Dionanto
1305 3089 1452 3171 ³,clerico
1468 3088 1659 3171 Leodiensi,

296 3189 340 3254 de
356 3191 486 3274 capella
516 3190 558 3256 de
584 3190 710 3273 Roaco,
738 3192 828 3259 dicte
844 3193 1024 3259 Vasionen.
1047 3194 1124 3260 dioc
1127 3244 1178 3276 .....
1201 3200 1309 3258 ratam
1326 3200 1361 3258 et
1380 3200 1510 3277 gratam
1533 3193 1659 3259 habere

298 3293 511 3377 dignemini...
526 3317 534 3376 ;
550 3315 620 3359 non
636 3298 722 3361 obst.
734 3297 829 3381 quod
844 3298 1067 3383 capellaniam
1082 3297 1259 3383 hospitalis
1274 3297 1305 3363 S.
1321 3296 1487 3375 Johannis
1503 3296 1658 3384 Baptiste

297 3403 333 3460 et
345 3397 449 3462 altare
466 3397 497 3463 S.
507 3396 639 3464 Thome
651 3400 752 3465 situm
769 3400 803 3465 in
819 3402 901 3467 eccl.
918 3402 1095 3485 collegiata
1111 3400 1149 3467 B.
1167 3399 1216 3468 M.
1230 3401 1479 3483 Dionantensis,
1496 3401 1658 3468 Leodien.

299 3499 395 3581 dioc,
418 3500 567 3567 noscitur
582 3503 743 3569 obtinere.
759 3544 803 3553 —
818 3504 1036 3571 Providemus
1052 3502 1093 3570 R.

342 3603 421 3671 Dat.
437 3605 537 3671 Avin.
555 3626 572 3690 5
590 3605 634 3673 id.
650 3606 723 3672 dec.
739 3614 773 3672 a⁰
791 3615 833 3692 7⁰.
850 3608 920 3692 (16,
941 3611 1023 3693 58').

352 3741 486 3823 1461.
575 3766 579 3775 ’
1287 3758 1383 3841 1348,
1400 3778 1420 3843 9
1436 3758 1615 3823 decembre.

341 3859 429 3944 Sign.
446 3860 478 3925 S.
494 3859 535 3925 V.
547 3859 775 3945 ‚Engilbertus
792 3881 907 3927 comes
930 3861 972 3927 de
1000 3859 1130 3943 Marka,
1153 3881 1287 3926 necnon
1309 3860 1435 3927 devota
1458 3860 1525 3925 filia
1547 3868 1662 3926 vestra

300 3962 464 4046 Rilrardis,
480 3963 548 4029 filia
568 3964 769 4030 marchionis
791 3963 999 4048 Juliacensis,
1027 3965 1117 4050 quod
1143 3973 1280 4051 propter
1306 3964 1467 4030 unionem
1494 3972 1658 4030 terrarum

297 4067 548 4133 marchionatus
571 4066 591 4145 J
595 4068 779 4150 uliacensis,
795 4068 976 4135 comitatus
991 4069 1033 4135 de
1051 4066 1173 4135 Monte
1190 4076 1225 4133 et
1247 4067 1289 4135 de
1314 4066 1445 4149 Madia,
1461 4080 1472 4112 ⁴
1487 4087 1552 4152 que
1566 4067 1657 4152 prin-

297 4169 389 4256 cipes
403 4170 534 4236 illarum
548 4179 583 4239 et
598 4170 749 4239 subditos
764 4171 800 4237 in
815 4173 908 4259 pacis
922 4172 1034 4239 federe
1050 4173 1148 4238 unius
1171 4172 1276 4239 efficit
1298 4172 1492 4254 voluntatis,
1516 4193 1557 4237 ex
1572 4192 1656 4255 quo-

297 4295 370 4341 rum
385 4282 477 4342 statu
491 4276 671 4360 tranquillo
686 4276 774 4341 inter
787 4278 933 4363 partium
949 4278 1081 4343 illarum
1103 4277 1232 4343 incolas
1247 4276 1497 4360 tranquillitatis
1511 4283 1546 4340 et
1560 4276 1657 4362 pacis

297 4379 476 4445 commoda
490 4380 598 4445 multa
612 4380 815 4467 provenient
829 4389 864 4447 et
887 4381 932 4448 ad
954 4379 1159 4447 obviandum
1181 4379 1306 4466 guerris
1328 4387 1364 4444 et
1386 4378 1655 4459 dissentionibus,

295 4504 361 4567 que
376 4504 418 4548 ex
433 4484 659 4569 predictorum
675 4485 857 4568 contrariis,
881 4485 973 4572 pacis
996 4486 1108 4550 emulo
1133 4490 1346 4575 procurante,
1369 4483 1532 4549 hactenus
1554 4484 1656 4548 susci-

329 4667 351 4712 l.
363 4664 463 4723 Kusch
475 4664 551 4725 Koll,
564 4668 618 4725 229,
632 4666 688 4715 238.
699 4694 731 4702 —
743 4670 766 4716 2.
778 4667 870 4727 Pione,
883 4666 916 4716 de
928 4666 1019 4715 l’ordre
1031 4666 1075 4715 des
1094 4666 1203 4725 Carmes,
1221 4669 1383 4728 superarent
1400 4662 1497 4725 aveque
1513 4662 1547 4713 de
1563 4663 1657 4713 Grease

295 4737 399 4799 (Eubel,
413 4737 433 4796 1,
446 4738 516 4800 547).
531 4766 563 4774 —
583 4741 606 4787 3.
617 4740 680 4787 Voir
691 4754 716 4789 n.
729 4743 801 4790 1167.
818 4769 850 4776 -
868 4743 891 4789 1.
904 4741 979 4789 Cette
999 4740 1137 4803 supplique
1148 4744 1246 4802 permet
1258 4737 1395 4787 d’avanoer
1405 4736 1438 4787 dc
1449 4738 1489 4786 six
1499 4752 1546 4787 ens
1557 4736 1583 4785 la
1594 4736 1656 4785 dato

293 4825 393 4859 rounue
404 4811 440 4859 du
451 4813 564 4875 mariage
580 4813 751 4874 d'Ilngelbert
770 4816 812 4863 lll
830 4816 863 4863 de
881 4814 907 4863 11
927 4813 1016 4863 Merclr
1034 4828 1097 4863 avec
1117 4812 1243 4861 Richards
1261 4811 1294 4860 ‹le
1313 4811 1408 4860 Julicrs
1426 4812 1472 4874 (cl.
1483 4810 1516 4861 de
1528 4810 1655 4869 Chcstrct,

297 4884 363 4933 Illat.
374 4882 406 4933 de
417 4884 445 4933 11
456 4886 551 4935 naaiaou
562 4886 593 4934 de
604 4886 630 4933 la
643 4886 742 4946 Marc-le,
755 4902 798 4951 pp.
811 4889 904 4948 3132).
