3650 5675
282 494 344 558 838
705 495 793 569 1347,
817 495 857 558 29
878 493 1073 572 septembre-l
1096 496 1222 560 octobre.

333 651 433 711 1275.
452 642 540 709 Item
555 665 651 730 supp.
667 644 757 710 idem
772 644 1045 730 archiepiscopus
1069 654 1160 730 quat.
1182 646 1299 732 nepoti
1326 666 1386 712 suo
1411 646 1591 715 Guillelmo
1615 653 1647 717 le

288 749 435 816 Masuier
450 749 492 814 de
507 750 659 835 parrocb.
676 752 758 817 eccl.
773 750 816 816 de
834 748 1069 830 Hastainvilla‚
1096 750 1341 835 Rothomagen.
1364 749 1461 832 dioc.,
1488 773 1560 820 vac.
1589 775 1648 840 per

287 856 341 919 ob.
357 852 536 939 supradicti
554 850 703 935 Roberti,
720 853 903 939 dignemini
919 853 1104 939 providere,
1117 875 1184 920 non
1202 856 1288 919 obst.
1305 852 1395 938 quod
1410 875 1513 921 uuum
1534 866 1646 944 patro

286 955 431 1041 nagium,
446 954 612 1023 Morinen.
628 957 725 1038 dioc.,
741 957 823 1023 duas
839 957 1064 1043 cappellanias
1079 978 1104 1023 s.
1121 979 1150 1024 c.
1167 956 1324 1042 Bajocen.
1341 978 1381 1023 ac
1397 979 1472 1026 can.
1495 968 1530 1026 et
1553 964 1645 1047 preb.

286 1061 369 1127 eccl.
393 1058 673 1142 Montisfalconis,
702 1061 841 1127 Romen.
857 1060 954 1142 dioc.,
971 1069 1006 1127 et
1020 1081 1092 1127 carr.
1109 1062 1191 1128 eccl.
1208 1061 1366 1147 Bajocen.
1381 1065 1441 1128 sub
1461 1084 1537 1150 exp.
1552 1068 1644 1151 preb.

287 1163 418 1230 obtinet
439 1184 479 1228 ac
494 1165 572 1230 ben.
587 1165 669 1230 eccl.
685 1163 729 1229 ad
744 1165 819 1230 coll.
836 1164 1029 1230 monasterii
1046 1163 1215 1250 S.Vigoris
1230 1165 1273 1230 de
1289 1164 1469 1252 Ceraseyo‚
1486 1165 1644 1252 Bajocen.

287 1268 384 1348 dioc.,
395 1266 544 1332 noscitur
559 1275 748 1353 expectare,
761 1289 819 1334 seu
831 1267 923 1353 quod
934 1267 1056 1333 existat
1066 1268 1099 1332 in
1112 1288 1149 1333 22
1161 1289 1251 1334 anno
1261 1268 1361 1333 etatis
1371 1289 1506 1335 sue...—-
1519 1269 1594 1336 Fiat
1605 1271 1645 1338 R.

331 1370 411 1435 Dat.
427 1370 528 1435 Avin.
545 1389 564 1454 -7
580 1370 647 1436 kal.
663 1379 730 1437 oct.
747 1378 780 1436 a⁰
798 1376 839 1437 6⁰.
857 1371 930 1455 (lli,
952 1372 1037 1456 115).

342 1507 475 1592 1276.
1249 1538 1343 1603 1347,
1360 1539 1402 1603 29
1414 1521 1603 1606 septembre.

330 1626 432 1713 Supp.
448 1625 623 1704 Johannes
639 1624 776 1707 Galteri,
792 1625 935 1691 famulus
950 1625 1118 1710 quondam
1137 1628 1215 1690 bon.
1232 1644 1332 1689 mem.
1356 1622 1447 1689 dom.
1472 1623 1647 1689 cardinalis

284 1729 690 1813 Autissiodorensisquat.
705 1728 970 1816 [consanguineo
979 1750 1039 1793 suo
1048 1727 1067 1806 J
1071 1728 1194 1794 obanni
1208 1725 1361 1808 Beraudi,
1372 1725 1509 1813 clerico]
1525 1725 1646 1793 Lemo-

284 1834 394 1900 viceu.
410 1834 529 1915 dioc.,..
545 1833 588 1899 de
604 1853 678 1899 can.
702 1841 737 1898 et
758 1835 851 1920 preb.
873 1834 954 1898 eccl.
978 1832 1009 1899 S.
1026 1832 1115 1897 Petri
1132 1831 1344 1912 Casletensis,
1363 1828 1531 1896 Morinen.
1546 1830 1643 1912 dioc.,

289 1960 364 2005 vac.
381 1959 440 2027 per
455 1946 600 2005 mortem
614 1936 635 2016 J
638 1938 779 2005 ohannis
795 1937 958 2023 Roussey‚
974 1936 1154 2021 dignemini
1171 1934 1363 2022 providere;
1376 1955 1444 2001 non
1456 1937 1541 2001 obst.
1553 1935 1643 2019 quod

284 2065 386 2109 unam
407 2043 668 2110 matriculariam
684 2042 871 2108 clericalem
887 2043 922 2106 in
938 2042 1020 2108 eccl.
1044 2041 1257 2106 Aurelianen.
1281 2059 1414 2104 necnon
1439 2039 1642 2125 capellanias

224 2145 228 2153 ’
284 2149 326 2212 de
343 2147 477 2234 Nigella
493 2150 608 2214 subtus
624 2145 782 2228 Lensum,
794 2149 991 2212 Atrebatem
1001 2146 1098 2228 dioc.,
1114 2145 1262 2211 noscitur
1278 2144 1439 2209 obtinere.
1451 2183 1494 2192 -
1511 2141 1586 2208 Fiat
1603 2142 1642 2210 R.

329 2252 409 2317 Dat.
425 2250 524 2316 Avin.
543 2272 560 2335 3
577 2250 644 2316 kal.
661 2258 728 2316 oct.
745 2258 779 2316 a⁰
797 2255 838 2317 6⁰.
856 2251 929 2335 (14,
951 2251 1037 2334 122).

341 2389 474 2470 1277.
744 2403 747 2406 ’
1313 2416 1408 2482 1347,
1425 2417 1444 2462 a
1461 2398 1599 2464 octobre.

328 2506 451 2593 Supp...
467 2505 626 2584 Jolranna
641 2505 684 2570 de
700 2503 928 2584 Claromonte,
944 2503 1081 2568 domina
1099 2500 1422 2588 Morrtisgasconis...,
1438 2509 1531 2585 quat.
1551 2499 1641 2566 dom.

284 2609 526 2676 Bartlrolomeo
541 2609 584 2674 de
601 2607 761 2695 Foylhos,
771 2608 967 2694 presbitero,
980 2606 1132 2671 familiari
1148 2613 1183 2670 et
1198 2605 1342 2691 emptori
1359 2603 1517 2670 carissimi
1532 2611 1568 2669 et
1582 2603 1642 2670 do·

282 2714 364 2780 mini
380 2714 490 2779 fratris
512 2713 572 2794 sui,
595 2711 686 2778 dom.
697 2711 875 2778 cardinalis
887 2710 1106 2790 Boloniensis‚
1118 2709 1161 2775 de
1173 2729 1246 2774 can.
1260 2718 1294 2774 et
1304 2710 1395 2794 preb.
1406 2707 1437 2774 S.
1454 2705 1640 2793 Gaugerici,

282 2816 501 2886 Cameracen.
517 2817 614 2898 dioc.,
631 2835 704 2882 vac.
720 2835 781 2903 per
796 2815 926 2881 obitum
942 2812 1171 2881 dom.Thome
1186 2812 1228 2879 de
1244 2811 1343 2895 Foro,
1360 2811 1415 2897 qui
1431 2819 1525 2877 extra
1542 2809 1639 2877 Rom.

281 2924 407 2988 curiam
430 2921 520 2988 diem
545 2920 665 2988 clausit
689 2930 907 2987 extremum...
931 2918 1114 3005 dignemini
1140 2916 1316 3004 providere
1331 2940 1339 2998 ;
1356 2937 1425 2982 non
1448 2918 1533 2982 obst.
1550 2914 1639 3001 quod

280 3025 433 3111 parroch.
459 3026 541 3091 eccl.
567 3026 610 3091 de
635 3024 827 3111 Gleyzoliis,
856 3023 1096 3090 Claromonten
1121 3023 1218 3105 dioc.,
1246 3021 1394 3087 noscitur
1420 3020 1580 3087 obtinere.
1596 3060 1639 3071 —-

281 3128 359 3194 Fiat
375 3128 416 3195 R.
891 3134 894 3140 '

324 3232 402 3297 Dat.
419 3234 519 3298 Avin.
537 3253 553 3317 5
570 3254 650 3299 non.
667 3240 734 3299 oct.
750 3240 783 3297 a⁰
800 3237 841 3298 6⁰.
859 3232 931 3316 (14,
954 3232 1040 3315 128).

337 3368 472 3451 1278.
882 3460 885 3466 ¹
1308 3399 1403 3468 1347,
1421 3383 1441 3446 6
1456 3382 1594 3447 octobre.

323 3487 424 3554 Motu
436 3486 572 3574 proprio
584 3486 800 3573 providemus
810 3489 1009 3571 Aymonoto
1020 3487 1062 3553 de
1075 3487 1254 3554 Cololento
1267 3498 1285 3569 ¹,
1310 3507 1384 3553 can.
1396 3487 1438 3552 de
1449 3485 1636 3564 OsseriacO,

281 3589 430 3659 Melden.
445 3591 544 3671 dioc.,
562 3590 604 3655 de
620 3612 694 3657 can.
711 3599 747 3656 et
759 3590 898 3656 dimidia
913 3591 1083 3677 prebenda
1093 3590 1125 3658 S.
1136 3590 1226 3655 Petri
1243 3588 1434 3671 InsulensiS,
1449 3587 1636 3655 Tomacen.

278 3695 376 3775 dioc.,
394 3715 466 3760 vac.
483 3714 542 3780 per
557 3701 702 3759 mortem
729 3692 877 3758 Allelmii
904 3693 947 3760 de
971 3693 1143 3761 Belloloco
1155 3704 1175 3776 ²,
1201 3693 1256 3779 qui
1273 3712 1379 3779 nuper
1394 3699 1487 3757 extra
1512 3692 1637 3758 curiam

278 3798 369 3863 diem
384 3797 503 3864 clausit
517 3804 717 3863 extremum.
733 3837 776 3848 —-
792 3796 870 3863 Fiat
885 3806 981 3864 motu
996 3798 1141 3885 proprio.
1158 3797 1198 3864 R.

322 3901 400 3967 Dat.
417 3902 513 3965 Avin.
531 3921 548 3966 2
565 3921 645 3967 non.
662 3911 728 3967 oct.
746 3908 780 3966 a⁰
797 3906 838 3968 6⁰.
856 3902 930 3985 (14,
950 3902 1052 3987 127').
1172 3944 1175 3949 ,

333 4035 471 4120 1279.
996 4144 998 4147 Ι
1300 4066 1393 4135 1347,
1411 4068 1431 4133 7
1454 4038 1605 4114 octobre.¹

320 4154 409 4239 Sign.
433 4152 581 4231 Jacobus
605 4151 728 4219 Catine
749 4162 784 4219 et
810 4152 927 4237 Maria,
952 4154 1020 4219 iilia
1045 4152 1163 4231 Jacobi
1191 4154 1381 4235 Ricouardi,
1397 4150 1633 4231 Tomacencis,

274 4258 410 4345 nepotis
434 4256 544 4323 clerici
560 4256 660 4322 vestri
677 4255 697 4334 J
700 4277 731 4323 o.
747 4256 790 4322 de
805 4256 970 4341 Tomaco,
987 4258 1076 4343 quod
1098 4258 1179 4323 olim
1203 4257 1264 4344 ipsi
1284 4256 1476 4343 ignorantes
1498 4252 1634 4338 aliquod

275 4361 557 4450 impedimentum
571 4360 715 4427 existere
731 4360 822 4445 quod
845 4360 982 4427 deberet
998 4362 1084 4428 inter
1100 4382 1158 4427 eos
1172 4360 1424 4427 matrimonium
1440 4357 1632 4445 impedire...

277 4465 328 4552 [in
347 4463 454 4531 tercio
464 4463 765 4549 consanguinitatis
773 4464 1191 4552 gradu]...matrimonium
1202 4471 1442 4537 contraxerunt
1454 4470 1489 4528 et
1501 4461 1633 4527 insimul

273 4568 469 4635 habitantes
492 4567 623 4652 prolem
647 4568 750 4633 etiam
775 4575 1003 4654 procrearunt.
1024 4606 1056 4617 -
1076 4558 1199 4655 Supp...
1223 4576 1336 4654 quat...
1352 4567 1387 4632 in
1413 4565 1506 4633 dicto
1521 4565 1633 4631 matri-

273 4674 390 4753 monio
404 4670 496 4737 licite
511 4690 686 4737 remanere
705 4672 852 4739 valeant.
868 4712 910 4722 -
928 4672 1006 4738 Fiat
1020 4694 1080 4760 per
1103 4674 1319 4739 diocesanum
1334 4670 1360 4737 si
1376 4670 1419 4737 sit
1433 4670 1491 4752 ita,
1503 4669 1632 4755 injunc-

303 4872 325 4919 l.
338 4869 395 4919 (lite
406 4883 438 4919 eu
450 4870 513 4919 aott
527 4871 589 4919 1349
600 4884 700 4919 comme
711 4870 785 4918 chan.
797 4870 897 4932 d'Agen
906 4876 932 4920 et
949 4870 982 4920 de
995 4872 1164 4921 Saluo-Pieria
1175 4872 1208 4921 de
1218 4872 1283 4921 Lille
1295 4872 1460 4934 (Hautcoeur‚
1477 4868 1582 4927 aanor,
1595 4868 1630 4929 ll,

269 4944 376 5006 226).—
388 4946 411 4993 2.
423 4942 481 4993 Cito
492 4957 523 4993 en
537 4945 599 4992 1325
611 4943 645 5003 (I
644 4942 673 5004 b„
686 4944 721 5004 ΙΙ,
734 4944 782 4992 639
793 4960 799 5002 ;
810 4945 844 4994 et.
856 4945 1007 5007 Haubcoeur¹
1020 4946 1176 5007 Documento,
1188 4946 1255 5008 246).
1379 4982 1381 4985 -
