3650 5675
732 439 821 513 1343,
843 437 878 502 21
898 438 1008 520 jiillet
1512 449 1552 513 97

183 595 273 661 nalis
297 592 440 679 predicti
467 615 571 679 usque
596 594 639 660 ad
662 593 897 679 septemnium,
913 593 1099 658 litterarum
1115 594 1226 660 studio
1241 595 1425 663 insistendo
1441 607 1498 664 aut
1517 600 1549 666 in

185 717 321 763 suorum
336 697 577 762 beneficiomm
589 698 696 763 altero
711 696 1297 777 residend0,fructus...beneficiorum
1310 722 1443 766 suorum
1456 705 1548 784 eccl,

182 822 250 885 que
260 822 352 867 nunc
368 801 501 867 obtinet
516 803 571 866 vel
586 803 806 889 imposterum
826 801 1003 882 obtinebit,
1020 802 1190 888 percipere
1205 804 1325 885 valeat,
1342 806 1427 870 sicut
1443 809 1548 892 perci-

183 914 280 991 peret
295 907 320 970 si
339 905 373 970 in
390 905 465 987 illis,
481 906 631 993 exceptis
647 905 823 972 cotidianis
838 905 1134 988 distributionibus,
1147 909 1366 992 personaliter
1378 909 1546 979 resideret.

183 1050 227 1060 —
242 1009 319 1076 Fiat
334 1013 379 1076 ad
393 1011 574 1076 triennium
591 1010 632 1077 R.

224 1171 310 1231 436.
328 1163 416 1230 Item
436 1165 519 1250 sign.
532 1164 622 1250 quod
638 1165 719 1231 olim
734 1165 853 1230 eadem
876 1163 1048 1230 Sanctitas
1063 1164 1107 1229 ad
1119 1166 1225 1251 suppl.
1242 1166 1343 1251 ipsius
1359 1167 1548 1249 cardinalis,¹

181 1280 263 1336 tunc
290 1270 438 1356 episcopi
466 1269 665 1352 Tornacen,
692 1270 755 1357 ipsi
782 1269 884 1336 Petro
899 1269 942 1334 de
958 1268 1062 1349 siclis,
1079 1289 1151 1356 cap.
1167 1279 1202 1334 et
1214 1272 1392 1337 secretario
1416 1294 1485 1356 su0,
1502 1274 1544 1340 de

180 1394 254 1439 can.
266 1375 349 1439 eccl.
366 1373 402 1439 N
403 1375 571 1440 oviomen.
588 1377 648 1439 sub
663 1395 739 1460 exp.
755 1377 858 1461 preb,
875 1383 912 1438 ut
927 1373 961 1438 in
978 1373 1094 1455 forma,
1109 1374 1256 1460 providit
1271 1384 1307 1440 et
1318 1375 1449 1456 deinde,
1467 1399 1543 1444 cum

179 1481 212 1541 in
229 1478 347 1544 eadem
363 1479 445 1544 eccl.
462 1487 625 1543 statutum
637 1499 698 1564 per
708 1479 823 1544 sedem
833 1485 943 1563 apost.
956 1477 1191 1543 confirmatum
1207 1499 1266 1544 seu
1281 1479 1390 1544 eidem
1403 1483 1542 1548 ecclesie

178 1591 237 1646 aut
266 1582 417 1668 capitulo
447 1582 550 1668 ipsius
576 1603 772 1648 concessum
798 1603 857 1647 seu
883 1581 1049 1647 indultum
1078 1585 1121 1647 ab
1152 1583 1270 1651 eadem
1300 1583 1389 1666 sede,
1413 1594 1471 1650 aut
1500 1586 1543 1651 de

177 1686 422 1753 consuetudine
437 1689 539 1772 ipsius
550 1689 690 1754 ecclesie
706 1690 884 1752 obtentum
900 1694 935 1751 et
951 1689 1163 1751 observatum
1179 1687 1249 1752 fore
1264 1687 1429 1753 diceretur
1452 1691 1542 1773 quod

177 1790 288 1855 nullus
303 1791 506 1876 reciperetur
521 1792 554 1855 in
570 1790 661 1856 dicta
676 1791 758 1856 eccl.
774 1791 809 1855 in
826 1790 1026 1855 canonicum
1042 1790 1125 1855 etin
1141 1791 1288 1871 fratrem,
1301 1792 1363 1856 nisi
1379 1794 1541 1879 recipien-

175 1895 238 1959 dus
262 1887 330 1960 vel
344 1895 415 1980 ejus
440 1905 636 1982 procurator
661 1916 722 1982 pro
746 1915 788 1959 eo
807 1895 1033 1979 juramentum
1049 1899 1214 1979 prestaret
1230 1894 1321 1979 quod
1336 1904 1424 1962 esset
1439 1897 1540 1962 libere

174 1999 388 2080 conditionis,
418 2020 488 2066 non
513 2007 630 2066 tamen
661 2000 798 2080 servilis,
828 1998 984 2082 idemque
1012 1997 1140 2080 PetruS,
1164 1999 1244 2064 licet
1279 2020 1348 2066 non
1380 2000 1467 2066 foret
1497 2001 1539 2066 de

173 2104 342 2169 nobilibus
367 2105 421 2169 vel
445 2105 556 2170 liberis
582 2105 775 2191 parentibus
801 2111 1005 2191 procreatus,
1033 2110 1147 2169 tamen
1173 2103 1236 2168 suit
1259 2105 1482 2171 manumissus
1503 2114 1540 2171 et

171 2208 257 2272 liber
287 2208 427 2274 effectus
457 2218 492 2274 et
521 2209 643 2274 deinde
672 2209 716 2275 ad
746 2229 865 2275 omnes
902 2228 1013 2274 sacros
1043 2207 1175 2274 ordines
1205 2218 1388 2294 promotus,
1420 2210 1538 2276 eadem

172 2311 218 2391 S,
225 2311 270 2377 ad
285 2311 388 2398 ipsius
403 2313 575 2397 quondam
591 2313 768 2379 cardinalis
784 2333 891 2399 supp,
903 2312 1087 2378 declaravit
1096 2312 1240 2378 eundem
1253 2312 1400 2394 Petrum,
1414 2314 1538 2380 virtute

171 2416 362 2500 hujusmodi
378 2425 488 2483 vestre
499 2419 616 2504 gratie,
632 2426 760 2483 statuto
775 2439 834 2483 seu
849 2417 981 2484 indulto
992 2426 1050 2484 aut
1066 2419 1282 2484 concessione
1305 2422 1365 2511 sub
1378 2440 1537 2503 quaeum-

170 2540 237 2603 que
245 2520 355 2586 forma
369 2523 423 2586 vel
438 2523 651 2607 expressione
666 2525 846 2588 verborum
862 2530 921 2587 aut
937 2521 1178 2587 consuetudine
1194 2522 1383 2606 hujusmodi
1413 2544 1536 2607 nequa-

173 2647 278 2709 quam
293 2629 379 2692 obst.
395 2627 429 2692 in
452 2627 572 2693 eadem
595 2629 677 2694 eccl.
700 2627 930 2714 recipiendum
951 2627 1021 2691 fore
1037 2627 1070 2690 in
1088 2626 1289 2691 canonicum
1305 2627 1386 2691 etin
1403 2627 1536 2692 fratrem

172 2753 214 2796 ac
244 2733 348 2797 etiam
379 2733 422 2800 ad
452 2736 544 2819 preb.
575 2733 636 2799 sibi
666 2734 828 2814 debitam,
858 2753 937 2798 cum
963 2737 1101 2796 vacaret
1131 2728 1255 2795 ibidem
1285 2728 1460 2815 ipsumque
1494 2729 1536 2794 ad

169 2836 413 2920 prestationem
426 2838 607 2921 juramenti
623 2838 812 2924 hujusmodi
828 2858 896 2902 non
912 2834 1018 2901 teneri
1035 2843 1070 2900 et
1085 2832 1211 2899 dictam
1227 2842 1372 2899 vestram
1394 2833 1535 2918 gratiam

168 2939 315 3006 valuisse
331 2948 366 3006 et
381 2942 503 3021 valere,
528 2964 568 3007 ac
583 2942 737 3007 debuisse
754 2951 789 3008 et
804 2941 927 3007 debere
943 2939 1051 3006 sortiri
1068 2938 1236 3019 effectum,
1253 2936 1535 3021 quemadmodum

169 3043 310 3109 haberet
325 3052 360 3109 et
388 3046 570 3127 sortiretur,
598 3047 624 3111 si
650 3045 760 3112 dictus
784 3046 903 3111 Petrus
927 3047 970 3110 ab
992 3044 1089 3109 initio
1112 3042 1228 3107 fuisset
1258 3050 1293 3107 et
1319 3051 1407 3107 esset
1433 3042 1536 3106 libere

169 3147 384 3230 conditionis,
411 3170 482 3215 non
509 3157 623 3215 tamen
651 3150 788 3232 semilis,
812 3158 847 3214 et
873 3170 916 3213 ex
942 3148 1108 3214 nobilibus
1131 3154 1188 3212 aut
1211 3146 1321 3210 liberis
1343 3146 1536 3231 parentibus

169 3261 373 3336 procreatus.
401 3253 512 3336 Quare
536 3254 705 3340 supplicat
731 3254 820 3319 idem
847 3252 966 3317 Petrus
988 3260 1080 3336 quat.
1097 3250 1157 3315 sibi
1181 3249 1377 3334 ampliorem
1393 3250 1535 3333 gratiam

170 3354 341 3438 facientes,
368 3356 557 3441 huJusmodi
585 3367 695 3423 vestre
711 3356 946 3423 declarationis
968 3356 1109 3440 gratiam
1125 3354 1169 3419 ad
1184 3374 1301 3420 omnes
1323 3355 1404 3420 alias
1420 3354 1534 3421 cathe-

168 3459 279 3525 drales
290 3468 326 3525 et
338 3461 533 3546 collegiatas
544 3461 749 3544 ecclesias,in
759 3462 878 3547 quibus
890 3461 951 3526 sibi
962 3460 996 3524 in
1008 3460 1155 3525 futurum
1168 3458 1335 3544 provideri
1347 3459 1533 3543 contigerit,

168 3565 274 3629 etiam
300 3565 325 3630 si
353 3566 474 3631 similia
496 3575 625 3633 statuta
641 3588 700 3633 seu
715 3565 844 3632 indulta
860 3568 921 3631 sub
937 3585 1149 3650 quacumque
1166 3564 1272 3630 forma
1287 3566 1464 3629 verborum
1479 3565 1533 3627 vel

167 3669 381 3753 expressione
393 3679 428 3735 et
439 3671 505 3736 alia
517 3692 727 3756 quecumque
739 3692 780 3736 ac
793 3669 1028 3736 concessiones
1041 3678 1074 3734 et
1087 3668 1347 3735 constitutiones
1359 3668 1390 3730 in
1406 3668 1531 3732 eisdem

166 3772 316 3837 ecclesiis
339 3774 538 3856 habeantur,
555 3776 660 3841 etiam
686 3776 714 3841 si
738 3775 782 3840 de
808 3775 872 3839 illis
895 3782 955 3839 aut
978 3794 1093 3838 eorum
1109 3773 1221 3856 aliquo
1236 3772 1270 3834 in
1288 3770 1407 3834 litteris
1423 3779 1531 3855 apost.

167 3885 285 3942 contra
297 3878 457 3963 premissa
468 3881 522 3943 vel
539 3880 674 3965 aliquod
685 3879 922 3965 premissorum
933 3876 1157 3943 concedendis
1168 3876 1211 3940 de
1223 3878 1327 3939 verbo
1338 3872 1381 3938 ad
1394 3876 1531 3953 verbum

166 3966 256 4045 esset
272 3980 426 4047 facienda
441 3985 570 4049 mentio
585 3984 737 4070 specialis
750 4006 758 4063 ;
777 3983 824 4049 ita
839 3982 929 4066 quod
941 3982 974 4046 in
988 3980 1101 4067 gratiis
1113 3987 1147 4044 et
1159 3978 1404 4064 provisionibus
1416 3978 1475 4042 sibi
1489 3978 1531 4042 de

166 4085 430 4171 quibuscumque
445 4088 855 4172 beneficiis,dignitatibus,
867 4086 1101 4172 personatibus
1113 4103 1170 4147 seu
1183 4080 1301 4146 officiis
1313 4081 1530 4165 impostennn

164 4188 388 4273 quovismodo
402 4191 571 4272 faciendis,
587 4192 630 4258 de
652 4191 716 4256 hiis
738 4191 947 4256 mentionem
974 4189 1043 4253 fieri
1066 4208 1133 4252 non
1158 4193 1314 4270 oporteat
1336 4184 1527 4269 specialem,

164 4292 348 4357 extendere
363 4292 559 4378 dignemini.
576 4334 618 4345 -
635 4294 711 4360 Fiat
728 4291 768 4359 R.

207 4452 292 4512 437.
318 4445 406 4511 Item
429 4468 525 4535 supp.
547 4448 745 4515 Guillelmus
759 4449 802 4515 de
818 4449 921 4533 Bega,
938 4449 1111 4533 Agenuen.
1126 4445 1317 4527 dioc.,oli1n
1330 4446 1480 4511 notarius
1495 4454 1530 4511 et

161 4550 361 4615 secretarius
383 4551 505 4636 prefati
529 4552 621 4619 dom.
646 4554 833 4634 cardinalis,
850 4551 906 4637 qui
928 4552 961 4615 in
979 4549 1116 4636 negotio
1133 4549 1354 4615 nuntiationis
1369 4570 1428 4635 per
1444 4549 1472 4614 S.
1489 4546 1529 4614 V.

162 4652 275 4722 eidem
303 4652 395 4720 dom.
416 4655 515 4721 card·
528 4659 716 4739 commisse,
732 4657 874 4722 fideliter
889 4654 1056 4721 laboravit
1071 4663 1107 4720 et
1121 4654 1336 4739 quamplures
1352 4654 1530 4739 scripturas

162 4757 316 4843 publicas
340 4765 375 4822 et
399 4759 549 4844 privatas
564 4761 719 4842 confecit,
736 4769 828 4845 quat.
844 4760 905 4826 sibi
922 4760 964 4825 de
981 4780 1054 4825 can.
1071 4767 1106 4824 et
1121 4760 1212 4845 preb.
1235 4759 1316 4823 eccl.
1334 4757 1529 4837 Vercellen,

162 4880 238 4926 vac.
254 4881 315 4946 per
335 4864 389 4927 ob.
400 4861 481 4929 dicti
493 4862 582 4931 dom.
605 4864 792 4946 cardinalis,
814 4886 872 4930 seu
889 4865 970 4930 alias
986 4862 1207 4947 quovismodo
1223 4861 1403 4947 dignemini
1421 4862 1530 4949 provi-

215 4982 278 5024 Aual.
289 4981 341 5024 Vnt.
351 4982 412 5034 mig.
1470 4999 1481 5033 7
