3650 5675
739 510 826 581 1342,
849 509 903 574 2-5
925 514 998 578 nott
1515 519 1557 582 27

248 656 352 740 134.
1112 694 1117 705 ·
1278 694 1372 759 1342,
1389 697 1409 740 2
1425 683 1513 742 norit.

238 769 338 855 Supp.
354 768 528 846 Johannes
543 767 680 836 Bescoti
696 780 715 853 ¹,
731 772 911 840 Belvaeen.
928 775 1023 858 dioc.,
1036 778 1097 862 leg.
1109 776 1209 859 doct,
1222 780 1296 844 cler.
1304 787 1340 844 et
1353 780 1558 848 consiliarius

192 873 278 958 regis
295 872 447 953 Francie,
463 880 555 957 quat
570 874 631 939 sibi
648 895 723 941 can.
739 879 821 943 eccl.
844 877 1060 946 Cameracen.
1084 903 1126 947 ac
1148 886 1238 968 preb.
1254 904 1320 949 una
1343 904 1420 949 cum
1435 885 1556 971 dign...

192 996 362 1042 reservare
376 974 568 1061 dignemini,
590 998 658 1043 non
687 983 772 1045 obst.
789 981 879 1065 quod
903 982 993 1048 idem
1021 983 1195 1068 Johannes
1221 1007 1293 1051 can.
1310 995 1345 1052 et
1367 992 1458 1073 preb.
1476 992 1557 1057 eccl.

192 1081 222 1146 S.
240 1078 410 1146 Honorati
421 1081 519 1165 juxta
537 1079 679 1147 Parisios
695 1104 736 1150 ao
759 1085 787 1148 S.
806 1084 944 1151 Martini
969 1087 1012 1152 de
1024 1087 1222 1170 Pinchonio,
1241 1089 1443 1157 Ambianen.
1459 1092 1556 1173 dioc.,

190 1184 339 1250 noscitur
354 1184 514 1251 obtinere.
530 1225 573 1233 —
591 1183 668 1251 Fiat
683 1187 786 1253 etiam
802 1189 845 1254 de
861 1190 962 1274 dign,
979 1192 1083 1257 etiam
1099 1213 1128 1259 c.
1145 1214 1172 1258 c.
1191 1192 1231 1260 R.

233 1289 311 1354 Dat.
328 1310 381 1375 ap.
397 1287 647 1355 Villamnovam
663 1314 682 1376 4
699 1312 774 1358 non.
792 1314 867 1378 aug.
885 1302 919 1359 a⁰
939 1301 976 1361 1⁰.
993 1280 1035 1379 (l,
1055 1299 1138 1381 103).

250 1461 353 1545 135·
1279 1503 1373 1566 1342,
1391 1505 1410 1548 2
1427 1490 1515 1549 norit.

236 1577 337 1663 Supp.
364 1577 548 1661 Johannes,
575 1602 633 1646 rex
661 1581 832 1661 Bohemie,
861 1591 954 1665 quat.
980 1584 1074 1667 [cler.
1101 1585 1281 1651 secretario
1303 1591 1379 1651 suo'
1393 1586 1558 1671 Henrico]

195 1680 310 1746 Haille
324 1692 344 1762 ²,
371 1683 617 1769 Rothomagen.
641 1686 771 1765 dioc.,...
789 1687 843 1770 qui
871 1688 933 1752 sibi
960 1708 1021 1773 per
1051 1709 1088 1772 14
1105 1708 1213 1754 annos
1228 1697 1264 1753 et
1280 1690 1423 1774 amplius
1437 1693 1556 1757 bene...

194 1784 373 1865 sepivit...
389 1786 432 1851 de
448 1808 523 1853 can.
539 1789 622 1855 eccl.
638 1789 856 1857 Cameracen.
873 1788 1056 1873 dignemini
1072 1790 1256 1875 providere,
1273 1795 1365 1876 preb.
1377 1813 1458 1859 vero
1469 1795 1557 1876 [vac.

195 1889 249 1953 vel
264 1891 419 1973 iacat.]...
435 1891 577 1957 eidem...
593 1902 813 1961 reservantes
829 1932 871 1943 -
893 1890 972 1957 Fiat
986 1892 1021 1957 in
1037 1894 1119 1959 eccl.
1135 1893 1326 1979 Trnjecten.
1345 1895 1384 1961 R.

239 1991 317 2058 Dat.
332 2014 386 2079 ap.
403 1994 651 2062 Villamnovam
667 2020 687 2082 4
703 2017 782 2061 non.
799 2017 873 2081 aug.
891 2006 925 2061 a⁰
945 2004 984 2061 1⁰.
1001 1995 1044 2079 (I,
1066 1999 1156 2080 104*)

247 2164 354 2250 136.
1279 2202 1374 2265 1342,
1392 2205 1410 2246 2
1427 2189 1516 2249 norit.

238 2282 336 2369 Supp.
349 2282 515 2348 Henricus
526 2282 636 2348 dictus
648 2282 760 2369 Beyer
772 2281 814 2348 de
832 2282 1001 2369 Bopardia
1010 2293 1031 2364 ³,
1048 2284 1122 2349 cler.
1133 2292 1168 2349 et
1178 2285 1319 2351 servitor
1330 2285 1417 2352 dom.
1431 2285 1451 2364 J
1453 2287 1559 2353 ohan-

193 2385 246 2450 nis
260 2387 345 2469 regis
361 2385 510 2467 Boemie,
526 2395 616 2471 quat.
634 2387 694 2452 sibi
710 2386 753 2452 de
769 2407 842 2453 can.
859 2387 939 2452 eccl.
957 2385 1157 2472 Maguntin.,
1174 2408 1215 2453 ac
1240 2390 1449 2474 prepositura
1473 2391 1555 2457 eccl.

195 2488 225 2553 S.
239 2487 467 2555 Bartholomei
479 2489 810 2570 Frankenfordensis,
823 2488 1011 2575 Maguntin.
1022 2489 1118 2571 dioc.,
1128 2490 1226 2556 solita
1238 2490 1447 2577 Maguntinis
1456 2514 1557 2560 cano-

195 2592 279 2659 nicis
293 2592 460 2659 duntaxat
475 2594 626 2676 conferri,
641 2615 715 2660 vac.
732 2594 766 2658 in
783 2592 879 2659 Rom.
896 2593 987 2658 curia
1003 2614 1063 2679 per
1087 2602 1231 2659 mortem
1248 2595 1417 2678 quondam
1443 2596 1559 2681 Hugo·

196 2697 247 2762 nis
263 2696 423 2780 Morselli,
440 2698 527 2765 sedis
543 2706 651 2784 apost.
669 2718 847 2784 cap.,cu1n
874 2697 1028 2762 omnibus
1049 2697 1176 2781 juribus
1199 2706 1234 2761 et
1256 2698 1465 2783 pertinentiis
1481 2699 1556 2779 suis,

197 2787 377 2886 dignemini
393 2802 590 2888 providere;
606 2804 697 2888 preb.
720 2799 861 2867 indicta
883 2800 1026 2866 ecclesia
1043 2797 1231 2886 Maguntin.
1248 2803 1336 2885 [vac.
1346 2802 1399 2866 vel
1421 2802 1558 2886 vacat.],

199 2905 436 2972 conferendam
459 2906 569 2971 eidem
594 2905 754 2986 Henrico,
782 2904 965 2989 dignemini
990 2924 1170 2970 reservare.»
1194 2903 1274 2970 Non
1303 2908 1388 2971 obst.
1412 2905 1502 2991 quod
1526 2906 1559 2970 in

198 3007 384 3090 Treveren,
412 3010 441 3076 S.
459 3008 552 3075 Pauli
578 3008 749 3091 Leodien.‚
778 3009 807 3074 S.
832 3007 860 3074 F
862 3009 969 3089 lorini,
991 3016 1026 3073 et
1052 3008 1081 3073 S.
1109 3007 1257 3074 Castoris
1279 3007 1313 3074 in
1336 3009 1560 3090 Confluentia,

197 3110 374 3178 Treveren.
387 3112 485 3194 dioc.,
502 3133 573 3178 can.
590 3123 625 3179 et
640 3117 742 3200 preb,
760 3133 799 3178 ac
823 3113 857 3177 in
873 3113 994 3178 eadem
1011 3112 1040 3176 S.
1058 3111 1204 3177 Castoris
1227 3113 1345 3178 eccles.
1362 3113 1560 3193 cantoriam,

196 3236 261 3298 que
277 3217 417 3301 simplex
434 3215 581 3282 officium
600 3217 723 3298 existit,
742 3217 890 3283 noscitur
909 3217 1061 3282 obtinere
1077 3237 1087 3295 ;
1111 3235 1170 3280 seu
1193 3214 1284 3298 quod
1305 3215 1395 3282 dicta
1412 3217 1560 3303 preposi-

197 3327 270 3383 tura
284 3340 345 3405 per
360 3318 551 3397 Johannem
567 3319 610 3385 de
625 3319 834 3400 Constantia,
851 3319 1018 3384 decanum
1036 3317 1235 3400 Maguntin.,
1251 3328 1419 3406 occupata
1434 3341 1494 3405 per
1510 3319 1559 3384 sui

198 3421 276 3487 lacti
293 3423 484 3508 potentiam
499 3422 674 3488 detinetur.
696 3461 728 3471 -
758 3421 835 3488 Fiat
853 3423 893 3488 R.

242 3525 318 3591 Dat
335 3525 426 3612 apud
440 3525 690 3592 Villamnovam
706 3551 726 3612 4
743 3548 821 3618 non.
839 3547 914 3612 aug.
931 3535 965 3591 a⁰
985 3534 1023 3592 1⁰.
1041 3525 1084 3610 (Ι,
1105 3527 1202 3610 104l').

250 3698 351 3781 137.
622 3741 624 3746 ’
1223 3751 1227 3757 »
1270 3734 1365 3798 1342,
1382 3730 1403 3792 5
1423 3715 1512 3774 norit.

241 3815 339 3902 Supp.
355 3816 374 3895 J
378 3820 504 3884 acobus
526 3816 569 3882 de
584 3815 673 3880 Villa
683 3825 703 3894 ⁴,
721 3813 937 3881 Cameracen.
954 3816 1049 3895 dioc,
1064 3817 1120 3901 qui
1135 3817 1259 3883 diutius
1283 3813 1429 3901 gerendo
1440 3831 1559 3898 procu-

196 3920 315 3985 ratoris
330 3919 478 3986 officium
494 3919 529 3984 in
545 3919 636 3985 curia
654 3917 810 3985 Romana
822 3920 894 4004 jam
906 3920 1025 4001 senuit,
1038 3929 1129 4004 quat.
1146 3921 1186 4002 ei,
1199 3928 1237 3986 ut
1252 3917 1420 3984 residuum
1431 3914 1559 3980 dierum

197 4045 330 4091 suorum
345 4025 379 4090 in
395 4023 501 4090 natali
526 4025 599 4091 solo
626 4021 702 4091 Deo
717 4023 864 4091 serviens
886 4023 1126 4089 honorabiliter
1142 4040 1373 4089 consummare
1400 4017 1559 4106 [valeat],

196 4129 320 4195 decan.
337 4129 418 4212 eccl.
436 4126 653 4195 Cameracen.
669 4137 706 4195 et
721 4126 922 4196 sacerdotali
948 4129 1048 4213 preb,
1069 4125 1157 4212 [rac.
1169 4126 1224 4189 vel
1233 4121 1359 4210 vacat]
1378 4121 1558 4207 dignemini

196 4232 379 4318 providere,
396 4251 465 4298 non
491 4234 575 4296 obst
602 4231 693 4316 quod
718 4233 753 4298 in
779 4231 808 4298 S.
825 4230 940 4296 Crucis
963 4229 1191 4310 Cameracen.,
1219 4226 1402 4308 Haltrensi,
1428 4224 1559 4290 Antho-

195 4337 312 4420 niensi,
328 4344 363 4401 et
389 4335 418 4400 S.
435 4335 596 4401 Germani
626 4334 825 4417 Montensis,
854 4335 1012 4414 ecclesiis,
1040 4332 1131 4399 dicte
1155 4333 1252 4414 dioc,
1279 4329 1498 4398 canonicatus
1524 4337 1559 4393 et

228 4587 250 4632 l.
264 4582 369 4642 Denille,
386 4582 509 4640 (banni,
523 4583 558 4640 11,
575 4585 630 4631 333.
642 4611 674 4618 -
685 4585 707 4632 2.
722 4583 789 4632 Mon.
807 4581 862 4631 l'ul.
875 4581 941 4632 Bole.
952 4579 973 4640 I,
986 4595 1011 4631 n.
1024 4581 1105 4640 71-76,
1117 4582 1166 4630 230
1176 4598 1183 4640 ;
1194 4581 1228 4632 cf.
1249 4583 1355 4630 111-112
1368 4597 1374 4630 ;
1391 4581 1475 4638 Brom,
1494 4580 1513 4638 Ι,
1535 4592 1560 4624 n.

196 4659 340 4706 roal-1032.
352 4685 383 4690 --
395 4659 417 4705 3,
430 4657 577 4714 Sauerlnnd,
593 4656 684 4705 illicia.
702 4655 769 4716 l'rl,
788 4671 813 4704 n.
828 4659 896 4714 1011,
912 4657 981 4714 1301,
994 4656 1065 4714 2303,
1078 4657 1142 4702 2373
1153 4671 1160 4713 ;
1172 4655 1278 4714 Βὶειῐεῐ,
1291 4663 1319 4702 u⁰
1330 4656 1394 4702 2036
1407 4653 1491 4711 ;.llon.
1506 4652 1560 4699 l'nt.

195 4729 267 4788 Βοὴ,
280 4730 300 4789 l,
313 4745 338 4778 n.
351 4731 471 4777 rr-nl.--
483 4731 506 4778 1.
518 4728 601 4788 videl,
614 4744 639 4778 n.
652 4733 725 4777 5012.
737 4729 761 4776 Il
772 4731 843 4778 as'nit
854 4728 895 4778 ete
916 4727 1122 4794 prs-cedemment
1135 4729 1260 4778 ohannine
1271 4728 1304 4775 ‹le
1317 4728 1430 4788 Soignies
1441 4731 1467 4774 et
1480 4726 1560 4786 figun-

194 4817 224 4850 on
238 4809 305 4851 cette
315 4801 413 4864 qualite
425 4802 448 4850 lo
460 4805 475 4850 6
487 4817 555 4851 mars
568 4804 631 4850 1330
644 4801 720 4866 (llas.
733 4801 816 4862 drin,
829 4803 866 4862 36,
876 4803 894 4851 i.
904 4803 985 4864 nllv).
996 4802 1064 4850 C'eat
1071 4802 1265 4865 probablomcnt
1273 4802 1297 4847 le
1304 4801 1415 4861 lacones
1426 4815 1441 4849 a
1451 4799 1561 4847 Simonis

193 4877 225 4925 de
244 4876 312 4924 Villa
324 4889 345 4934 n,
365 4873 513 4924 nrcntionnd
533 4876 598 4924 (lana
616 4891 651 4924 un
671 4883 728 4924 acto
745 4876 781 4924 ‹lu
800 4879 813 4924 7
831 4883 895 4938 sapt.
914 4878 976 4924 1316
988 4876 1101 4939 (lllollat,
1114 4890 1139 4925 n.
1151 4877 1211 4937 110)
1224 4891 1230 4932 ;
1241 4874 1275 4922 cf.
1287 4875 1396 4937 ‹l'lloop
1413 4874 1519 4922 (linarias
1529 4871 1560 4918 de

195 4949 374 4998 duint-Berlin
386 4947 401 4996 ri
415 4949 581 5014 I’operinqlee,
596 4953 642 4998 15⁸
653 4955 679 4998 ot
692 4951 756 4999 suiv.
