3650 5675
699 498 788 573 rara,
810 498 848 561 1er
865 497 977 578 juillet.
1461 502 1523 566 aar

201 656 300 717 1753.
324 648 413 714 Item
428 669 524 735 supp.
540 647 740 713 Laurentius
755 648 798 714 de
814 647 1013 734 Columpna,
1037 670 1145 736 nepos
1162 650 1340 717 cardinalis
1363 652 1524 736 ejusdem,

160 752 309 834 clericus,
326 754 454 818 nullum
477 755 554 818 ben.
570 760 751 831 assecutus,
767 761 858 837 quat.
875 774 951 817 can.
975 762 1010 818 et
1025 757 1118 839 preb.
1136 775 1177 820 ac
1193 755 1365 820 abbatiam
1381 756 1524 822 ecclesie

158 854 355 922 Leodiensis
379 857 530 922 similiter
555 865 733 921 vacaturos
757 855 977 922 conferendos
1003 857 1113 923 eidem
1136 856 1319 925 Laurentio
1339 858 1522 944 dignemini

158 980 339 1026 reservare.
354 1000 398 1011 --
414 959 494 1025 Fiat
511 959 552 1025 R.

201 1128 410 1201 1754.·ltem
426 1154 521 1220 supp.
549 1132 696 1211 Jacobus
719 1133 762 1199 de
789 1131 988 1219 Columpna,
1006 1133 1107 1199 frater
1135 1131 1313 1200 cardinalis
1338 1132 1486 1218 ejusdem
1502 1146 1523 1214 ¹,

158 1254 219 1320 pro
235 1236 359 1320 quode
376 1237 577 1323 episcopatu
602 1236 775 1321 Urgellen.
803 1236 913 1302 dictus
940 1236 1116 1303 cardinalis
1131 1237 1254 1302 institit
1280 1237 1361 1302 dum
1375 1238 1522 1318 vivebat,

158 1346 249 1423 quat.
265 1359 340 1406 can.
357 1348 392 1406 et
407 1344 500 1427 preb.
515 1361 556 1407 ac
571 1340 816 1426 preposituram
832 1342 916 1407 eccl.
932 1341 964 1407 S.
981 1341 1143 1427 Stephani
1159 1340 1369 1426 Aquilegen,
1394 1340 1436 1407 de
1452 1341 1523 1427 qui-

156 1445 219 1508 bus
234 1444 392 1509 cardinali
408 1445 562 1530 predicto
578 1444 604 1511 si
621 1464 682 1529 per
697 1445 960 1511 consecrationis
974 1466 1096 1511 munus
1123 1444 1334 1530 suscipiende
1359 1464 1421 1529 per
1435 1445 1522 1510 elec-

156 1555 230 1612 tum
246 1547 502 1615 Concordien...
518 1561 530 1587 ²
546 1549 600 1614 vel
617 1549 683 1614 alio
699 1548 802 1614 modo
818 1558 978 1615 vacarent
993 1550 1166 1636 provisum
1182 1548 1393 1629 extiterat...
1411 1547 1522 1613 eidem

156 1647 288 1726 Jacobo
313 1652 462 1719 conferre
485 1652 669 1739 dignemini
689 1675 697 1732 ;
714 1672 783 1717 non
799 1655 885 1718 obst.
903 1653 994 1738 quod
1009 1654 1043 1717 in
1064 1653 1148 1719 eccl.
1173 1651 1369 1731 Sicliniensi,
1394 1650 1522 1717 Toma-

158 1773 230 1817 cen.
245 1754 343 1836 dioc,
361 1776 434 1821 can.
450 1762 485 1820 et
500 1758 592 1842 preb.
607 1756 757 1821 noscitur
773 1756 935 1821 obtinere.
954 1794 985 1804 -
1006 1755 1084 1822 Fiat
1099 1755 1140 1821 R.

202 1856 281 1923 Dat.
294 1858 393 1924 Avin.
411 1879 428 1923 2
445 1857 512 1924 kal.
521 1858 593 1943 julii
611 1866 644 1923 a⁰
658 1860 700 1923 8⁰.
717 1861 787 1940 (19,
805 1860 874 1943 73).

211 2031 509 2115 1755-1756.
1186 2065 1283 2130 1349,
1300 2052 1343 2110 τ’*
1352 2044 1476 2127 juillet.

201 2146 302 2234 Supp.
318 2156 430 2214 vester
445 2151 587 2215 servitor
602 2148 621 2226 J
625 2148 776 2214 ohannes
792 2149 834 2215 de
850 2147 998 2226 Casleto,
1015 2149 1200 2215 canonicus
1211 2148 1383 2229 Leodien.,
1400 2150 1521 2215 collec-

156 2259 210 2316 tor
234 2262 346 2318 vestre
373 2272 507 2318 camere
535 2253 721 2339 apostolice
746 2252 779 2316 in
806 2253 980 2338 provincia
1007 2252 1183 2320 Colonien.
1198 2262 1220 2333 ³,
1241 2260 1334 2337 quat.
1356 2273 1434 2319 cum
1460 2272 1522 2318 suo

157 2356 344 2441 capellano,
365 2378 456 2423 nunc
481 2366 516 2422 et
542 2357 623 2422 alias
649 2357 759 2443 sepius
784 2377 845 2443 pro
868 2358 1012 2441 negotiis
1038 2358 1140 2444 ipsius
1167 2377 1299 2422 camere
1323 2357 1367 2423 ad
1393 2358 1520 2423 curiam

156 2460 360 2542 transmissu,
376 2459 396 2538 J
399 2460 534 2526 ohanne
550 2460 836 2545 Willenbringlren
853 2461 895 2527 de
924 2460 1010 2541 Fies,
1026 2462 1211 2546 presbitero
1237 2459 1398 2526 Leodien.
1421 2460 1520 2540 dioc,

157 2584 233 2629 cum
250 2584 317 2647 quo
343 2564 406 2629 fuit
433 2566 514 2630 alias
539 2585 637 2650 super
658 2564 793 2629 defectu
819 2564 993 2645 natalium,
1009 2584 1110 2650 quem
1133 2563 1262 2649 patitur
1276 2563 1319 2629 de
1334 2565 1521 2649 presbitero

155 2668 289 2752 genitus
304 2676 339 2732 et
354 2668 587 2753 soluta,'›quod
611 2668 801 2753 hujusmodi
825 2688 895 2733 non
920 2671 1006 2734 obst.
1031 2667 1166 2734 defectu
1192 2675 1307 2753 posset
1334 2666 1378 2731 ad
1403 2687 1521 2732 omnes

157 2771 289 2836 ordines
304 2774 495 2858 promoveri
511 2780 545 2838 et
561 2771 643 2839 eccl.
665 2775 741 2838 ben.
769 2772 872 2840 etiam
898 2792 927 2839 c.
944 2792 974 2839 c.
990 2773 1153 2854 obtinere,
1182 2771 1383 2838 auctoritate
1410 2780 1520 2857 apost.

157 2876 387 2962 dispensatum
403 2899 412 2957 ;
429 2877 522 2963 cujus
537 2876 796 2963 dispensationis
812 2885 969 2962 pretextu
985 2876 1074 2942 idem
1090 2875 1267 2954 Jolrannes
1282 2883 1334 2941 est
1348 2875 1383 2940 in
1395 2874 1520 2961 presbi-

158 2988 266 3046 terum
283 2981 466 3068 ordinatus,
483 2991 517 3047 et
541 2981 694 3068 parroch.
721 2981 900 3046 ecclesiam
926 2980 969 3046 de
996 2979 1206 3064 Lovenyoel‚
1223 2979 1372 3064 ejusdem
1396 2979 1484 3045 dioc.
1498 2990 1520 3060 ⁴,

157 3095 329 3151 assecutus
344 3109 353 3166 ;
370 3085 463 3170 quod
477 3085 646 3173 premissis
672 3107 740 3152 non
768 3089 854 3151 obst.
870 3085 977 3171 possit
1002 3084 1113 3150 adhuc
1128 3083 1197 3150 duo
1213 3086 1296 3150 eccl.
1311 3084 1477 3150 beneficia
1493 3105 1520 3150 s.

156 3208 185 3253 c.
201 3188 350 3274 recipere
366 3197 401 3254 et
416 3190 571 3270 retinere,
588 3196 622 3254 et
639 3189 710 3275 ipsa
725 3209 793 3254 una
819 3209 895 3254 eum
921 3189 1032 3273 priori,
1048 3187 1318 3274 quandocunque
1334 3189 1396 3254 sibi
1410 3189 1518 3254 visum

155 3290 254 3356 fuerit
270 3292 463 3378 expediens,
479 3302 678 3379 permutare,
695 3302 730 3359 et
746 3293 837 3379 quod
853 3293 895 3359 de
912 3293 985 3379 ipso
1000 3292 1137 3358 defectu
1152 3293 1185 3356 in
1201 3292 1313 3376 aliqua
1334 3294 1443 3378 gratia
1458 3314 1519 3378 pro

156 3395 229 3481 ipso
245 3395 459 3483 impetranda
473 3418 542 3462 non
558 3406 714 3463 teneatur
738 3397 848 3464 facere
872 3397 1093 3478 mentionem,
1121 3396 1306 3481 dignemini
1334 3397 1520 3464 misericor-

156 3498 244 3564 diter
258 3499 462 3586 dispensare.
478 3536 521 3546 -
535 3499 612 3567 Fiat
629 3501 669 3568 R.
784 3582 787 3588 Ι

202 3680 303 3742 1756.
320 3672 409 3739 Item
437 3695 533 3760 supp.
550 3681 643 3759 quat.
671 3694 747 3739 cum
775 3671 931 3750 Johanne
956 3672 998 3737 de
1026 3671 1174 3750 Casleto,
1200 3670 1325 3737 clerico
1349 3670 1520 3771 leodien,

159 3797 236 3843 curn
253 3797 320 3862 quo
335 3776 397 3841 suit
413 3777 495 3842 alias
511 3797 609 3863 super
625 3776 760 3842 defectu
775 3775 950 3856 natalium,
978 3795 1079 3859 quem
1094 3775 1222 3861 patitur
1247 3775 1290 3841 de
1317 3775 1522 3841 subdiacono

157 3881 290 3966 genitus
305 3888 340 3946 et
356 3881 476 3962 soluta,
494 3881 584 3966 quod
610 3879 799 3966 hujusmodi
824 3900 893 3945 non
921 3882 1006 3945 obst.
1022 3877 1156 3944 defectu
1179 3888 1294 3965 posset
1318 3879 1360 3945 ad
1376 3879 1522 3944 minores

158 3983 292 4050 ordines
317 3983 509 4069 promoveri
525 3991 560 4048 et
576 3983 659 4048 eccl.
677 3985 754 4048 ben.
771 4003 796 4048 s.
813 4003 842 4047 c.
866 3983 1029 4060 obtinere,
1045 3980 1249 4046 auctoritate
1265 3981 1433 4047 ordinaria
1456 3981 1521 4048 dis·

157 4095 359 4175 pensatum3
384 4089 477 4173 cujus
502 4087 761 4172 dispensationis
795 4093 952 4172 pretextu
983 4085 1074 4151 idem
1105 4083 1278 4164 Johannes
1301 4095 1352 4151 est
1383 4106 1456 4153 can.
1487 4095 1522 4152 et

157 4194 249 4277 preb.
277 4191 417 4258 ecclesie
441 4191 479 4256 B.
504 4191 612 4257 Marie
640 4190 876 4271 Cennacensis,
900 4189 1060 4256 Leodien.
1082 4191 1180 4272 dioc,
1204 4200 1404 4271 assecutus}
1432 4191 1523 4275 quod

157 4295 325 4380 premissis
336 4315 406 4360 non
422 4299 506 4361 obst.
530 4295 636 4381 possit
658 4295 702 4361 ad
724 4316 842 4360 onmes
864 4315 978 4361 sacros
993 4295 1125 4361 ordines
1147 4295 1339 4382 promoveri
1355 4305 1391 4361 et
1412 4295 1522 4362 adhuc

157 4398 226 4465 duo
242 4401 426 4481 eoolbem,
444 4399 547 4464 etiam
569 4399 597 4464 si
620 4399 715 4464 alteri
733 4398 865 4464 illorum
877 4419 956 4464 cura
971 4399 1145 4464 immineat
1160 4399 1358 4480 animarum,
1374 4399 1522 4484 recipere

191 4639 453 4688 1131131163.-
469 4642 493 4688 2.
506 4641 661 4690 Constantin
675 4643 845 4704 Savorgusno,
865 4639 956 4704 prevbt
972 4642 1005 4689 de
1016 4641 1169 4689 subuenire
1180 4638 1239 4703 pres
1249 4638 1364 4701 Aquilee,
1384 4639 1487 4689 nomme
1497 4641 1522 4689 le

158 4713 189 4760 12
200 4711 335 4762 decembre
346 4713 415 4772 1347,
428 4710 524 4762 decede
536 4712 559 4762 le
571 4715 586 4762 8
597 4716 650 4764 mai
663 4716 727 4764 1343
739 4715 839 4773 lllubel,
854 4715 873 4773 l,
886 4713 956 4771 209).
965 4741 998 4749 -
1010 4715 1032 4762 3.
1044 4714 1107 4762 Voir
1118 4728 1144 4761 n.
1157 4715 1228 4761 1049.
1237 4741 1269 4750 -
1280 4715 1304 4760 4.
1315 4713 1381 4762 Jeun
1392 4712 1425 4760 de
1437 4713 1521 4761 cassel

157 4789 278 4850 occupare
289 4785 334 4836 des
345 4785 370 4835 le
382 4789 413 4834 10
424 4785 510 4848 juillet
529 4788 591 4836 1333
603 4803 654 4838 une
666 4788 781 4851 chapelle
797 4788 863 4836 dans
879 4785 976 4848 l’egliae
992 4787 1025 4835 de
1037 4785 1179 4848 borenjoul
1191 4786 1345 4848 (Analecta,
1357 4785 1436 4843 XIII,
1454 4787 1520 4845 337).

155 4859 222 4910 doen
233 4860 456 4923 Willenbringhen
478 4860 607 4925 possederit
618 4877 710 4913 encore
731 4862 757 4910 lu
776 4875 837 4911 cure
854 4861 886 4910 de
907 4859 1049 4922 Iorenjoul
1069 4861 1093 4908 le
1112 4862 1144 4909 23
1155 4862 1207 4908 mni
1220 4863 1290 4920 1352,
1302 4859 1360 4921 jour
1371 4859 1405 4908 ou
1416 4859 1436 4906 il
1447 4863 1521 4921 recut

157 4931 229 4984 l'iud.
243 4937 269 4984 iu
280 4939 331 4984 art.
343 4937 431 4984 arrrrlr'a
443 4935 516 4999 ffl‘d·
528 4936 613 4996 Arba,
627 4938 680 4996 120,
693 4936 712 4985 1.
725 4935 789 4992 608).
