3650 5675
280 477 341 540 442
837 473 926 548 1349,
949 473 989 537 22
1012 475 1081 538 mai.

323 636 423 696 1678.
440 625 532 711 Mag.
549 626 669 711 Egidio
695 625 738 691 de
762 627 871 710 Agno,
897 625 1084 711 presbitero
1112 624 1280 693 Morinen.
1306 625 1404 707 dioc.,
1429 626 1472 692 de
1488 647 1563 693 can.
1578 630 1638 693 sub

280 755 357 819 exp.
386 735 478 819 preb.
505 731 537 795 S.
555 729 643 794 Petri
672 728 930 809 RothnacensiS,
959 728 1175 795 Cameracen.
1200 730 1311 812 dioc.;
1339 751 1409 796 non
1436 732 1522 796 obst.
1549 730 1639 814 quod

280 838 431 922 parrocb.
448 835 529 901 0001.
545 833 588 899 (10
605 833 885 914 Kaselrinslrerke,
914 832 1064 919 ejusdem
1092 832 1260 900 Morinen.
1276 835 1373 916 dioc.,
1389 836 1538 901 noscitur
1553 835 1638 901 obti-

279 943 385 1004 tinere
400 945 422 1018 ¹²,
440 958 515 1003 cum
532 937 593 1001 sibi
609 958 668 1022 per
683 945 854 1024 presentes
870 937 968 1002 fuerit
992 938 1173 1024 provisum.
1189 979 1232 988 —
1257 939 1403 1018 Habeat,
1419 947 1454 1004 et
1477 959 1545 1004 non
1560 939 1637 1004 resi-

279 1050 359 1127 gnet
375 1042 501 1108 dictam
516 1041 703 1106 ecclesiam.

321 1170 421 1229 1679.
438 1155 531 1246 Mag.
546 1159 566 1238 J
570 1161 695 1227 ohanni
718 1161 860 1242 Dullart,
876 1161 1062 1246 presbitero
1077 1161 1264 1229 Tomacen.
1281 1161 1377 1245 dioc.,
1393 1162 1436 1228 de
1462 1165 1539 1228 ben.
1555 1164 1636 1229 eccl.

278 1286 307 1330 0.
324 1286 353 1331 0.
368 1274 445 1346 010,
462 1265 505 1330 ad
520 1267 597 1330 coll.
613 1273 689 1346 010,
706 1265 854 1351 episcopi
871 1264 1058 1331 Tomacen.
1075 1289 1083 1346 ;
1113 1286 1180 1331 non
1197 1268 1282 1333 obst.
1299 1268 1447 1351 quadam
1463 1268 1636 1354 capellan,

278 1389 380 1453 quarn
397 1369 430 1433 in
445 1370 527 1434 eccl.
544 1369 575 1434 S.
591 1367 756 1445 Johannis
772 1368 968 1449 Gandensis,
984 1369 1132 1454 ejusdem
1149 1371 1245 1452 dioc.,
1259 1372 1407 1437 noscitur
1422 1371 1583 1438 obtinere.
1595 1411 1638 1420 -

280 1473 427 1553 Habeat,
444 1473 521 1556 quia
536 1473 632 1538 alteri
648 1473 690 1539 de
706 1474 826 1540 eadem
841 1475 979 1540 natione
995 1494 1062 1540 non
1079 1481 1131 1538 est
1147 1473 1238 1538 facta
1253 1473 1441 1558 assignatio.

321 1617 424 1678 1680.
443 1608 535 1695 Mag.
551 1610 672 1676 Livino
699 1610 815 1697 Vulpis
831 1625 851 1691 ¹,
876 1610 1064 1677 Tomacen.
1092 1611 1189 1691 dioc.,
1217 1609 1260 1675 de
1284 1631 1356 1676 can.
1373 1614 1433 1676 sub
1454 1632 1530 1697 exp.
1546 1614 1637 1697 preb.

280 1714 310 1778 S.
328 1713 486 1779 Rumoldi
504 1714 768 1796 Machliniensis,
795 1715 1009 1782 Cameracen.
1033 1716 1120 1782 dioc.
1135 1738 1144 1795 ;
1172 1736 1240 1781 non
1268 1718 1353 1781 obst.
1369 1715 1459 1799 quod
1474 1716 1637 1801 capellan.

278 1819 373 1903 parvi
390 1819 512 1883 valoris
528 1819 561 1882 in
577 1820 660 1884 eccl.
677 1819 708 1883 S.
727 1818 883 1884 Rumoldi
908 1819 1072 1905 predicta,
1090 1826 1124 1883 et
1140 1826 1297 1904 expectet
1312 1818 1355 1883 ad
1379 1819 1455 1883 0011.
1471 1827 1536 1883 010.
1552 1817 1637 1903 epis·

279 1923 365 2008 copi,
404 1923 575 2008 prepositi,
603 1923 720 1989 decani
757 1931 793 1988 et
819 1924 956 2009 capituli
993 1945 1033 1989 ac
1063 1923 1267 2008 singulorum
1292 1922 1529 1988 canonicorum
1554 1921 1636 1986 eccl.
1723 1981 1726 1988 ,

279 2027 504 2107 Cameracen,
521 2027 745 2093 communiter
759 2029 814 2092 vel
830 2028 973 2108 divisim,
984 2028 1115 2093 etiamsi
1132 2029 1165 2092 iu
1182 2029 1264 2093 0001.
1280 2027 1474 2106 cathedrali,
1490 2025 1638 2091 noscitur

278 2131 440 2196 obtinere.
455 2172 499 2179 —
516 2130 662 2211 Habeat,
679 2132 756 2215 quia
773 2132 869 2196 alteri
894 2132 937 2198 de
964 2131 1084 2197 eadem
1111 2131 1251 2197 natione
1266 2152 1334 2196 non
1351 2139 1402 2196 est
1417 2132 1506 2196 facta
1522 2129 1638 2195 similis

278 2234 469 2318 assignatio.
487 2236 557 2319 (19,
575 2235 665 2320 208.)

322 2360 418 2421 1681.
436 2353 527 2439 Mag.
545 2354 697 2420 Henrico
713 2356 863 2437 Pourret,
890 2355 1088 2436 Tomacen.,
1105 2355 1147 2421 de
1172 2377 1245 2421 ean.
1270 2357 1330 2420 sub
1347 2375 1422 2440 exp.
1445 2356 1538 2439 preb.
1554 2354 1636 2419 eccl.

278 2457 309 2521 S.
327 2455 417 2522 Petri
432 2458 589 2540 Ariensis,
608 2457 775 2525 Morinen.
788 2460 896 2540 dioc.;
914 2481 983 2526 non
1000 2463 1085 2525 obst.
1102 2461 1265 2546 capellan.
1283 2458 1321 2524 B.
1333 2456 1383 2524 M.
1395 2457 1437 2523 de
1452 2456 1588 2522 Treillia
1603 2457 1637 2521 in

278 2561 358 2626 eccl.
376 2560 407 2626 S.
425 2559 514 2626 Petri
530 2559 721 2643 Insulensis,
745 2561 932 2629 Tomacen.
958 2563 1055 2643 dioc.,
1080 2583 1181 2646 quam
1208 2562 1364 2641 obtinet;
1392 2562 1484 2646 cujus
1501 2561 1636 2640 fructus

277 2664 460 2730 secundum
476 2665 684 2730 taxationem
700 2664 840 2746 decime,
858 2687 875 2730 2
881 2685 897 2750 5
914 2667 987 2731 libr.
1014 2665 1117 2731 Paris.
1134 2669 1284 2731 valorem
1301 2686 1369 2731 non
1386 2664 1562 2736 excedunt,
1578 2684 1637 2728 seu

277 2768 367 2853 quod
383 2788 455 2833 can.
472 2771 532 2832 sub
544 2789 620 2855 exp.
635 2771 729 2855 preb.
745 2770 827 2835 eccl.
843 2770 875 2835 S.
891 2769 912 2848 J
914 2770 1058 2835 ohannis
1074 2768 1235 2836 Leodien.
1251 2768 1401 2834 noscitur
1416 2768 1577 2833 obtinere.
1593 2807 1638 2816 —

278 2871 417 2937 Habeat
431 2879 468 2936 ut
483 2892 592 2957 supra.
610 2874 680 2957 (19,
699 2875 883 2958 208-208'.)

322 2997 423 3059 1682.
440 2990 604 3077 Magistro
618 2992 766 3070 Johanni
796 2992 838 3057 de
869 2992 986 3075 Gorra,
1011 2995 1222 3059 Attrebaten.
1249 2992 1347 3073 dioc.,
1378 2990 1419 3057 de
1448 2993 1525 3056 ben.
1554 2990 1635 3056 eccl.

278 3115 306 3159 0.
323 3115 352 3159 0.
368 3102 444 3176 010,
460 3095 504 3160 ad
530 3097 605 3161 coll.
631 3104 706 3177 010,
723 3097 861 3183 capituli
887 3098 969 3163 eccl.
995 3097 1026 3162 S.
1043 3096 1159 3162 Crucis
1186 3096 1426 3175 Cameracen.;
1454 3114 1523 3160 non
1551 3096 1636 3159 obst.

278 3198 368 3282 quod
383 3200 547 3284 capellan.
563 3199 605 3264 (10
622 3198 818 3281 Rikekourt,
843 3200 933 3266 dicte
962 3201 1060 3282 dioc.,
1088 3200 1238 3266 noscitur
1261 3200 1422 3265 obtinere.
1438 3238 1482 3247 -
1499 3196 1637 3263 Habeat

278 3303 501 3367 communiter
518 3304 570 3367 vel
587 3302 730 3385 divisim,
748 3312 909 3391 utsupra.

267 3462 271 3470 ·
320 3428 420 3491 1683.
438 3421 528 3509 Mag.
545 3424 685 3509 Symoni
700 3425 742 3491 de
758 3425 918 3511 Serneyo,
934 3426 1016 3492 alias
1033 3425 1075 3491 de
1091 3425 1123 3490 S.
1141 3424 1302 3505 Luciano,
1319 3422 1441 3489 clerico
1458 3422 1636 3489 Belvacen.

275 3525 372 3607 dioc.,
396 3527 439 3593 de
463 3531 539 3593 ben.
564 3529 647 3594 eccl.
675 3549 703 3594 c.
721 3549 750 3595 c.
776 3529 819 3595 ad
843 3530 919 3595 coll.
946 3537 1039 3608 etc.;
1067 3549 1137 3594 non
1161 3532 1247 3594 obst.
1273 3526 1364 3613 quod
1379 3525 1538 3613 parroch.
1554 3527 1637 3592 eccl.

275 3630 317 3695 de
333 3629 559 3713 Crenemares,
577 3630 745 3698 Morinen.
761 3632 848 3698 dioc.
869 3632 1070 3719 [obtineat],
1095 3633 1188 3717 cujus
1204 3631 1329 3697 fructus
1344 3628 1527 3696 secundum
1541 3637 1636 3695 taxa·

275 3734 403 3799 tionem
418 3734 558 3816 decime,
578 3754 614 3819 15
632 3735 705 3801 libr.
722 3735 903 3802 Parisnon
920 3735 1097 3802 excedunt.
1109 3776 1151 3785 —
1162 3734 1300 3800 Habeat
1315 3734 1358 3800 ad
1374 3734 1450 3799 0011.
1460 3731 1581 3799 decani
1601 3740 1637 3796 et

275 3838 424 3922 capituli,
449 3838 672 3904 communiter
693 3840 749 3903 vel
766 3839 909 3921 divisim,
935 3846 972 3904 ut
996 3839 1030 3904 in
1057 3839 1173 3919 forma,
1200 3837 1239 3903 B.
1257 3835 1307 3904 M.
1322 3838 1364 3903 de
1388 3835 1534 3922 Nigella,
1547 3834 1636 3901 dioc.

278 3938 494 4023 Noviomen,
511 3942 613 4007 etiam
629 3942 656 4007 si
672 3943 889 4008 canonicatus
904 3949 940 4008 01
955 3943 1125 4029 prebenda
1140 3942 1271 4007 existat.

320 4086 424 4144 1684.
441 4077 532 4165 Mag.
548 4079 697 4157 Johanni
723 4081 765 4147 de
789 4080 900 4163 Thier,
926 4080 1110 4167 presbitero
1137 4079 1351 4145 Cameracen.
1377 4078 1475 4159 dioc.,
1502 4076 1545 4143 de
1559 4080 1637 4143 ben.

278 4181 360 4246 eccl.
376 4202 405 4247 0.
422 4202 450 4247 c.
467 4181 512 4248 ad
527 4184 603 4249 coll.
630 4190 707 4264 010,
732 4185 862 4250 abbatis
886 4193 922 4249 et
946 4191 1132 4250 conventus
1158 4182 1351 4248 monasterii
1373 4182 1404 4247 S.
1432 4180 1578 4246 Ghilleni
1603 4181 1637 4246 in

278 4282 384 4366 Cella,
396 4284 438 4350 O.
456 4286 487 4351 S.
504 4286 553 4368 Β,
564 4286 654 4353 (11010
669 4287 756 4353 dioc.
772 4310 781 4368 ;
797 4309 866 4354 non
882 4290 968 4354 obst.
978 4285 1179 4373 parrochiali
1196 4287 1277 4352 eccl.
1293 4285 1335 4351 de
1346 4285 1473 4366 Pottes,
1489 4284 1637 4370 ejusdem

277 4385 374 4469 dioc.,
392 4409 494 4472 quam
509 4392 650 4472 obtinet,
668 4392 761 4477 cujus
787 4392 923 4474 fructus,
939 4400 1016 4473 010,
1030 4391 1170 4475 triginta
1185 4390 1293 4455 librar.
1309 4389 1479 4455 Turonen.
1494 4408 1637 4474 parvor,

278 4489 462 4558 secundum
479 4494 689 4560 taxationem
704 4494 844 4576 decime,
860 4496 1012 4562 valorem
1036 4515 1105 4561 non
1132 4492 1308 4561 excedunt.
1325 4534 1369 4543 —
1385 4490 1523 4558 Habeat
1547 4512 1639 4558 com·

278 4597 425 4663 muniter
439 4599 494 4662 vel
509 4597 652 4680 divisim,
668 4600 756 4665 utin
772 4600 889 4666 sonna.

309 4746 337 4808 a)
350 4747 374 4795 Il
385 4748 442 4796 doit
452 4761 578 4809 manquer
588 4749 622 4797 101
634 4762 668 4795 un
680 4748 795 4797 membro
804 4748 837 4796 de
848 4748 946 4812 plu-ase,
960 4762 1008 4811 par
1018 4762 1058 4796 ex.
1073 4762 1079 4795 :
1091 4762 1168 4810 quarn
1176 4750 1289 4810 paratas
1301 4750 1336 4795 ert
1348 4746 1485 4808 rariqrmre.

312 4894 334 4942 r.
349 4892 443 4958 vorrn.
456 4894 512 4941 aas.
