3650 5675
711 465 799 542 1349,
822 466 859 530 13
880 464 1005 546 janvier.
1478 467 1540 532 895

172 619 310 706 majoris
335 618 507 706 prebende
533 627 622 685 esset
645 619 891 704 possessionem
916 617 1068 702 adeptus,
1096 616 1186 684 idem
1222 618 1360 684 Alexius
1386 618 1539 684 ordinem

176 724 208 789 S.
223 723 364 789 Antonii
381 722 518 789 intravit
527 730 562 789 et
577 722 611 788 in
627 722 748 790 eodem
763 721 930 808 professus
945 729 1007 788 est.
1029 721 1141 804 Quare
1168 741 1264 808 supp.
1279 720 1389 788 dictus
1412 722 1540 808 episco-

175 847 239 912 pus
262 834 355 911 quat.
381 826 443 892 sibi
464 827 499 891 in
525 845 703 912 personam
730 825 894 911 capellani
920 824 981 906 sui,
997 824 1146 909 magistri
1174 823 1293 902 Jacobi
1323 824 1365 890 de
1396 823 1540 906 Patrica,

179 931 404 996 Ferentinatis
419 929 517 1012 dioc,
533 929 703 1016 scriptoris
716 929 829 1010 vestri,
846 929 1028 1014 specialem
1044 928 1186 1014 gratiam
1201 927 1374 1010 facientes,
1385 928 1427 994 de
1443 929 1541 996 dictis

175 1035 339 1116 cantoria,
355 1055 429 1101 can.
445 1042 480 1099 et
495 1037 587 1121 preb.
606 1033 726 1099 minori
741 1033 844 1119 ipsius
859 1031 1000 1098 ecclesie
1026 1031 1057 1097 S.
1073 1031 1267 1113 Andomari,
1284 1033 1482 1098 vacantibus
1498 1033 1540 1098 ad

177 1158 315 1224 presens
339 1159 398 1224 per
429 1137 605 1203 introitum
630 1145 666 1202 et
691 1137 932 1224 professionem
959 1156 1019 1222 per
1043 1136 1151 1221 ipsum
1183 1135 1341 1201 Alexium
1367 1135 1475 1202 factos
1506 1137 1539 1201 in

175 1243 294 1309 ordine
309 1242 341 1310 S.
356 1242 496 1309 Antonii
512 1242 675 1329 predicto,
689 1261 766 1307 cum
778 1240 934 1306 omnibus
942 1239 1069 1326 juribus
1079 1247 1114 1304 et
1123 1239 1334 1326 pertinentiis
1349 1239 1425 1321 suis,
1431 1239 1540 1305 eidem

178 1345 308 1424 Jacobo
338 1346 521 1432 dignemini
552 1346 739 1434 providere,
773 1343 948 1429 ipsumque
979 1344 1155 1427 subrogare
1181 1343 1215 1407 in
1236 1342 1364 1427 juribus
1390 1342 1541 1429 predicte

179 1450 314 1535 majoris
328 1450 507 1536 prebende,
521 1471 585 1535 que
596 1449 685 1515 idem
700 1448 839 1514 Alexius
854 1456 935 1513 ante
949 1446 1191 1533 professionem
1215 1447 1402 1534 predictam
1418 1447 1541 1513 habere

180 1561 313 1639 poterat
339 1553 599 1639 quoquomodo;
626 1573 695 1620 non
712 1555 798 1618 obst.
821 1552 955 1618 defectu
970 1551 1146 1632 natalium,
1162 1571 1263 1636 quem
1286 1549 1375 1616 idem
1392 1550 1412 1629 J
1416 1549 1541 1617 acobus

177 1657 306 1743 patitur
314 1658 357 1723 de
367 1659 548 1743 conjugato
556 1657 689 1744 genitus
698 1664 734 1721 et
745 1657 864 1736 soluta,
874 1675 973 1741 super
983 1676 1051 1740 quo
1061 1654 1204 1737 defectu,
1215 1663 1253 1721 ut
1263 1655 1415 1742 predicta
1425 1655 1540 1721 omnia

178 1761 285 1846 possit
299 1761 391 1827 licite
406 1761 559 1843 retinere,
584 1760 739 1845 dignetur
765 1760 797 1825 S.
824 1760 864 1827 V.
881 1759 1138 1826 misericorditer
1161 1759 1363 1846 dispensare,
1387 1760 1542 1844 quamvis

179 1864 263 1928 alias
280 1884 340 1949 per
355 1864 576 1931 Sanctitatem
590 1864 778 1950 predictam
803 1871 841 1930 ut
866 1863 910 1929 ad
925 1884 1043 1930 omnes
1070 1863 1203 1930 ordines
1227 1872 1262 1929 et
1284 1863 1352 1930 duo
1378 1865 1542 1930 beneficia

177 1968 263 2033 eccl.
279 1968 471 2050 obtinenda,
487 1967 619 2034 etiamsi
635 1968 779 2032 alterum
795 1987 911 2034 eorum
927 1975 1078 2034 curatum
1103 1975 1201 2049 esset,
1218 1988 1295 2033 cum
1312 1987 1353 2033 eo
1369 1967 1468 2033 fuerit
1483 1989 1542 2054 per

181 2071 213 2135 S.
230 2068 270 2136 V.
285 2071 513 2158 dispensatum
530 2092 538 2138 ε
557 2091 616 2136 seu
631 2069 723 2154 quod
737 2069 780 2135 de
806 2071 1017 2158 prepositura
1041 2071 1183 2137 ecclesie
1199 2071 1231 2138 S.
1246 2069 1413 2150 Johannis
1428 2072 1542 2139 Dona·

180 2195 254 2239 rum
270 2174 407 2261 Papien.
423 2195 483 2262 per
497 2175 529 2241 S.
545 2173 754 2261 predictam·
768 2175 902 2240 noviter
916 2173 1064 2240 extiterit
1080 2175 1141 2240 sibi
1153 2175 1334 2261 provisum,
1351 2185 1453 2260 quam
1468 2196 1541 2262 pre·

180 2278 364 2363 posituram
377 2287 516 2366 paratus
530 2287 581 2344 est
605 2279 784 2361 dimittere,
810 2299 886 2344 cum
902 2279 1082 2364 pacificam
1097 2279 1343 2364 possessionem
1358 2279 1541 2345 eorundem

180 2381 278 2447 fuerit
301 2391 472 2449 assecutus
483 2405 493 2464 ;
509 2403 549 2448 ac
574 2403 641 2448 non
666 2385 822 2450 obstante
838 2383 929 2467 quod
944 2403 1017 2449 can.
1045 2386 1105 2448 sub
1132 2404 1208 2469 exp.
1223 2386 1315 2469 preb.
1339 2384 1372 2447 in
1400 2385 1542 2450 ecclesia

177 2485 212 2550 S.
227 2484 247 2563 J
250 2485 391 2551 ohannis
406 2486 449 2552 de
465 2486 650 2568 Pontirolo,
662 2483 893 2553 Mediolanen.
905 2485 1003 2566 dioc,
1019 2487 1168 2552 noscitur
1183 2485 1390 2552 obtinere-
1410 2486 1486 2552 Fiat
1500 2486 1541 2553 R.

178 2589 251 2671 (¹6,
269 2591 336 2672 99)

225 2733 328 2795 1475.
350 2727 439 2794 Item
464 2749 570 2815 supp,
587 2736 679 2812 quat.
696 2726 860 2793 Renaudo
883 2726 926 2792 de
949 2726 1100 2812 Capella,
1115 2725 1333 2791 Ambianensi
1361 2725 1483 2792 clerico
1507 2735 1543 2792 et

177 2832 313 2900 notario
328 2853 397 2913 suo,
414 2831 590 2919 providere
604 2831 786 2918 dignemini
803 2830 846 2897 de
862 2839 978 2898 canet
990 2832 1082 2917 preb.
1091 2829 1232 2899 ecclesie
1249 2829 1541 2917 coll.S.Gaugerici

182 2934 382 3017 Haltrensis,
398 2934 616 3002 Cameracen.
631 2934 730 3017 dioc,
745 2955 820 3001 vac.
835 2934 879 3001 ad
899 2954 1036 3021 presens
1051 2955 1111 3021 per
1126 2934 1266 3000 liberam
1281 2934 1541 3019 resignationem

181 3040 214 3104 in
230 3039 384 3106 manibus
400 3038 466 3105 suis
481 3037 607 3104 iactam
621 3039 656 3103 in
672 3038 824 3124 partibus
840 3036 992 3119 Francie,
1010 3058 1087 3104 cum
1112 3039 1235 3105 ibidem
1251 3040 1392 3105 nuncius
1408 3047 1541 3126 aposto-

178 3143 264 3208 licus
286 3143 462 3222 existebat,
489 3163 549 3229 per
570 3142 745 3209 dominum
769 3142 906 3207 Petrum
925 3141 972 3207 de
996 3140 1180 3209 Valerianis
1203 3143 1246 3211 de
1273 3142 1427 3231 Pipemo,
1452 3164 1541 3209 nunc

177 3246 377 3333 episcopum
394 3244 547 3312 Meliten.
564 3255 584 3327 ¹,
600 3246 814 3332 capellanum
840 3253 874 3312 et
899 3246 1188 3331 consanguineum
1215 3267 1333 3330 suum;
1360 3269 1429 3314 non
1454 3251 1539 3315 obst.
1659 3260 1661 3266 ’

180 3349 272 3433 quod
286 3348 396 3415 eidem
412 3348 578 3415 Renaudo
587 3348 629 3414 de
644 3349 799 3434 parroch.
812 3349 895 3415 eccl.
912 3349 944 3413 S.
956 3347 1094 3415 Martini
1112 3353 1228 3418 subtus
1238 3350 1538 3432 Belencombriam,

183 3452 429 3537 Rothomagen.
445 3452 543 3533 dioc,
559 3472 619 3539 per
634 3452 743 3537 ipsum
767 3452 963 3538 episcopum
981 3452 1013 3517 in
1030 3454 1249 3521 nunciatione
1264 3454 1417 3541 predicta
1431 3455 1542 3541 provi-

179 3576 255 3622 sum
271 3555 380 3637 fuerit,
395 3556 437 3622 de
453 3577 530 3642 qua,
554 3559 711 3622 obstante
726 3556 796 3638 lite,
819 3564 870 3623 est
895 3556 1047 3623 nondum
1062 3560 1307 3645 possessionem
1331 3559 1484 3645 adeptus.
1500 3591 1543 3607 -

184 3658 260 3725 Fiat
283 3658 325 3727 R.
348 3661 419 3745 (16,
437 3662 509 3744 99')

229 3806 334 3866 1476.
348 3798 436 3865 ltem
452 3820 547 3886 supp.
564 3807 654 3883 quat.
674 3797 821 3878 Johanni
833 3798 876 3865 de
891 3798 1072 3880 Scerueles,
1086 3798 1303 3863 Cameracen.
1316 3797 1413 3877 dioc,
1421 3796 1543 3861 clerico

178 3921 253 3982 suo,
269 3902 312 3967 de
326 3905 403 3968 ben.
419 3904 501 3969 eccl.
518 3924 547 3969 c.
563 3925 592 3970 c.
608 3906 663 3968 vel
679 3923 704 3970 s.
721 3926 750 3970 c.
766 3912 945 3991 spectante
960 3904 1004 3969 ad
1025 3903 1101 3969 coll.
1118 3910 1183 3968 etc.
1199 3902 1331 3968 abbatis
1346 3910 1381 3967 et
1397 3922 1543 3967 conven-

182 4016 237 4072 tus
252 4008 445 4073 monasterii
469 4007 501 4074 S.
517 4008 656 4073 Auberti
674 4008 901 4089 Cameracen.,
919 4016 994 4090 etc,
1023 4006 1222 4094 [dignemini
1245 4006 1435 4093 providere]
1449 4028 1459 4087 ;
1475 4026 1543 4072 non

178 4112 269 4175 obst.
285 4109 376 4194 quod
397 4110 487 4177 idem
502 4110 675 4189 Johannes
690 4112 724 4177 in
746 4112 852 4178 forma
867 4112 1037 4179 communi
1054 4111 1196 4196 gratiam
1222 4109 1265 4176 de
1280 4112 1357 4175 ben.
1370 4109 1452 4175 eccl.
1468 4130 1498 4175 c.
1514 4129 1543 4175 c.

183 4214 237 4277 vel
261 4234 286 4279 s.
311 4235 340 4280 c.
367 4222 545 4301 spectante
571 4215 614 4281 ad
638 4217 714 4282 coll.
741 4224 818 4297 etc,
849 4216 981 4280 abbatis
1011 4223 1046 4280 et
1078 4222 1264 4280 conventus
1286 4213 1480 4281 monasterii
1512 4211 1543 4278 S.

184 4316 325 4383 Dionisii
337 4318 371 4382 in
389 4316 541 4400 Francia,
558 4319 716 4385 Parisien.
740 4319 838 4399 dioc,
860 4319 904 4384 ad
919 4339 959 4383 ea
985 4339 1050 4402 que
1073 4318 1201 4382 habent
1224 4318 1257 4383 in
1285 4318 1371 4384 dioc.
1389 4317 1544 4383 Camera-

179 4440 268 4503 cen.,
284 4423 444 4487 meruerit
458 4432 639 4509 reportare,
656 4444 759 4509 quam
785 4423 920 4508 quidem
945 4422 1086 4507 gratiam
1104 4432 1141 4487 nt
1164 4431 1339 4488 remaneat
1364 4422 1426 4489 sibi
1454 4422 1545 4487 salva

179 4526 313 4610 signare
328 4536 440 4593 vestra
456 4526 666 4593 sanctissima
680 4528 819 4593 dextera
834 4548 904 4593 non
922 4527 1114 4593 omittat-
1131 4524 1209 4592 Fiat
1221 4533 1296 4608 etc,
1310 4525 1352 4592 R.
1369 4528 1439 4611 (16,
1457 4526 1544 4610 100).

215 4724 241 4781 a)
252 4725 386 4774 Suiraient
397 4726 434 4775 lea
444 4730 513 4775 mots
527 4741 533 4773 :
550 4740 565 4775 a
578 4730 608 4773 ut
618 4726 652 4774 ad
663 4741 752 4775 omues
763 4728 865 4776 ordines
878 4740 893 4775 r
904 4724 983 4787 qu'on
993 4740 1010 4775 a
1021 4725 1102 4773 biffes.

217 4911 239 4957 l.
252 4908 358 4972 Ereqne
373 4910 406 4959 de
422 4910 514 4961 Mileto
526 4911 636 4974 (Italic),
649 4914 753 4963 nomme
763 4914 787 4963 lo
800 4917 833 4962 1³²
843 4912 931 4976 juillet
943 4914 1006 4961 tots
1018 4912 1122 4975 (Euboi,
1136 4910 1156 4971 1,
1169 4909 1239 4972 357).
