3650 5675
281 524 343 588 474
810 522 904 596 «1349,
928 524 963 586 10
985 524 1112 589 octobre.

280 684 379 741 antea
394 684 579 741 reservatos
594 676 745 741 conferre
760 675 942 760 dignemini
959 699 967 755 ;
993 697 1061 741 non
1089 678 1175 742 obst.
1192 678 1282 763 quod
1308 679 1397 744 idem
1414 679 1582 746 Robertus
1606 682 1639 746 in

279 778 466 863 Trajecten.
483 778 573 844 acin
590 778 767 863 collegiata
783 779 925 844 ecclesia
941 779 973 844 S.
984 779 1075 844 Petri
1090 780 1248 862 Ariensis,
1266 780 1434 850 Morinen.
1450 784 1547 866 dioc,
1563 805 1639 851 can.

281 893 315 949 et
331 886 422 969 preb.
438 883 586 948 noscitur
601 883 764 948 obtinere.
780 922 823 931 -
839 881 915 948 Fiat
934 882 974 949 R.

325 987 404 1051 Dat.
420 985 520 1051 Avin.
536 1006 615 1051 non.
632 995 699 1052 oct.
717 993 751 1051 a⁰
767 989 810 1052 8⁰.
828 988 899 1071 (18,
918 989 986 1071 22).

318 1234 321 1241 Ι
335 1142 476 1227 1820.
1292 1177 1388 1244 1349,
1405 1178 1446 1223 ro
1458 1160 1595 1223 octobre.

323 1263 424 1348 Supp.
440 1260 683 1347 [Guillelmus],
700 1261 894 1347 archiepisc.
910 1261 1099 1327 Auxitanus
1116 1273 1136 1341 ¹,
1162 1268 1253 1345 quat.
1278 1260 1414 1327 Andree
1440 1260 1606 1347 Peregrini
1617 1274 1639 1343 ²,

279 1368 463 1453 presbitero
478 1367 685 1433 thesaurario
700 1388 803 1447 su0‚...
820 1367 861 1432 de
879 1387 953 1432 can.
964 1374 999 1430 et
1014 1368 1106 1453 preb.
1122 1366 1263 1431 ecclesie
1280 1363 1447 1431 Morinen.
1457 1365 1639 1451 dignemini

279 1472 465 1558 providere.
481 1506 524 1517 -
541 1470 616 1536 Fiat
633 1468 674 1536 R.

323 1576 400 1640 Dat.
417 1574 517 1639 Avin.
537 1580 553 1639 6
571 1573 614 1639 id.
631 1582 698 1640 oct.
715 1582 749 1638 a⁰
765 1576 808 1639 8⁰.
825 1576 898 1655 (18,
912 1573 996 1657 31¹).

334 1728 466 1810 1821.
1289 1760 1384 1824 1349,
1402 1761 1443 1805 ιο
1459 1742 1599 1805 octobre.

322 1846 467 1911 Rotulus
482 1848 776 1933 permutationum.

323 1949 422 2014 Pater
436 1949 501 2015 8⁰²².
518 1948 636 2034 Nuper
650 1948 825 2027 Johannes
841 1948 883 2014 de
902 1947 1078 2014 Malbodio
1101 1948 1143 2014 de
1160 1947 1408 2014 Valenchenis3
1433 1969 1492 2034 per
1515 1970 1551 2014 se
1566 1969 1640 2014 can.

278 2062 313 2119 et
327 2056 419 2139 preb.
436 2053 576 2119 ecclesie
592 2052 646 2119 SS.
662 2054 781 2138 Apost.
811 2051 986 2118 Colonien.
1002 2061 1038 2117 et
1062 2050 1250 2117 Willelmus
1265 2051 1307 2117 de
1324 2050 1515 2137 Heinsberg
1529 2072 1589 2138 per
1604 2072 1640 2116 se

279 2166 403 2223 canet
428 2159 520 2243 preb.
545 2156 686 2222 ecclesie
711 2156 742 2221 S.
760 2154 914 2222 Ursmari
941 2155 1149 2235 Lobbiensis‚
1177 2153 1392 2221 Cameracen.
1418 2156 1516 2236 dioc„
1541 2175 1641 2221 causa

278 2260 534 2347 permutationis
549 2259 704 2327 facienda
731 2260 763 2323 in
789 2280 879 2325 man.
897 2259 937 2325 R.
955 2259 991 2325 P.
1020 2259 1062 2325 D.
1089 2258 1270 2340 Guillelmi,
1285 2260 1387 2345 episc.
1403 2258 1641 2339 Tricastrini,...

279 2366 496 2450 resignarunt,
524 2364 644 2430 unde...
672 2384 767 2451 supp.
795 2372 885 2447 quat.
912 2362 1060 2441 Jobanni
1085 2363 1127 2428 de
1154 2363 1185 2428 S.
1214 2362 1364 2429 Ursmari
1380 2362 1579 2429 Lobbiensis
1605 2369 1641 2427 et

279 2469 449 2535 Willelmo
464 2469 623 2555 predictis
638 2468 680 2533 de
700 2468 754 2533 SS.
770 2469 1012 2552 Apostolorum
1024 2465 1200 2532 Colonien.
1216 2487 1290 2534 can.
1303 2475 1338 2531 et
1349 2470 1441 2553 preb.
1457 2466 1639 2552 dignemini

278 2574 463 2661 providere.
479 2613 522 2623 —
539 2572 616 2653 Fiat
633 2571 675 2638 R.
912 2636 916 2643 ,

323 2677 400 2745 Dat.
416 2680 517 2743 Avin.
536 2682 553 2742 6
570 2677 614 2743 id.
631 2684 698 2765 oct.
714 2684 746 2742 a⁰
763 2679 805 2741 8⁰.
823 2676 894 2760 (18,
913 2677 981 2760 39).

332 2848 621 2931 1822-1824.
1288 2882 1383 2947 rm.
1400 2882 1441 2926 10
1457 2865 1595 2927 ...coa

321 2967 467 3032 Rotulus
492 2970 761 3053 resignationem.

323 3071 424 3136 Pater
438 3072 503 3137 8⁰¹⁰.
521 3070 713 3155 Dignemini
737 3069 912 3155 providere
938 3068 1086 3146 Jobanni
1112 3069 1294 3150 Laurentii,
1321 3070 1443 3136 clerico
1469 3069 1639 3136 Morinen.

278 3174 375 3255 dioc,
392 3175 446 3241 lic.
462 3175 495 3239 in
512 3182 583 3255 art,
600 3174 643 3240 de
659 3174 822 3259 capellan.
838 3194 931 3259 perp.
948 3194 972 3238 s.
986 3193 1014 3239 c.
1027 3193 1086 3258 per
1097 3193 1184 3258 mag.
1195 3172 1376 3258 Rogerium
1391 3173 1518 3239 dictum
1534 3194 1639 3258 quon-

279 3278 358 3344 dam
374 3277 416 3343 de
434 3278 636 3363 Rolinghem
651 3279 684 3342 in
701 3279 783 3343 eccl.
801 3276 838 3343 B.
857 3276 906 3343 M.
923 3276 1151 3342 Curtracensis
1174 3276 1323 3356 fundata,
1339 3276 1525 3343 Tomacen.
1541 3277 1640 3358 dioc,

278 3403 353 3448 vac.
369 3403 428 3468 per
443 3382 583 3447 liberam
598 3382 857 3465 resignationem
874 3382 998 3446 factam
1013 3402 1073 3466 per
1088 3379 1108 3457 J
1111 3382 1281 3446 ohannem
1296 3379 1424 3462 Worin‚
1441 3382 1522 3447 olim
1536 3382 1640 3467 ipsius

279 3485 465 3571 capellanie
482 3486 704 3571 capellanum.

322 3647 424 3708 1823.
442 3640 529 3706 Item
544 3640 728 3726 dignemini
755 3639 931 3725 providere
957 3638 1106 3718 Jobanni
1131 3639 1259 3721 Bustin,
1281 3641 1406 3708 clerico
1422 3626 1638 3707 Cameracen.

274 3744 372 3827 dioc,
388 3746 430 3811 de
446 3752 607 3832 perpetua
622 3743 747 3809 vicaria
762 3743 895 3828 majoris
910 3743 1024 3808 altaris
1040 3744 1181 3809 ecclesie
1198 3743 1383 3810 Tomacen.
1397 3765 1470 3811 vac.
1487 3765 1546 3830 per
1557 3746 1639 3810 libe·

276 3870 347 3914 ram
363 3851 620 3935 resignationem
636 3847 763 3913 factam
780 3868 839 3933 per
852 3857 1083 3933 procuratores
1097 3847 1117 3925 J
1121 3848 1263 3915 ohannis
1278 3848 1449 3932 quondam
1478 3846 1638 3913 Willelmi

278 3951 454 4019 Baremon.
472 3956 541 4036 (18,
559 3955 629 4038 40).

324 4109 430 4171 1824.
457 4103 544 4171 Item
571 4106 754 4190 dignemini
779 4107 955 4193 providere
981 4106 1130 4184 Jobanni
1160 4106 1337 4173 Michaelis
1352 4124 1374 4187 ⁴,
1390 4107 1513 4172 clerico
1529 4105 1637 4172 Pisto·

278 4209 370 4289 rien,
390 4209 433 4274 de
460 4229 532 4275 can.
558 4218 593 4275 et
618 4213 709 4296 preb.
737 4211 878 4276 ecclesie
904 4209 1145 4296 Hugardensis,
1173 4208 1333 4276 Leodien.
1360 4209 1458 4290 dioc„
1479 4231 1553 4276 vac.
1577 4229 1640 4296 per

278 4312 416 4378 liberam
432 4313 693 4398 resignationem
710 4313 833 4381 factam
859 4335 918 4402 per
944 4322 1175 4400 procuratores
1198 4313 1373 4396 iohannis,
1401 4314 1550 4400 episcopi
1565 4313 1640 4380 Tri-

277 4416 405 4482 dentini
422 4432 443 4482 ⁵.
458 4457 501 4467 -
518 4417 596 4484 Fiat
611 4417 651 4484 R.

321 4520 401 4586 Dat.
416 4521 515 4588 Avin.
533 4526 550 4587 6
568 4521 611 4587 id.
629 4531 695 4588 oct.
713 4529 746 4588 a⁰
763 4524 804 4590 8⁰.
822 4523 892 4606 (18,
912 4524 995 4608 40').

309 4729 331 4774 l.
344 4727 490 4776 Gnillnume
501 4727 533 4775 do
546 4727 688 4776 Flavacour
700 4745 706 4783 ;
725 4731 779 4777 roir
790 4743 815 4778 n.
828 4732 874 4778 723
885 4747 891 4788 3
904 4730 941 4780 M.
953 4729 1077 4789 Guerard
1090 4731 1209 4792 (Docuit.
1219 4729 1312 4794 pontifi
1324 4745 1370 4778 our
1382 4731 1409 4779 la
1424 4731 1556 4793 (lusanae,
1567 4729 1587 4787 1,
1598 4729 1638 4789 82,

278 4803 342 4852 15⁴:
361 4801 394 4858 11,
413 4802 445 4849 98
462 4807 488 4849 ct
508 4803 616 4864 passim)
634 4815 650 4849 a
667 4802 786 4866 imprime
803 4803 848 4852 des
859 4802 944 4867 pieces
963 4805 1082 4853 relatives
1093 4807 1108 4852 b
1120 4819 1149 4853 ce
1166 4819 1331 4867 personnoge.
1342 4831 1375 4840 -—
1389 4807 1414 4852 2.
1428 4803 1489 4851 Voir
1499 4818 1526 4851 n.
1537 4805 1593 4852 723.
1604 4831 1639 4842 -

277 4875 300 4922 3.
312 4875 375 4921 Voir
386 4889 411 4922 n.
430 4876 544 4923 iseo-
562 4875 585 4924 l.
607 4877 630 4922 A
649 4875 792 4938 distinguer
811 4878 846 4926 ‹lu
866 4891 1025 4940 personnage
1041 4878 1074 4927 (le
1090 4878 1174 4927 meme
1190 4878 1385 4941 nomoitcplus
1400 4878 1639 4933 haut,n.1539.-

279 4951 302 4995 5.
312 4946 376 4996 dean
388 4947 420 4996 de
433 4947 534 5010 Pistoie,
548 4951 602 4997 coir
613 4963 638 4998 n.
652 4952 721 4999 1527.
