3650 5675
271 472 336 537 560
807 470 890 548 1351,
916 468 1012 532 27-29
1035 469 1103 533 mai.

274 623 364 707 apud
378 622 566 707 predictam
589 622 703 686 sedem
727 621 770 686 de
797 621 875 706 ipsis
901 620 1030 685 factam
1055 622 1109 684 vel
1135 621 1201 685 alio
1228 620 1474 705 quovismodo
1500 629 1632 699 vacent,

273 726 455 810 dignemini
472 726 647 811 providere
663 749 671 805 ;
689 746 757 790 non
773 727 860 789 obst.
877 723 968 807 quod
983 725 1146 808 capellan.
1162 725 1262 789 sitam
1273 724 1307 788 in
1323 726 1405 789 cccl.
1421 723 1576 809 parroch.
1592 725 1634 790 de

274 828 456 895 Novavilla
486 850 584 915 super
610 829 776 911 Scaldam,
803 828 1023 892 Cameracen.
1049 827 1147 907 dioc,
1174 829 1324 893 noscitur
1350 829 1502 893 obtinere
1524 852 1533 907 ;
1559 850 1635 894 cum

269 935 428 999 omnibus
443 955 513 999 non
530 937 617 999 obst.
632 942 709 1015 etc,
726 942 763 999 ut
776 934 810 997 in
825 932 943 997 forma.
966 969 997 979 -
1020 930 1098 997 Fiat
1115 931 1155 996 R.

316 1072 421 1135 2160.
441 1070 528 1135 Item
552 1092 647 1157 supp.
671 1078 764 1155 quat.
791 1069 932 1156 [clerico
957 1077 993 1133 et
1019 1069 1172 1133 familiari
1196 1089 1257 1133 suo
1281 1069 1442 1134 continuo
1466 1068 1632 1156 Henrico]

272 1173 419 1239 Boilewe
435 1173 477 1239 de
495 1172 616 1239 Monte
629 1186 646 1254 ¹,
663 1175 705 1239 de
721 1196 794 1240 cau.
811 1182 846 1239 et
861 1176 953 1260 preb.
970 1173 1111 1238 ecclesie
1124 1171 1163 1238 B.
1176 1171 1225 1237 M.
1236 1171 1468 1256 Trajectensis,
1484 1193 1559 1238 vac.
1575 1194 1636 1258 per

270 1280 325 1343 ob.
341 1274 481 1345 Amoldi
498 1281 540 1345 de
556 1279 755 1365 Zutphania,
783 1277 954 1362 quondam
975 1278 1077 1363 ipsius
1101 1276 1242 1342 ecclesie
1265 1276 1418 1341 canonici
1440 1282 1476 1340 et
1493 1278 1636 1361 preben-

267 1381 353 1463 dati,
370 1391 405 1446 et
420 1392 499 1447 ante
516 1384 618 1469 ipsius
634 1385 687 1448 ob.
704 1381 773 1447 sedi
797 1388 905 1467 apost.
921 1380 1107 1460 reservatis,
1131 1379 1314 1463 dignemini
1335 1378 1510 1464 providere
1529 1401 1538 1458 ;
1565 1400 1635 1445 non

269 1486 360 1550 obst.
377 1486 467 1569 quod
483 1507 557 1552 can.
584 1489 643 1552 sub
660 1507 735 1571 exp.
759 1488 851 1571 preb.
875 1506 896 1549 a
911 1482 952 1549 V.
969 1484 1001 1549 S.
1016 1484 1051 1548 in
1068 1484 1209 1549 ecclesia
1234 1484 1265 1548 S.
1282 1482 1447 1560 Johannis
1474 1482 1635 1548 Leodien.

271 1610 379 1673 nuper
394 1591 540 1655 obtinuit
555 1614 563 1671 ;
581 1612 658 1656 cum
674 1589 794 1655 ceteris
809 1608 876 1653 non
902 1591 988 1653 obst.
1004 1628 1047 1637 -
1064 1586 1141 1652 Fiat
1158 1588 1199 1652 R.

316 1692 394 1758 Dat.
412 1714 466 1779 ap.
483 1693 734 1758 Villamnovam
753 1698 770 1755 6
787 1692 854 1757 kal.
868 1692 952 1777 junii
971 1700 1004 1756 a⁰
1024 1700 1086 1756 10⁰.
1103 1693 1175 1773 (21,
1193 1693 1238 1772 8).

324 1830 457 1913 2161.
1328 1861 1424 1925 1351,
1449 1860 1491 1923 27
1512 1844 1589 1907 anai.

317 1950 449 2034 Supp...
477 1948 654 2014 cardinalis
672 1946 881 2012 Montisolivi
898 1957 919 2027 ²,
935 1956 1027 2030 quat.
1048 1946 1091 2011 de
1113 1947 1266 2031 parrocb.
1293 1948 1376 2011 eccl.
1402 1946 1444 2011 de
1470 1944 1635 2010 Foutanis

163 2103 165 2106 .
270 2052 424 2134 Goberti,
442 2052 659 2117 Cameracen.
683 2051 780 2131 dioc,
809 2050 902 2135 cujus
927 2050 1052 2115 fructus
1079 2051 1192 2129 annui,
1213 2049 1397 2115 secundum
1424 2049 1634 2115 taxationem

268 2156 413 2237 decime,
429 2157 579 2221 valorem
597 2176 635 2240 25
652 2156 726 2220 libr.
742 2154 911 2219 Turonen.
927 2174 996 2218 non
1020 2153 1188 2219 excedunt
1203 2176 1211 2232 ;
1229 2174 1303 2219 vac.
1325 2153 1359 2218 in
1383 2153 1485 2234 curia,
1506 2173 1568 2238 pro
1590 2174 1634 2218 eo

269 2260 350 2344 quia
366 2259 542 2337 Johannes
558 2258 661 2324 Vituli
678 2270 697 2340 ³,
715 2258 770 2342 qui
787 2257 913 2323 dictam
930 2257 1108 2322 ecclesiam
1124 2258 1310 2338 obtinebat,
1320 2258 1435 2341 vigore
1450 2257 1557 2342 gratie
1573 2278 1634 2343 per

270 2363 493 2428 Sanctitatem
509 2364 653 2428 eandem
676 2362 786 2427 eidem
809 2362 907 2442 facte,
932 2370 1061 2427 sextam
1084 2362 1273 2447 portionem
1298 2361 1330 2425 S.
1348 2358 1527 2426 Michaelis
1542 2360 1633 2427 Gan-

272 2466 392 2547 densiS,
419 2465 607 2532 Tornacen.
638 2466 735 2546 dioc,
767 2465 820 2531 cui
847 2486 926 2530 cura
962 2465 1116 2529 imminet
1146 2464 1344 2545 animarum,
1372 2472 1423 2529 est
1450 2473 1632 2547 assecutus,

266 2568 408 2635 domino
424 2568 527 2637 Petro
543 2571 700 2650 Sausseti,
717 2570 883 2635 canonico
907 2570 1116 2655 prebendato
1139 2570 1316 2654 collegiate
1338 2570 1479 2635 ecclesie
1495 2570 1527 2635 S.
1543 2569 1632 2635 Gau-

267 2674 370 2758 gerici
396 2674 622 2755 Cameracen,
653 2674 822 2759 ipsiusque
854 2673 1031 2739 cardinalis
1062 2673 1216 2738 familiari
1251 2673 1422 2754 continuo,
1447 2674 1631 2758 dignemini

269 2777 444 2863 providere
461 2802 468 2858 ;
486 2799 564 2845 cum
578 2799 647 2857 non
664 2780 750 2844 obst.
766 2818 810 2828 -
826 2776 902 2844 Fiat
919 2777 960 2844 R.

313 2883 392 2947 Dat.
408 2902 461 2966 ap.
478 2881 727 2947 Villamnovam
745 2887 762 2946 6
778 2881 846 2948 kal.
859 2884 944 2968 junii
961 2891 994 2949 a⁰
1010 2891 1071 2949 10⁰.
1089 2885 1160 2967 (2l,
1182 2884 1247 2967 14).

319 3019 461 3100 2162.
1338 3052 1433 3115 1351,
1451 3034 1585 3119 29111111.

313 3135 412 3202 Pater
431 3136 496 3201 8³¹⁰.
513 3136 599 3200 Cum
615 3157 657 3200 ex
672 3136 778 3220 gratia
793 3157 854 3221 per
869 3138 901 3201 S.
919 3135 958 3201 V.
975 3137 1055 3201 olim
1072 3135 1161 3201 facta
1172 3135 1310 3220 Hugoni
1326 3135 1456 3200 Alberti
1471 3147 1482 3178 ⁴
1497 3136 1539 3201 de
1555 3157 1631 3201 can.

265 3242 328 3304 sub
345 3259 419 3325 exp.
435 3242 528 3325 preb.
554 3239 585 3304 S.
612 3239 794 3304 Andomari
823 3240 856 3304 in
884 3240 917 3306 S.
939 3239 1143 3320 Audomaro,
1169 3237 1338 3304 Morinen.
1362 3238 1460 3320 dioc,
1487 3239 1544 3304 diu
1567 3238 1633 3304 fuit

269 3341 393 3407 ibidem
416 3353 598 3429 expectans
613 3364 622 3422 ;
639 3362 745 3428 nuper
768 3351 883 3408 autem
911 3343 1035 3408 ibidem
1058 3363 1133 3408 can.
1161 3351 1196 3406 et
1219 3344 1323 3427 preb,
1350 3363 1434 3425 quos
1457 3341 1630 3427 quondam

266 3445 443 3523 Johaunes
473 3446 515 3511 de
542 3445 700 3525 Bobonis,
727 3447 877 3532 ejusdem
903 3446 1045 3512 ecclesie
1072 3446 1256 3511 canonicus
1282 3445 1518 3530 prebendatus,
1546 3445 1629 3511 dum

268 3548 413 3630 vivebat,
430 3550 616 3629 obtinebat,
634 3549 828 3614 vacaverint
851 3570 911 3635 per
935 3553 989 3614 ob.
1011 3549 1113 3634 ipsius
1128 3547 1306 3629 Johannis,
1330 3549 1386 3633 qui
1409 3557 1505 3614 extra
1528 3548 1631 3615 Rom.

265 3653 394 3719 curiam
424 3653 513 3718 diem
545 3653 664 3718 clausit
694 3661 893 3734 extremum,
925 3661 960 3718 et
991 3652 1110 3717 Eidem
1141 3652 1318 3718 Sanctitati
1342 3654 1512 3733 reservati,
1544 3673 1630 3737 quos

264 3755 285 3832 J
290 3756 442 3822 ohannes
458 3757 583 3837 Garini,
600 3755 750 3841 ejusdem
767 3756 924 3841 Hugonis
935 3765 1142 3842 procurator,
1155 3756 1357 3842 acceptavit,
1373 3757 1510 3822 nomine
1526 3757 1630 3843 ipsius

268 3857 433 3944 Hugonis,
450 3861 654 3946 supplicatur
670 3859 790 3924 Eidem
818 3860 1007 3940 Sanctitati,
1032 3869 1125 3945 quat.
1150 3859 1193 3924 de
1208 3860 1306 3925 dictis
1321 3881 1394 3926 can.
1411 3870 1446 3926 et
1460 3863 1563 3947 preb,
1579 3862 1629 3927 sic

267 3971 303 4026 ut
319 3963 524 4048 premittitur
539 3984 623 4042 vac,
640 3962 750 4027 eidem
769 3962 906 4048 Hugoni
930 3963 1107 4050 providere
1123 3963 1305 4048 dignemini
1321 3987 1330 4043 ;
1346 3984 1416 4029 non
1433 3967 1520 4030 obst.
1536 3967 1629 4048 quod

267 4066 355 4131 idem
372 4065 475 4151 Hugo
490 4067 601 4150 aliqua
616 4066 781 4132 beneficia
807 4069 959 4133 obtineat
984 4068 1019 4132 in
1042 4076 1153 4132 vestra
1178 4067 1377 4132 cancellaria
1401 4067 1626 4148 declaranda;

264 4190 342 4235 cum
359 4171 479 4236 ceteris
494 4191 562 4235 non
580 4173 666 4236 obst.
681 4211 724 4220 -
741 4169 819 4236 Fiat
836 4171 876 4236 R.

310 4273 388 4339 Dat.
412 4295 466 4359 ap.
491 4273 775 4359 Villamnovama
799 4275 866 4340 kal.
886 4276 971 4360 junii
999 4283 1032 4340 a⁰
1059 4284 1121 4341 10⁰.
1149 4275 1220 4358 (21,
1237 4275 1300 4360 ις’).

318 4411 460 4498 2163.
1318 4444 1414 4509 1351,
1437 4446 1481 4512 29
1503 4427 1582 4492 mai.

309 4529 410 4616 Supp.
428 4529 595 4596 Robertus
610 4529 652 4596 de
669 4527 826 4596 Lorriaco
842 4545 864 4612 ⁵,
880 4531 988 4612 miles,
1005 4530 1092 4615 regis
1109 4528 1251 4595 Francie
1274 4530 1517 4610 cambellanus,
1533 4538 1628 4614 quat.

267 4633 372 4719 [mag.
391 4633 540 4699 Roberto
555 4634 741 4700 Clementis
756 4636 777 4717 ⁶,
794 4635 899 4722 mag.]
926 4636 960 4700 in
981 4643 1054 4716 art,
1071 4634 1232 4720 Bajocen.
1257 4634 1344 4701 dioc.
1371 4634 1566 4720 presbitero,
1582 4633 1627 4700 de

299 4842 321 4888 l.
334 4839 417 4898 Brona,
431 4838 512 4898 Bata,
531 4854 555 4888 11.
569 4841 639 4888 1400.
651 4869 682 4876 -
694 4843 718 4890 2,
729 4841 877 4890 Guillaume
893 4839 926 4890 de
943 4842 1021 4890 Auta
1032 4867 1065 4879 -
1083 4841 1106 4888 3.
1117 4839 1181 4887 Voir
1196 4851 1221 4889 n.
1233 4841 1289 4898 576,
1309 4840 1363 4899 776,
1376 4840 1431 4888 822.
1443 4865 1474 4876 -
1491 4839 1514 4888 l.
1526 4837 1588 4886 Voir
1599 4851 1627 4888 n.

269 4915 336 4970 1983,
350 4915 420 4963 2006.
432 4941 464 4950 -
476 4917 498 4962 5.
510 4914 572 4962 ‘Voir
583 4928 608 4962 n.
621 4915 675 4962 791.
685 4943 717 4953 -
729 4918 751 4965 ll.
769 4916 830 4963 Volr
841 4930 867 4964 n.
880 4917 951 4964 1607.
