3650 5675
301 482 363 548 296
836 478 925 553 1347,
950 477 991 544 26
1009 477 1136 560 janvier.

302 637 394 720 preb.
410 655 511 719 quam
527 629 690 699 Colardus
705 632 748 698 de
764 630 870 717 Ligne
886 629 1062 696 obtinebat
1077 629 1110 694 in
1127 631 1209 697 eccl.
1226 629 1452 713 Cameracen.,
1462 653 1537 700 vac.
1549 655 1611 721 pro
1623 631 1665 703 eo

302 739 393 824 quod
407 738 497 805 idem
513 737 675 806 Colardus
691 738 725 803 in
741 737 891 803 exercitu
905 735 1029 801 bellico
1044 735 1132 801 inter
1147 735 1248 822 episc.
1270 734 1433 801 Leodien.
1445 745 1481 802 et
1492 738 1562 824 ejus
1573 740 1665 807 cives

302 845 440 907 suborto
464 841 637 907 accinctus
653 841 715 906 suit
730 840 864 925 cingulo
887 836 1034 919 militari,
1059 838 1093 903 in
1119 859 1186 923 quo
1210 837 1347 923 quidem
1377 841 1525 906 exercitu
1552 844 1664 909 extitit

302 965 424 1031 magna
447 954 585 1030 strages,
610 954 646 1010 et
670 945 705 1010 in
732 965 800 1029 quo
823 942 939 1025 etiam,
960 963 1010 1008 ac·
1023 941 1058 1007 in
1080 963 1196 1028 guerra
1210 943 1291 1008 dicti
1308 942 1398 1010 dom.
1414 945 1509 1029 regis,
1525 947 1612 1014 sevis
1627 969 1663 1014 se

300 1049 432 1115 notorie
456 1049 648 1114 immiscens
671 1057 707 1114 et
728 1047 895 1134 stipendia
920 1046 1076 1112 militaria
1099 1046 1263 1132 recipiens
1287 1047 1321 1111 in
1344 1047 1461 1112 habitu
1477 1050 1611 1116 militari
1628 1061 1663 1117 et

300 1153 450 1218 vestibus
464 1151 621 1218 radicatis
636 1173 672 1218 se
687 1152 799 1238 gessit,
810 1160 845 1217 et
853 1171 915 1238 per
925 1159 1175 1236 procuratorem
1190 1149 1272 1216 dicti
1288 1171 1361 1237 cap.
1378 1161 1413 1217 et
1428 1153 1598 1220 familiaris
1612 1158 1661 1222 sui

300 1258 464 1344 Amulphi
480 1240 523 1324 de
540 1256 775 1344 Magnoponte
791 1268 800 1294 ¹
817 1256 851 1321 in
867 1276 941 1322 can.
958 1257 1017 1322 sub
1034 1275 1109 1340 exp.
1121 1257 1214 1342 preb.
1229 1255 1320 1321 dicte
1332 1258 1424 1338 eccl,
1435 1266 1524 1324 auct.
1537 1259 1662 1325 littera-

299 1382 373 1426 rum
388 1370 584 1442 vestrarum,
600 1369 637 1426 et
651 1362 694 1427 ad
709 1360 859 1448 ejusdem
873 1359 968 1426 ducis
983 1359 1263 1445 supplicationem
1278 1361 1415 1444 recepti,
1437 1370 1662 1448 acceptatam,

299 1465 491 1551 provisione
514 1466 557 1531 de
582 1466 655 1551 ipsa
676 1466 766 1532 facta
789 1485 849 1551 per
872 1472 1089 1530 executorem
1111 1471 1236 1544 secuta,
1252 1462 1332 1529 licet
1346 1473 1484 1550 propter
1499 1464 1575 1547 hoc,
1590 1476 1662 1534 tam

298 1576 452 1655 exparte
468 1569 607 1655 capituli
622 1570 712 1636 dicte
728 1571 810 1636 eccl.
827 1589 928 1654 quam
943 1567 1024 1634 dicti
1041 1566 1184 1649 Colardi,
1195 1567 1318 1634 fuerint
1329 1570 1475 1653 quedam
1497 1573 1662 1658 supplica-

296 1672 407 1738 tiones
429 1673 647 1760 interposite;
669 1674 712 1740 de
728 1673 847 1759 quibus
862 1671 1060 1738 militaribus
1075 1672 1204 1738 actibus
1219 1671 1368 1757 ejusdem
1385 1672 1521 1740 Colardi
1536 1677 1662 1762 poterit

297 1774 337 1842 V.
354 1776 387 1843 S.
403 1777 584 1843 clementia
606 1799 666 1864 per
687 1784 846 1865 potentes
861 1785 896 1842 et
910 1775 1041 1842 nobiles
1056 1775 1146 1841 viros
1157 1776 1247 1843 dom.
1265 1775 1429 1843 Karolum
1451 1777 1493 1842 de
1513 1777 1660 1864 Yspania

297 1888 332 1945 et
346 1879 366 1959 J
369 1881 540 1947 ohannem
555 1882 598 1947 de
613 1880 830 1948 Claromonte
845 1881 880 1946 in
896 1879 938 1947 E.
954 1880 985 1946 S.
1001 1879 1170 1966 presentia
1185 1880 1397 1961 constitutos,
1412 1882 1544 1967 plenius
1560 1883 1660 1949 insor-

296 1985 378 2050 mari
394 2006 403 2064 ;
429 1986 608 2051 decernere
633 1994 669 2052 et
692 1985 861 2052 declarare
876 1983 1059 2070 dignemini
1075 1983 1185 2050 eidem
1200 1985 1377 2071 Amulpho
1392 1985 1434 2050 de
1448 1984 1520 2070 jure
1536 1986 1658 2068 deberi,

296 2089 351 2153 vel
381 2089 481 2154 certis
510 2090 744 2156 executoribus
774 2088 945 2168 mandare,
976 2087 1067 2173 quod
1097 2087 1123 2152 si
1154 2087 1315 2174 premissa
1337 2089 1379 2154 de
1404 2088 1497 2155 dicto
1513 2089 1659 2157 Colardo

295 2200 430 2257 narrata
446 2192 514 2258 sint
527 2213 618 2274 vera,
633 2193 688 2258 vel
704 2193 815 2277 aliqua
832 2213 897 2278 que
913 2191 1081 2257 sufficiant
1091 2213 1132 2256 ex
1148 2190 1284 2273 eisdem,
1301 2192 1468 2278 prefatum
1481 2193 1659 2260 Colardum

295 2296 429 2381 privent
444 2303 480 2362 et
494 2295 664 2383 privatum
678 2296 883 2362 denuncient
898 2297 992 2382 preb.
1001 2294 1154 2382 predicta
1163 2296 1353 2378 summarie,
1363 2297 1558 2384 simpliciter
1570 2307 1604 2363 et
1616 2298 1658 2364 de

295 2401 408 2485 plano,
425 2400 600 2486 ipsamque
614 2403 707 2487 preb.
717 2399 810 2466 dicto
821 2399 1000 2485 Amulpho
1011 2406 1099 2465 auct.
1113 2407 1222 2487 apost.
1238 2400 1412 2466 conserant
1428 2409 1463 2466 et
1479 2402 1657 2488 assignent,

296 2503 508 2590 eundemque
522 2504 735 2590 Amulphum
750 2505 805 2569 vel
820 2511 1073 2590 procuratorem
1089 2524 1195 2585 suum,
1208 2503 1251 2570 de
1265 2503 1456 2590 hujusmodi
1468 2507 1560 2591 preb.
1581 2526 1657 2571 cum

294 2608 361 2672 suis
372 2607 499 2694 juribus
517 2609 679 2675 universis
702 2617 737 2674 et
759 2607 970 2695 pertinentiis
985 2605 1129 2692 gaudere
1144 2607 1282 2690 saciant,
1298 2616 1333 2674 et
1348 2607 1534 2674 decernant
1549 2610 1657 2696 ipsum

295 2711 478 2779 Colardum
494 2735 552 2779 seu
567 2713 720 2798 quemvis
742 2712 955 2779 detentorem
979 2712 1082 2778 alium
1102 2711 1329 2777 amovendum
1343 2735 1351 2794 3
1379 2733 1448 2778 non
1465 2716 1551 2779 obst.
1567 2713 1658 2799 quod

294 2816 385 2883 idem
399 2818 592 2905 Amulphus
608 2840 682 2885 can.
697 2825 733 2884 et
747 2819 839 2904 preb.
856 2816 889 2883 in
905 2818 989 2884 eccl.
1006 2817 1037 2884 S.
1050 2815 1209 2905 Exuperii
1221 2815 1264 2883 de
1277 2815 1446 2901 Corbolio,
1459 2826 1494 2885 et
1505 2820 1656 2906 parroch.

294 2922 376 2987 eccl.
403 2921 436 2987 S.
464 2919 643 2987 Michaelis
668 2922 711 2987 de
740 2919 950 3001 Houtevilla,
977 2942 1017 2987 ac
1040 2941 1133 3008 perp.
1157 2921 1274 3007 capell.
1291 2922 1325 2987 in
1341 2923 1424 2988 eccl.
1439 2923 1592 3010 patrocli.
1615 2924 1656 2989 de

294 3027 404 3105 Artra,
417 3024 585 3106 Parisien,
598 3024 756 3111 Bajocen.
769 3033 804 3090 et
817 3025 1033 3091 Cameracen.
1045 3026 1144 3106 dioc,
1156 3026 1306 3091 noscitur
1321 3026 1474 3092 obtinere
1487 3050 1495 3107 ;
1512 3048 1656 3108 necnon,

294 3135 332 3193 ut
346 3128 518 3213 prefertur,
535 3129 569 3194 in
591 3129 664 3215 ipsa
687 3128 904 3195 Cameracen.
921 3129 1003 3195 eccl.
1019 3136 1174 3215 receptus
1190 3136 1241 3194 est
1257 3129 1290 3193 in
1307 3149 1380 3195 can.
1397 3132 1456 3195 sub
1473 3151 1549 3217 exp.
1565 3134 1656 3217 preb.
1689 3178 1691 3182 -

294 3270 337 3281 —
354 3230 572 3298 Providemus
587 3232 649 3299 sibi
664 3232 707 3299 de
722 3232 812 3298 dicta
826 3223 930 3320 preb,
943 3232 970 3298 si
986 3230 1139 3319 predicto
1151 3226 1210 3298 aut
1222 3232 1289 3298 alio
1302 3233 1420 3317 quovis
1431 3232 1535 3300 modo
1546 3242 1655 3313 vacat,

295 3333 426 3400 etiamsi
443 3336 540 3403 fuerit
555 3357 615 3422 per
629 3358 692 3403 nos
707 3346 767 3403 aut
781 3337 1034 3423 predecessores
1049 3344 1182 3403 nostros
1198 3345 1378 3404 reservata.
1399 3337 1439 3405 R.

339 3438 417 3505 Dat.
432 3440 533 3507 Avin.
550 3444 569 3508 8
586 3441 651 3508 kal.
667 3443 748 3509 febr.
764 3450 797 3508 a⁰
814 3450 856 3528 5⁰.
873 3443 945 3536 (10,
963 3443 1048 3529 33').

347 3599 481 3685 1139·
1304 3634 1400 3701 1347,
1417 3619 1458 3681 πό
1468 3616 1611 3699 sanarer.

220 3782 224 3791 ,
337 3716 439 3805 Supp.
455 3718 642 3805 capitulum
656 3721 739 3786 eccl.
755 3719 787 3786 S.
802 3717 986 3785 Audomari
998 3728 1034 3785 et
1044 3719 1243 3786 universitas
1262 3721 1340 3785 ville
1352 3721 1394 3786 de
1407 3720 1438 3787 S.
1450 3722 1654 3803 Andomaro,

295 3817 463 3889 Morinen.
478 3823 576 3905 dioc,
587 3832 677 3908 quat.
690 3822 817 3889 eisdem
832 3844 922 3910 spec.
937 3844 984 3909 gr.
1000 3824 1161 3889 facientes
1175 3823 1210 3887 in
1226 3843 1311 3909 pers.
1326 3824 1525 3890 venerabilis
1540 3832 1575 3890 et
1590 3824 1654 3889 dis·

293 3926 375 3989 creti
387 3926 459 4008 viri,
469 3947 558 4011 mag.
567 3926 588 4005 J
591 3928 733 3993 ohannis
747 3928 790 3993 de
799 3926 1014 3994 Wannenua
1024 3938 1044 4008 ²,
1057 3926 1147 3995 doct.
1163 3927 1197 3991 in
1213 3927 1328 4009 theol,
1341 3926 1397 3993 off.
1414 3927 1604 3994 scolasterie
1619 3928 1653 3991 in

292 4026 444 4111 predicta
465 4032 558 4111 eccl,
582 4039 781 4098 consuetum
796 4028 840 4097 ad
855 4032 1140 4117 presentationem
1156 4032 1316 4118 prepositi
1333 4032 1481 4117 ejusdem
1497 4032 1577 4097 eccl.
1593 4052 1654 4116 per

291 4151 366 4217 cap.
382 4134 619 4219 supradictum,
635 4136 836 4221 quandoque
855 4137 1032 4218 bacalario,
1049 4137 1249 4222 quandoque
1265 4137 1420 4217 cursario,
1445 4143 1481 4201 et
1504 4134 1653 4220 quando·

291 4255 356 4318 que
380 4238 541 4322 magistro
565 4239 599 4303 in
623 4240 795 4325 theologia
820 4240 958 4326 singulis
982 4242 1079 4307 annis
1104 4240 1270 4307 committi
1292 4262 1352 4306 seu
1372 4240 1523 4321 conferri,
1543 4238 1652 4305 eidem

290 4359 377 4424 mag.
403 4339 561 4426 Johanni,
586 4344 642 4428 qui
670 4344 799 4409 dictum
826 4344 893 4421 off.
908 4365 970 4431 per
993 4344 1173 4422 triennium
1203 4344 1400 4431 preteritum
1440 4342 1653 4410 laudabiliter

290 4445 448 4526 exercuit,
479 4465 607 4511 sacram
637 4446 840 4533 Scripturam
870 4446 1015 4533 legendo
1045 4448 1174 4515 scilicet
1204 4456 1239 4513 et
1268 4449 1395 4534 populo
1418 4451 1557 4513 verbum
1587 4446 1650 4513 Dei

289 4549 501 4635 exponend0,
532 4558 568 4615 et
596 4549 722 4616 fructus
751 4550 911 4637 plurimos
942 4559 977 4617 et
1007 4554 1124 4617 uberes
1150 4553 1222 4637 jam
1246 4552 1360 4617 attulit
1383 4550 1476 4618 dicto
1498 4552 1586 4633 loco,
1617 4559 1652 4615 et

289 4652 456 4717 uberiores
471 4660 622 4739 speratur
636 4653 782 4741 proferre
798 4654 832 4719 in
847 4655 1006 4738 futurum,
1019 4656 1045 4721 si
1056 4656 1090 4720 in
1101 4656 1195 4723 dicto
1206 4655 1263 4722 off.
1275 4661 1476 4741 perseveret,
1493 4652 1650 4739 quamdiu

319 4920 341 4968 1.
353 4918 417 4967 Voir
427 4932 454 4968 u.
464 4919 504 4971 24.
515 4944 549 4956 -
560 4920 583 4970 2.
595 4920 657 4968 Voir
668 4934 695 4971 n.
707 4923 745 4981 ol,
757 4922 814 4971 23³.
