3650 5675
267 522 328 586 802
741 519 830 594 1347,
852 516 1054 583 1816111112
1076 537 1164 584 mars.

321 667 456 752 1155.
1213 713 1214 716 ¹
1285 698 1378 764 1347,
1395 681 1586 767 adfevrrbr.

312 790 414 874 Supp.
435 784 662 869 G(uillelmus)
682 783 825 865 Balbeti,
848 784 1136 851 Claromontensis
1153 800 1173 867 ¹,
1186 794 1276 870 quat.
1296 785 1463 872 [servitori
1477 806 1537 851 suo
1550 805 1630 852 con·

267 894 374 973 11111,
389 890 536 969 Johanni
554 888 694 975 Majoris
709 899 729 970 ²,
746 889 840 976 1111]
859 891 1058 956 Ambianen.
1080 891 1177 971 dioc,
1198 891 1241 956 de
1262 911 1334 956 can.
1357 899 1392 955 et
1413 892 1505 976 preb.
1525 889 1556 955 S.
1579 888 1629 957 M.

269 997 468 1083 Trajecteu,
491 1015 564 1059 vac.
587 1013 647 1079 per
667 996 721 1059 ob.
737 992 902 1071 Johannis
926 992 1114 1076 Michaelis,
1128 995 1183 1079 qui
1210 1003 1306 1060 extra
1327 993 1425 1059 Rom.
1450 1015 1516 1060 cur.
1540 993 1630 1059 diem

269 1101 389 1168 clausit
400 1108 589 1165 extremum
600 1097 669 1163 kal.
682 1098 828 1163 octobris
838 1108 859 1179 ³,
870 1096 1053 1183 dignemini
1062 1098 1238 1184 providere
1251 1121 1259 1179 ;
1277 1119 1346 1164 non
1356 1101 1442 1164 obst.
1454 1098 1545 1183 quod
1557 1119 1629 1165 can.

269 1213 306 1270 et
319 1206 411 1291 preb.
423 1203 455 1268 S.
468 1202 558 1267 Petri
572 1200 762 1283 Insuleusis,
774 1200 961 1268 Tomacen.
974 1201 1072 1284 dioc,
1084 1205 1144 1268 sub
1161 1223 1236 1289 exp.
1248 1202 1398 1268 noscitur
1413 1202 1576 1268 obtinere.
1588 1241 1632 1252 -

272 1308 350 1374 Fiat
367 1307 408 1374 R.

314 1413 395 1478 Dat.
410 1411 511 1476 Avin.
529 1431 546 1476 2
563 1409 629 1476 kal.
645 1416 742 1475 mart.
759 1416 793 1474 a⁰
809 1416 851 1494 5⁰.
869 1409 942 1495 (10,
957 1411 1039 1495 92').

324 1547 459 1630 1156.
1335 1579 1430 1646 1317,
1447 1583 1466 1626 2
1484 1583 1586 1627 mare.

315 1666 416 1751 Supp.
434 1661 659 1750 N[icolinus],
671 1661 817 1748 archiep.
831 1661 1021 1743 Ravennas,
1033 1670 1125 1747 quat.
1138 1662 1199 1728 sibi
1212 1663 1245 1728 in
1258 1683 1343 1750 pers.
1356 1685 1428 1749 cap.
1441 1664 1501 1745 sui,
1511 1665 1630 1749 presb,

272 1769 429 1855 Philippi,
453 1767 540 1833 dioc.
565 1767 725 1833 Leodien.
740 1777 761 1847 ⁴,
777 1787 866 1852 spec.
885 1787 932 1850 gr.
955 1766 1123 1847 facientes
1151 1766 1261 1832 eidem
1288 1767 1444 1854 Philippo
1466 1767 1509 1833 de
1535 1766 1631 1833 altari

272 1875 304 1940 S.
330 1872 502 1939 Gertrudis
526 1872 560 1935 in
585 1872 667 1936 eccl.
683 1870 722 1936 B.
740 1869 848 1936 Marie
863 1869 1066 1955 Tongrensis
1087 1871 1283 1952 constitut0,
1298 1892 1372 1937 vac.
1388 1871 1431 1937 ad
1445 1892 1582 1957 presens
1597 1871 1631 1935 in

274 1978 372 2043 Rom.
398 1997 464 2042 cur.
489 1995 549 2061 per
573 1977 626 2040 ob.
652 1974 824 2058 quondam
844 1973 964 2052 Jacobi
987 1975 1030 2040 de
1055 1973 1192 2040 Codolis
1215 1975 1258 2042 de
1281 1974 1431 2061 Tongris,
1448 1962 1525 2041 cler.
1541 1975 1631 2040 dicte

272 2081 370 2162 dioc,
385 2079 487 2145 famil.
503 2079 584 2144 dicti
601 2078 853 2164 archicpiscopi,
870 2079 926 2163 qui
944 2079 977 2143 in
994 2079 1086 2146 diota
1103 2099 1170 2145 cur.
1182 2079 1273 2144 diem
1283 2079 1403 2145 clausit
1415 2087 1602 2144 extremum
1610 2084 1631 2160 ⁵,

272 2183 453 2271 dignemini
481 2182 681 2269 providere;
708 2203 777 2248 non
808 2184 893 2249 obst.
926 2183 1016 2268 quod
1046 2182 1136 2248 idem
1167 2183 1341 2270 Philippus
1369 2184 1452 2249 eccl.
1483 2191 1632 2249 curatam

274 2290 305 2356 S.
322 2287 490 2354 Vincentii
505 2286 548 2352 de
563 2286 694 2367 Bando,
718 2286 953 2353 Ravennaten.
969 2287 1067 2369 dioc,
1084 2308 1125 2353 ae
1140 2294 1228 2352 auct.
1245 2287 1276 2351 S.
1293 2285 1333 2352 V.
1350 2306 1424 2352 can.
1441 2294 1476 2351 et
1491 2288 1581 2373 preb.
1598 2286 1632 2350 in

273 2395 356 2458 eccl.
384 2391 591 2477 Pergamen,
614 2411 713 2476 super
728 2412 794 2476 qua
809 2391 843 2455 in
859 2391 1009 2476 partibus
1023 2392 1143 2476 litigat,
1160 2411 1294 2456 necnon
1309 2390 1429 2456 eadem
1444 2399 1534 2456 auct.
1550 2391 1631 2455 eccl.

273 2499 396 2562 benc.
413 2516 442 2561 1.
458 2495 513 2560 vel
528 2516 553 2560 s.
570 2515 599 2560 c.
616 2503 773 2580 spectans
788 2495 832 2561 ad
847 2495 923 2561 coll.
940 2495 1051 2580 episc,
1068 2515 1171 2581 prep,
1187 2495 1260 2561 dec.
1273 2503 1308 2560 et
1320 2515 1392 2580 cap.
1416 2494 1633 2580 singulorum·
1720 2525 1727 2538 -

275 2620 339 2684 que
365 2619 438 2664 can.
460 2599 542 2665 eccl.
559 2597 730 2680 Leodien,
747 2619 851 2682 usque
866 2598 912 2664 ad
926 2618 1093 2664 summam
1111 2603 1151 2664 60
1166 2598 1223 2664 lib.
1239 2597 1364 2663 Turon.
1380 2618 1472 2684 parv.
1487 2597 1635 2664 noscitur

276 2704 427 2769 obtinere
443 2710 478 2767 11
494 2711 683 2788 expectare.
696 2743 739 2751 -
752 2702 830 2767 Fiat
846 2702 887 2768 R.

319 2809 398 2876 Dat.
421 2807 522 2873 Avin.
548 2811 565 2872 6
582 2816 772 2875 11111111.
789 2814 822 2874 a⁰
833 2814 881 2893 5⁰.
897 2809 969 2892 (10,
984 2809 1067 2893 95‘).

329 2945 623 3030 1157-1160.
1344 2974 1471 3043 13111
1489 2978 1591 3022 mors,

320 3066 422 3150 Supp.
445 3064 483 3129 fr.
505 3062 525 3142 J
528 3063 680 3129 ohannes
695 3062 737 3128 de
754 3060 875 3142 Insula,
894 3062 1080 3127 monachus
1094 3061 1288 3127 monasterii
1305 3060 1336 3127 S.
1354 3061 1501 3148 Sepulcri
1517 3060 1635 3126 Came-

277 3169 433 3249 racensis,
445 3167 487 3232 0.
501 3168 531 3233 S.
545 3166 594 3248 Β,
606 3167 641 3231 11
653 3165 857 3231 monasterio
872 3165 947 3252 ipso
959 3173 1047 3231 auct.
1058 3163 1098 3231 V.
1111 3166 1142 3231 S.
1155 3173 1318 3252 receptus
1332 3186 1409 3231 cum
1421 3186 1488 3250 quo
1499 3164 1634 3244 dudum,

278 3281 315 3338 ut
339 3292 408 3336 non
433 3274 519 3337 obst.
540 3271 630 3355 quod
645 3270 716 3356 ipse
732 3269 855 3335 ordinis
870 3270 1009 3335 fratrum
1027 3268 1197 3335 Minorum
1213 3269 1377 3355 professor
1392 3269 1508 3350 fuerat,
1523 3269 1636 3334 locum

278 3383 314 3441 et
337 3396 458 3442 vocem
482 3375 516 3440 in
537 3376 685 3461 capitulo
705 3376 828 3440 habere
843 3384 967 3461 posset,
985 3384 1073 3441 auct.
1089 3374 1241 3461 predicta
1256 3374 1367 3440 extitit
1383 3374 1610 3460 dispensatum
1626 3394 1635 3452 ;

278 3489 369 3564 quat.
385 3480 414 3544 ei
431 3500 520 3565 spec.
536 3499 583 3564 gr.
600 3479 771 3560 facientes,
787 3500 902 3545 secum
913 3488 952 3545 ut
963 3478 1140 3565 premissis,
1156 3499 1288 3544 necnon
1305 3478 1358 3543 fel.
1375 3499 1441 3544 rec.
1455 3476 1639 3542 Clementis

277 3582 308 3647 V
323 3593 358 3648 et
374 3582 549 3649 Benedicti
564 3581 678 3665 XII...,
691 3604 730 3649 11
754 3584 827 3648 aliis
843 3583 1107 3667 quibuscumque
1123 3582 1417 3649 constitutionibus
1432 3579 1636 3668 apostolicis,

277 3709 318 3754 ac
333 3688 469 3754 statutis
481 3695 516 3753 11
527 3688 824 3754 consuetudinibus
836 3688 1032 3753 monasterii
1043 3696 1078 3752 et
1088 3687 1212 3753 ordinis
1223 3686 1450 3773 predictorum
1465 3682 1639 3751 contrariis

277 3814 492 3878 nequaquam
507 3795 604 3873 obst,
621 3813 820 3877 quecunque
834 3794 910 3858 ben.
928 3793 1021 3873 1111,
1037 3792 1167 3857 etiamsi
1184 3790 1284 3877 dign,
1300 3809 1386 3876 pers.
1398 3797 1434 3854 et
1449 3789 1505 3855 off.
1518 3787 1640 3853 fuerint

278 3906 313 3963 11
344 3918 473 3963 curam·
488 3896 638 3963 habeant
668 3899 863 3977 animamm,
894 3896 1057 3977 obtinere,
1085 3916 1126 3963 ac
1149 3895 1192 3961 ad
1219 3914 1432 3980 quascunque
1456 3891 1639 3958 abbatiales

278 4001 472 4086 prelaturas,
489 4002 670 4086 dignitates
684 4002 765 4067 dicti
782 4001 824 4067 Ο.
842 4002 873 4067 S.
886 3999 925 4067 B.
938 4001 1015 4086 eligi
1031 4010 1065 4066 et
1080 4000 1203 4067 assumi
1214 4000 1306 4066 licite
1315 4001 1439 4080 valeat,
1455 3994 1637 4083 dignemini

278 4105 483 4191 dispensare.
500 4146 543 4154 —
558 4105 636 4170 Fiat
652 4106 693 4171 R.

325 4250 422 4311 1158.
448 4243 549 4329 Supp.
573 4242 747 4329 Philippus
762 4243 804 4309 de
819 4243 963 4309 Arbosio
978 4242 999 4325 ⁶,
1015 4242 1087 4309 dec.
1104 4243 1186 4308 eccl.
1203 4242 1234 4308 S.
1251 4240 1435 4307 Donatiani
1451 4234 1638 4321 Brugensis,

278 4346 464 4413 Tomacen.
492 4347 590 4429 dioc,
614 4356 707 4431 quat.
723 4348 784 4412 sibi
800 4348 995 4432 dispensare
1015 4346 1209 4432 dignemini,
1226 4355 1263 4411 ut
1279 4346 1350 4431 ipse
1364 4363 1432 4409 una
1451 4363 1528 4408 1111
1547 4339 1640 4406 dicto

278 4449 454 4531 decanatu,
471 4451 525 4516 cui
549 4471 628 4515 1111
649 4451 803 4516 imminet
826 4450 1022 4531 animarum,
1038 4450 1144 4536 possit
1160 4449 1259 4515 aliam
1274 4450 1374 4533 dign,
1390 4466 1487 4532 pers,
1504 4444 1570 4526 off,
1586 4443 1640 4509 vel

280 4554 605 4620 administrationem
623 4576 682 4619 seu
702 4555 853 4640 parroch.
870 4555 963 4635 eccl,
980 4554 1111 4619 etiamsi
1128 4554 1160 4618 in
1177 4552 1326 4619 cathedr.
1342 4552 1397 4617 vel
1413 4551 1530 4634 colleg.
1558 4548 1644 4613 exis·

279 4664 340 4739 tat,
357 4667 392 4723 et
408 4658 434 4722 si
451 4658 497 4721 illi
515 4678 594 4723 cura
618 4658 771 4723 imminet
794 4657 991 4739 animarum,
1008 4658 1111 4723 libere
1125 4658 1274 4741 recipere
1290 4664 1324 4721 et
1339 4654 1431 4720 licite
1446 4654 1599 4732 retinere,
1615 4650 1642 4715 si

316 4900 337 4947 1.
354 4898 417 5018 hon
428 4914 452 4949 n.
466 4901 505 4948 30.
521 4927 554 4935 -
570 4903 594 4950 2.
605 4900 668 4949 Voir
679 4915 704 4950 n.
717 4901 756 4950 78.
772 4928 804 4935 -
822 4901 844 4948 3.
857 4900 920 4947 Voir
932 4914 957 4949 1,
970 4900 1024 4960 141,
1038 4900 1109 4948 1110.
1126 4926 1159 4934 -
1176 4899 1199 4948 t.
1212 4898 1273 4946 Voir
1285 4912 1310 4947 n.
1322 4896 1377 4945 928.
1394 4922 1426 4931 —-
1443 4898 1466 4943 5.
1479 4894 1540 4942 Voir
1551 4907 1576 4941 n.
1588 4892 1644 4940 613.

283 4998 316 5007 -
328 4974 350 5019 0.
386 4974 529 5022 oirn.185.
